1888 3032
717 140 899 173 smum
935 140 1009 172 11¹.
1541 130 1595 173 81

134 232 354 284 Porticus,
377 235 587 276 insomnis
604 237 763 290 quibus
785 241 829 278 et
849 237 1034 278 detonsa
1046 235 1258 290 juventus

133 300 353 354 Invigilat,
375 303 547 356 siliquis
569 307 610 344 et
629 304 781 357 grandi
800 307 931 357 pasta
949 304 1126 357 polenta
1143 317 1153 345 z

1542 305 1569 345 Ur

1573 306 1598 345 C!

134 367 189 408 Et
209 369 303 419 tibi,
325 384 422 423 quae
446 371 622 412 Samios
644 372 818 412 diduxit
835 372 960 412 litera
979 384 1141 421 ramos,

133 434 390 488 Surgentem
409 439 564 479 dextro
582 440 840 480 monstravit
860 439 994 479 limite
1015 439 1187 479 callem.

133 501 287 543 Stertis
308 505 448 545 adhuc
466 506 483 545 Ἰ
514 506 754 559 laxumque
776 510 912 558 caput
929 518 1142 558 compage
1160 506 1301 547 soluta

132 568 306 612 Oscitat
323 572 580 622 hesternum,
600 572 782 613 dissutis
802 572 993 626 undique
1014 573 1176 613 malis?

130 697 255 726 student
265 697 394 735 juvenes
407 698 532 738 vigiles,
545 699 625 729 rasis
639 698 771 739 capillis,
784 701 935 729 vescentes
950 697 1164 737 leguminibus,
1181 701 1212 729 et
1235 699 1322 738 pulte
1336 708 1449 730 crassa.
1496 699 1540 730 Et
1557 700 1595 730 li-

127 740 196 768 tera
218 748 284 778 quoe
298 741 412 771 dividit
427 751 528 773 ramos
543 741 674 780 Samios,
691 742 824 772 ostendit
837 740 895 771 tibi
910 741 992 771 viam
1005 742 1135 771 arduam
1151 742 1262 772 dextro
1277 743 1364 772 calle.
1413 741 1596 773 Etiamnum

128 780 242 812 dormis
252 779 268 812 ί)
291 783 336 813 Et
351 787 443 825 caput
455 785 588 815 solutum
595 784 756 823 juncturis
770 784 887 815 laxatis
900 783 1056 814 oscitando
1069 784 1205 814 exhalat
1219 784 1393 815 hesternam
1408 785 1596 825 crapulam,

745 877 859 890 eeeeee

864 876 980 888 αααααα

128 940 219 972 duxit
230 952 240 971 .·
276 952 383 984 neque
399 944 488 976 enim
502 945 627 977 Latina
640 945 749 977 oratio
772 949 824 976 est
844 946 992 976 deducere
1006 955 1121 985 ramos,
1136 954 1199 985 pro
1215 944 1378 984 dividere,
1393 948 1429 975 et
1452 944 1485 974 in
1510 943 1593 974 duas

788 1049 932 1082 NOTAE

125 1128 256 1170 depicti
284 1133 382 1160 erant
409 1130 525 1162 Persae
556 1137 592 1163 et
620 1132 716 1163 Medi
751 1141 828 1162 cum

127 1178 242 1210 Xerxe
267 1184 302 1211 et
325 1181 435 1212 Dario
460 1182 608 1222 Regibus
633 1182 786 1223 superati
809 1192 829 1213 a

125 1230 297 1269 Miltiade,
326 1232 491 1271 Leonida,
523 1233 764 1270 Themistocle,
794 1233 829 1263 in

125 1281 261 1322 Campis
286 1283 524 1323 Marathoniis,
550 1284 632 1315 item
655 1284 698 1314 ad
721 1285 829 1315 Ther-

123 1333 286 1373 mopylas,
311 1338 347 1365 et
369 1334 412 1365 ad
437 1335 579 1365 Fretum
602 1333 828 1365 Salaminium.

123 1379 210 1413 Vide
233 1383 420 1424 Laiirtium,
444 1386 535 1417 Plin.
551 1393 665 1416 xxxv.
681 1387 712 1415 9.
746 1384 829 1415 Dio·

125 1431 199 1463 dor.
228 1442 279 1464 vr.
307 1438 339 1465 9.
375 1435 545 1466 Herodot.
583 1435 760 1466 Plutarch.
794 1438 830 1466 et

124 1482 220 1514 alios.

166 1532 286 1572 Medis]
333 1535 453 1575 Populi
471 1534 563 1566 Asiae
589 1533 729 1566 fuerunt
745 1535 828 1566 mari

123 1584 245 1624 Caspio
262 1583 379 1616 affines
395 1595 511 1616 versus
531 1586 805 1626 Septentrionem
820 1597 829 1625 ς

124 1634 228 1665 totius
251 1635 416 1674 quondam
434 1635 524 1667 Asiae
540 1636 690 1676 Imperio
715 1636 831 1676 potiti.

123 1683 223 1715 Nunc
241 1694 279 1714 ea
295 1686 388 1725 regio
407 1686 537 1725 Persiaz
553 1696 630 1726 pars
645 1690 708 1718 est.

165 1738 206 1766 54
230 1736 536 1776 Detonsajurentus]
571 1735 708 1776 Quippe
723 1736 829 1767 Stoici

122 1795 251 1817 comam
268 1797 334 1817 non
349 1787 498 1819 alebant.
545 1788 646 1820 Quod
666 1796 828 1827 expresse

121 1840 219 1867 notat
247 1837 406 1869 Juvenal.
438 1838 510 1869 Sat.
540 1847 582 1868 11.
616 1838 673 1868 ubi
699 1837 825 1868 habet:

122 1886 132 1902 ‘
151 1886 259 1917 Rarus
282 1896 393 1917 sermo
420 1887 498 1925 illis,
522 1892 557 1917 et
583 1896 706 1925 magna
720 1887 828 1918 libido

122 1936 270 1973 tacendi,
286 1936 403 1978 Atque
421 1937 604 1977 supercilio
621 1936 759 1967 brevior
774 1946 828 1967 co-

121 1986 199 2018 ma!
256 1989 370 2020 Quare
405 1988 655 2019 hallucinantur
690 1987 746 2028 qni
783 1988 828 2018 le-

122 2041 219 2077 gunt,
242 2038 296 2068 vel
323 2038 456 2077 intonsa,
493 2038 546 2068 vel
578 2038 759 2074 indetonsu;
792 2043 828 2069 et

121 2087 234 2117 notari
260 2089 377 2118 volunt
401 2089 564 2119 incuriam
592 2094 628 2119 et
655 2088 828 2128 negligen-

122 2136 204 2167 tiam
220 2137 353 2168 habitus
367 2139 503 2168 externi
525 2139 558 2168 in
575 2138 748 2178 studiosis,
764 2139 826 2170 cri-

121 2195 182 2217 nes
199 2191 384 2226 propterea
407 2196 472 2217 nou
490 2187 710 2218 tondentibus
726 2198 733 2218 :
770 2198 826 2218 ne-

123 2245 189 2276 que
207 2241 308 2266 nocet
322 2236 411 2276 quod
427 2237 579 2275 legemus
593 2247 669 2268 mox
689 2239 759 2268 Sat.
776 2247 826 2268 lV.

121 2286 167 2318 de
194 2286 334 2316 barbato
359 2287 530 2327 magistro.
586 2289 672 2318 Nam
700 2288 743 2318 de
767 2289 826 2318 So-

122 2343 218 2369 crate
237 2338 283 2369 ibi
297 2349 406 2370 sermo
421 2344 496 2377 est;
530 2339 585 2369 hic
613 2339 654 2369 de
680 2339 825 2369 Stoicis:

123 2388 206 2420 alios
219 2394 331 2420 autem
349 2389 422 2419 aliis
439 2390 525 2420 ritus
542 2394 577 2420 et
596 2399 709 2420 mores
726 2388 826 2420 fuisse

123 2444 269 2470 constat.

166 2492 206 2519 55
230 2488 360 2529 Siliquis
385 2492 416 2520 et
436 2489 550 2528 grandi
573 2493 664 2529 pasta
689 2489 826 2529 polenta]

122 2539 239 2570 Vietui
264 2540 397 2571 modico
425 2546 460 2570 et
492 2539 738 2580 philosophico,
766 2549 826 2570 seu

123 2587 226 2620 facile
249 2590 392 2630 parabili
419 2595 567 2620 assueta.
614 2589 734 2629 Siliqua
751 2598 826 2629 pro-

123 2639 198 2680 prie
214 2645 266 2670 est
281 2641 476 2679 operculum
502 2651 561 2671 seu
585 2639 755 2671 folliculus
780 2639 827 2669 le·

125 2688 280 2730 guminis.
324 2691 424 2722 Quod
442 2691 538 2722 addit
551 2691 702 2731 Persius,
712 2689 828 2729 grandi

212 2741 330 2781 Delph.
345 2744 376 2772 et
396 2742 472 2773 Var.
491 2743 589 2773 Closs.

880 1132 1016 1172 polenta,
1039 1132 1146 1163 virum
1169 1137 1266 1163 notat
1289 1130 1479 1166 robustum,
1496 1129 1593 1161 forti-

886 1192 949 1222 que
965 1183 1138 1213 stomacho
1158 1183 1342 1220 valentem,
1367 1181 1424 1222 qui
1448 1181 1593 1211 multum

886 1232 979 1272 panis
996 1232 1138 1263 devoret
1155 1230 1377 1268 solummodo,
1405 1230 1513 1260 nullas
1538 1240 1594 1261 au-

885 1286 954 1312 tem
971 1292 1112 1313 carnes:
1150 1282 1269 1322 quibus
1295 1281 1399 1311 etiam
1428 1280 1518 1310 vesci
1535 1290 1594 1312 ne-

884 1332 936 1364 fas
950 1342 1024 1365 esse
1041 1333 1228 1364 credebant
1246 1331 1482 1372 Pythagorici.

929 1384 1074 1425 Polenta]
1106 1383 1322 1414 Peculiarem
1338 1381 1471 1413 Graecis
1488 1380 1592 1413 fuisse

885 1434 998 1464 cibum
1015 1432 1134 1464 dicunt
1161 1433 1335 1469 nonnulli;
1369 1431 1426 1461 alii
1450 1435 1591 1471 negant,

885 1488 921 1516 et
937 1485 1016 1525 poni
1036 1484 1131 1514 aiunt
1158 1493 1221 1523 pro
1248 1482 1402 1523 quolibet
1428 1491 1515 1521 pane
1542 1491 1592 1512 se-

885 1534 1062 1572 cundario,
1089 1538 1125 1564 et
1155 1543 1214 1573 pro
1243 1533 1338 1572 pulte
1365 1532 1480 1563 etiam.
1535 1533 1592 1563 De

881 1585 1006 1624 polenta
1038 1583 1110 1615 fuse
1142 1583 1272 1614 Plinius
1300 1591 1407 1613 xvrrr.
1441 1584 1473 1612 7.
1509 1582 1591 1612 item

886 1642 979 1665 xx11.
994 1638 1047 1666 25.

926 1687 968 1715 56
992 1685 1038 1715 Et
1052 1683 1123 1721 tibi,
1135 1693 1202 1723 quae
1218 1682 1353 1723 Samios]
1376 1681 1585 1722 Pythagorae

883 1735 984 1766 etiam
1002 1735 1206 1765 documenta
1222 1732 1394 1764 delibasti.

926 1785 1062 1825 Samios]
1107 1786 1198 1818 Quia
1232 1785 1391 1814 inventor
1424 1783 1514 1814 illius
1542 1783 1592 1814 rei

882 1835 1097 1876 Pythagoras
1111 1833 1273 1866 oriundus
1289 1838 1360 1864 erat
1377 1843 1395 1864 e
1409 1833 1523 1873 Samo,
1537 1833 1592 1863 In-

883 1886 955 1915 sula
982 1885 1082 1915 maris
1107 1884 1230 1924 AEgaei,
1255 1893 1297 1914 ex
1325 1883 1470 1913 adverso
1496 1882 1590 1914 urbis

882 1934 1019 1973 Ephesi.

925 1984 1051 2025 Licet-a]
1082 1984 1217 2024 Nempe
1242 1983 1286 2021 Y,
1310 1992 1372 2022 per
1396 1982 1493 2021 cnjus
1510 1980 1591 2012 dex-

883 2039 972 2065 trum
1011 2044 1119 2065 cornu
1150 2039 1329 2074 angustum
1366 2031 1500 2062 virtutis
1539 2040 1592 2062 ar·

884 2086 985 2116 duum
1004 2085 1092 2122 iter;
1129 2094 1189 2124 per
1205 2083 1378 2114 sinistrum
1406 2083 1521 2121 latius,
1542 2081 1590 2112 vi-

882 2136 1006 2166 tiorum
1023 2134 1159 2165 facilem
1176 2134 1264 2164 viam
1292 2133 1506 2174 Pythagoras
1531 2131 1589 2162 de-

881 2185 1046 2224 signabat.
1102 2184 1190 2214 Vide
1226 2182 1410 2214 Laertium.
1467 2181 1590 2221 virgil.

882 2235 1091 2275 Epigramm.
1110 2234 1152 2264 de
1169 2234 1269 2263 litera
1284 2233 1327 2263 Y.
1360 2234 1369 2248 ‘
1386 2232 1505 2262 Litera
1520 2231 1589 2270 Py-

881 2285 1032 2325 thagorae
1048 2284 1241 2314 discrimine
1260 2287 1354 2312 secta
1371 2281 1499 2312 bicorni
1518 2280 1592 2311 Hu-

881 2345 989 2366 manae
1001 2335 1078 2365 vitae
1093 2333 1240 2373 speciem
1254 2331 1416 2372 praeferre
1429 2328 1591 2367 videtur,'

882 2390 946 2416 ἃς.
1007 2384 1115 2425 Hujus
1141 2383 1250 2413 literae
1287 2380 1428 2411 formam
1462 2379 1590 2411 dicitur

883 2434 1083 2466 Palamedes
1109 2444 1127 2464 e
1156 2442 1277 2473 gruum
1302 2431 1415 2462 volatu
1438 2429 1590 2461 finxisse.

881 2485 1082 2516 Philostrat.
1099 2483 1160 2514 lib.
1178 2491 1227 2513 lv.

923 2538 965 2566 58
995 2534 1111 2565 Stertis
1134 2532 1249 2572 adhuc]
1282 2533 1331 2563 Tu
1359 2531 1490 2562 scilicet
1518 2533 1588 2560 tam

883 2586 969 2616 bene
985 2585 1165 2621 educatus,
1183 2584 1231 2614 ita
1257 2581 1406 2612 molliter
1428 2583 1464 2609 et
1479 2576 1589 2617 segui-

883 2642 937 2668 ter
952 2635 1051 2676 vivis,
1065 2641 1101 2666 ut
1114 2635 1216 2666 etiam
1234 2641 1323 2663 nune
1340 2627 1510 2660 dormias?

818 2741 910 2772 Pers.
1471 2730 1499 2761 F
