1888 3032
277 98 335 138 74

780 107 826 136 A.
859 104 1024 136 PERSH
1060 105 1235 137 FhAch

278 203 518 244 Stemmata
538 201 652 255 quod
675 200 822 241 Tusco
841 213 1008 242 ramum
1029 201 1258 243 millesime
1277 201 1416 253 ducis

279 270 568 311 Censoromne
590 272 710 308 tuum
731 268 802 307 vel
823 267 941 322 quod
963 269 1155 309 trabeate
1178 270 1373 311 salutas‘e

277 337 349 378 Ad
369 337 579 391 populum
598 335 825 388 phaleras:
856 348 936 388 ego
958 340 1000 376 te
1020 336 1135 376 intus
1156 339 1200 376 et
1218 336 1262 376 in
1285 341 1382 378 cute
1400 338 1516 380 novi.

1682 339 1739 381 30

279 405 382 446 Non
401 404 532 457 pudet
554 403 608 442 ad
630 415 791 443 morem
814 403 1014 445 discincti
1037 405 1182 445 vivere
1206 404 1391 445 Nattae?

278 472 365 513 Sed
387 475 532 524 stupet
551 471 621 511 hic
645 471 767 520 vitio,
786 476 828 512 et
847 472 965 512 fibris
986 473 1167 513 increvit
1187 472 1383 525 opimum

269 571 422 611 frangere
436 570 546 608 ventis,
563 570 635 610 quia
652 570 828 601 millesimus
844 571 947 601 trahis
971 571 1083 602 lineam
1102 570 1325 602 successionis
1342 570 1380 601 ab
1399 571 1529 603 Etrusco
1542 581 1678 611 genere:
1699 573 1746 603 vel

277 614 366 654 quod
387 614 549 643 Censorem
566 614 656 643 iuter
671 616 741 643 tuos
754 614 884 653 salutas,
900 614 946 644 vel
961 615 1034 654 quia
1049 614 1156 645 trabea
1176 615 1308 645 restitus
1331 623 1365 644 es
1379 614 1389 644 ?
1434 616 1487 645 Ad
1501 615 1619 655 plebem
1641 615 1746 656 phale-

274 666 337 686 rats.

385 657 456 694 Ego
471 658 501 686 te
515 665 661 694 cognosco
684 656 815 686 interius
836 660 865 687 et
889 657 1038 688 exterius.

1086 657 1246 697 Numquid
1274 666 1333 687 non
1348 658 1465 696 pudore
1487 658 1621 699 afficeris
1647 659 1744 689 vitam

274 709 367 739 agere
378 700 417 729 ud
432 699 533 729 instar
552 699 660 729 Nuttae
673 697 839 730 dissoluti?
861 700 907 730 At
931 699 981 730 ille
1003 700 1145 740 stupidus
1165 703 1207 730 est
1225 699 1347 738 defectu
1360 704 1504 741 naturae,
1521 705 1550 731 et
1568 702 1599 731 in
1612 711 1744 741 proecor-

894 785 1009 796 oooooo

1013 785 1126 796 eeeeee

275 838 332 878 sit,
363 838 448 874 Quid
486 837 645 871 metuam?
691 840 750 870 sed
783 840 884 872 aliter
914 840 1033 881 scripti
1063 840 1240 872 litut—29
1271 842 1472 872 Censoremve
1498 840 1584 872 Edd.
1612 841 1745 882 plurim.

942 914 1082 946 NOTAE

318 987 359 1015 ‘28
383 984 553 1015 Stemmate
579 986 658 1024 quod
684 985 816 1024 Thusco,
837 983 907 1023 lya]
933 985 981 1016 Eo

276 1036 368 1077 quod
399 1047 460 1077 per
492 1038 584 1068 mille
613 1039 849 1077 generationes
880 1039 982 1079 origi-

275 1096 353 1117 nem
371 1087 476 1118 ducas
506 1097 548 1118 ex
574 1088 688 1128 aliqua
713 1093 850 1119 vetusta
866 1094 900 1119 et
924 1099 982 1119 no-

275 1137 335 1168 bili
363 1138 510 1168 Etruriae
535 1137 677 1169 familia.
724 1139 834 1170 Porro
851 1143 981 1170 stemma

273 1188 396 1220 Latine
413 1199 538 1220 corona
565 1194 617 1220 est
644 1199 662 1220 e
685 1188 823 1220 fioribus
839 1199 981 1231 praeser-

273 1239 344 1270 tim.
392 1239 632 1280 Metaphoriee
670 1241 817 1271 sumitur
853 1246 887 1272 et
919 1251 980 1281 pro

274 1290 452 1329 gentilitiis
480 1290 681 1329 insignibus,
707 1295 743 1321 et
770 1301 832 1331 pro
860 1292 981 1323 statuis

273 1344 309 1370 et
338 1341 542 1381 imaginibus
572 1342 755 1381 Majorum,
785 1352 859 1383 quae
886 1352 982 1373 orna-

274 1391 400 1422 bantur
417 1393 515 1422 sertis
539 1392 703 1432 ejusmodi
727 1391 839 1423 floreis
867 1398 902 1423 et
926 1402 980 1423 co-

271 1441 387 1472 rollis:
428 1441 509 1472 item
543 1451 604 1481 pro
636 1442 770 1481 arbore,
802 1447 839 1473 nt
871 1443 980 1482 aiunt,

272 1491 594 1530 consanguinitatis,
618 1501 719 1532 quam
744 1492 856 1523 ductis
885 1493 981 1523 lineis

271 1540 466 1582 additisque
484 1542 638 1573 rotundis
654 1541 771 1582 figuris
783 1542 979 1576 efficiebant

271 1592 413 1632 antiqui,
427 1598 461 1622 et
476 1597 618 1623 stemma
636 1593 870 1632 appellabant.
888 1594 977 1626 Plin.

272 1650 390 1672 xxxv.
407 1645 437 1672 2.
457 1644 464 1659 ‘
482 1643 671 1673 Stemmata
696 1643 792 1673 lineis
810 1644 976 1675 discurre-

271 1692 353 1723 bant
370 1692 410 1723 ad
428 1694 589 1733 imagines
608 1693 741 1733 pictas!
769 1693 856 1724 Vide
872 1695 975 1726 Juve-

270 1744 337 1775 nal.
353 1744 426 1775 Sat.
444 1754 528 1775 rur.
548 1745 656 1775 initio.

314 1796 448 1826 Romam
463 1795 564 1835 ducis]
590 1796 730 1827 Lineam
755 1798 886 1836 nempe
904 1806 977 1828 suc-

270 1846 440 1877 cessionis.
462 1846 626 1886 Isidorus,
642 1856 693 1877 lx.
715 1851 744 1879 6.
774 1847 894 1879 Solent
912 1848 976 1878 Ad-

271 1897 382 1928 vocati
398 1902 590 1936 stemmata,
608 1899 680 1928 sive
704 1899 911 1930 ramusculos
928 1898 975 1929 fa-

269 1957 348 1978 cere
377 1949 410 1979 in
438 1957 573 1988 genere,
596 1959 672 1979 cum
700 1948 824 1989 gradus
851 1959 975 1990 cogna-

269 1998 400 2028 tionum
420 1999 622 2037 partiuntur.

311 2050 354 2077 29
380 2048 579 2078 Censoremve
594 2048 697 2088 tuum]
722 2048 762 2079 Iu
779 2053 838 2080 tua
854 2059 974 2089 cogna-

269 2097 362 2128 tione
379 2102 414 2127 et
430 2101 542 2136 gente.

316 2148 482 2188 Trabeate]
519 2149 634 2180 Nobili
664 2152 760 2180 veste
791 2149 929 2181 indutus
954 2160 972 2180 e

270 2208 432 2239 purpura.
470 2198 570 2229 Alex.
596 2199 638 2230 ab
662 2199 762 2231 Alex.
780 2209 814 2230 v.
834 2203 884 2230 18.
911 2201 974 2230 Ro-

269 2249 395 2279 mulum
426 2249 570 2288 primum
601 2249 717 2279 trabea
743 2259 838 2280 usum
868 2249 973 2280 fuisse

270 2297 336 2335 ait;
369 2304 403 2329 et
433 2299 557 2338 triplex
585 2299 714 2330 trabeae
746 2309 852 2340 genus
880 2296 973 2330 lucu-

268 2348 380 2378 lenter
403 2349 566 2387 epreat.
606 2350 691 2380 Vide
716 2350 876 2382 Juvenal.
901 2351 972 2382 Sat.

269 2407 350 2429 vn1.
367 2401 440 2428 259.
459 2399 575 2438 ibique
595 2397 756 2430 Annotat.

312 2447 453 2487 salutas]
481 2448 645 2478 Nimirum
670 2449 703 2479 in
732 2460 856 2480 censu:
883 2456 972 2490 post-

269 2507 368 2540 quam
385 2498 474 2529 enim
492 2498 622 2528 Censor
640 2498 779 2538 Equites
801 2500 971 2531 Romanos

270 2553 529 2589 recognoverat,
545 2548 578 2578 hi
597 2552 674 2579 aute
699 2548 791 2579 illum
817 2549 850 2580 iu
869 2550 973 2581 tribu-

270 2600 336 2630 nali
377 2599 552 2630 sedentem
595 2599 900 2631 transvehebantur
940 2601 972 2631 iu

269 2658 369 2692 equo,
396 2654 431 2681 et
459 2649 590 2690 trabea,
607 2659 749 2691 eumque
765 2651 971 2683 salutabant.

1035 984 1106 1016 Alii
1123 985 1319 1026 intelligunt
1338 986 1477 1017 salutari
1495 985 1654 1027 imagines
1671 987 1747 1018 Ma-

1029 1036 1143 1076 jorum
1158 1037 1190 1066 in
1209 1037 1295 1067 atrio
1311 1041 1453 1069 stantes.
1499 1038 1549 1068 Eo
1566 1038 1656 1078 quod
1673 1038 1742 1069 Ne-

1036 1087 1127 1117 ronis
1145 1092 1297 1127 tempore
1325 1089 1493 1119 Censores
1524 1089 1606 1119 nulli
1634 1094 1743 1120 erant.

1036 1137 1092 1168 lta
1119 1142 1250 1178 pugnat
1275 1137 1466 1170 Autumnus
1496 1140 1658 1171 adversus
1682 1140 1745 1171 Ca-

1037 1189 1237 1225 saubonum,
1255 1190 1476 1230 inprimisque
1504 1196 1623 1221 contra
1652 1191 1744 1222 Mar-

1037 1239 1172 1270 cilium:
1197 1245 1232 1270 at
1254 1241 1406 1280 quamvis
1425 1241 1506 1271 nulli
1525 1245 1640 1272 essent
1662 1245 1744 1272 tunc

1038 1290 1215 1330 Censores,
1257 1291 1425 1331 Princeps
1470 1292 1544 1332 ipse
1588 1292 1744 1323 Censoris

1036 1349 1153 1370 munus
1167 1341 1230 1371 hoc
1249 1342 1445 1372 exercebat.

1078 1393 1119 1421 30
1143 1391 1196 1421 Aa!
1211 1392 1357 1431 populum
1382 1392 1539 1432 phaleras]
1566 1392 1651 1423 Haec
1667 1402 1744 1424 ver-

1036 1440 1078 1470 ba
1108 1441 1208 1481 plane
1240 1441 1496 1472 accommodata
1520 1441 1561 1473 ad
1590 1443 1743 1483 proposi-

1036 1494 1118 1529 tum,
1131 1501 1207 1521 cum
1232 1496 1312 1532 agat
1342 1497 1464 1522 contra
1492 1493 1651 1533 Equitem
1677 1494 1742 1525 Ro-

1036 1550 1180 1572 manum.
1227 1542 1371 1572 Phaleroe
1394 1547 1471 1572 sunt
1498 1543 1672 1584 equestria
1688 1553 1743 1574 or-

1031 1596 1203 1622 namenta.
1248 1592 1375 1623 Sensus
1403 1597 1476 1623 est:
1515 1602 1555 1623 ne
1587 1597 1741 1625 ostentes

1030 1640 1176 1673 fortunae
1195 1642 1294 1682 bona,
1311 1653 1385 1683 quae
1407 1653 1473 1674 nou
1497 1648 1530 1674 te
1553 1644 1740 1676 nobilitant

1030 1692 1149 1733 magis,
1181 1703 1277 1734 quam
1312 1694 1459 1734 phalerae
1491 1705 1627 1736 equum.
1673 1696 1741 1727 Illa

1031 1743 1165 1783 plebem
1195 1744 1387 1785 imperitam
1421 1745 1598 1786 decipiunt
1620 1757 1660 1778 ac
1684 1747 1743 1778 de-

1030 1794 1155 1834 tinent,
1181 1805 1247 1826 non
1285 1800 1397 1827 autem
1429 1797 1517 1827 viros
1549 1797 1738 1838 sapientes,

1031 1844 1087 1885 qui
1104 1854 1122 1875 e
1140 1845 1217 1876 solis
1232 1846 1334 1877 animi
1352 1847 1448 1878 bonis
1464 1847 1632 1880 hominem
1649 1849 1738 1880 aesti-

1031 1900 1136 1926 mant.

1073 1945 1163 1976 lutus
1189 1948 1217 1976 et
1238 1946 1272 1976 in
1294 1946 1378 1986 cute]
1410 1946 1551 1978 Intimos
1567 1947 1670 1978 animi
1690 1948 1738 1979 tui

1031 2005 1199 2035 recessus,
1225 2002 1262 2027 et
1296 2007 1520 2038 quaecumque
1549 1997 1598 2029 ibi
1627 1999 1741 2030 latent

1029 2045 1113 2077 vitia
1129 2046 1308 2086 perspicio.

1071 2100 1109 2127 31
1130 2097 1258 2137 Nattae]
1276 2099 1332 2128 De
1350 2108 1415 2138 quo
1434 2098 1557 2129 Horat.
1576 2098 1648 2130 Sat,
1667 2108 1689 2130 1.
1706 2102 1737 2130 6.

1028 2148 1176 2181 Quidam
1192 2139 1323 2188 legunt,
1342 2150 1467 2180 Naccoe.
1493 2149 1664 2190 Quicquid
1683 2149 1742 2189 sit,

1029 2203 1168 2229 constat
1189 2198 1334 2239 intelligi
1360 2199 1527 2229 bominem
1551 2199 1678 2230 deliciis
1703 2203 1740 2230 et

1028 2248 1168 2279 libidine
1187 2248 1373 2290 perditum,
1387 2249 1457 2280 sive
1474 2249 1502 2279 is
1515 2249 1629 2280 infima
1644 2255 1737 2280 sorte

1027 2297 1143 2338 fuerit,
1171 2300 1244 2331 sive
1272 2299 1363 2331 domi
1401 2299 1524 2330 nobilis
1554 2310 1574 2330 a
1605 2300 1739 2331 virtute

1028 2357 1174 2389 paterna
1191 2350 1390 2381 desciverit.

1071 2403 1112 2431 32
1135 2401 1198 2431 Sed
1211 2403 1313 2440 stupet
1330 2400 1395 2439 hic]
1419 2400 1486 2430 Hic
1502 2399 1544 2430 ad
1561 2404 1737 2440 stuporem

1027 2459 1133 2489 usque
1155 2450 1227 2489 jam
1256 2449 1407 2487 devenit,
1433 2459 1497 2480 nec
1524 2459 1559 2480 se
1586 2459 1733 2490 peccare

1029 2499 1204 2529 advertit:
1240 2498 1331 2529 unde
1367 2498 1586 2529 miseratione
1628 2500 1735 2540 magis

1029 2558 1129 2589 quarn
1145 2548 1408 2588 reprehensione
1426 2548 1545 2588 dignus
1558 2549 1707 2580 videtur.

1072 2599 1177 2630 Fibris
1197 2599 1327 2630 increvit
1351 2599 1485 2639 opimum
1496 2600 1628 2641 pingue]
1657 2602 1738 2632 Ter-

1029 2649 1160 2682 tullian.
1183 2650 1243 2681 lib.
1267 2649 1309 2680 de
1337 2648 1460 2681 Anima
1489 2660 1518 2682 c.
1536 2654 1590 2682 20.
1617 2653 1626 2668 ‘
1646 2651 1733 2694 Opi-
