1888 3032
658 136 840 168 SATIRA
874 137 950 168 111.

1496 128 1550 167 93

87 230 217 272 Nunc
237 230 332 272 face
350 230 582 284 supposita
603 231 810 272 fervescit
831 232 1021 285 sanguis,
1042 235 1085 273 et
1104 232 1170 273 ira

86 298 332 340 Scintillant
351 299 491 349 oculi;
523 298 723 351 dicisque
744 298 955 353 facisque,
978 298 1099 352 quod
1120 299 1235 352 ipse,

89 364 190 406 Non
210 366 305 406 sani
327 378 423 405 esse
443 366 645 416 hominis,
666 378 755 406 non
776 378 910 405 sanus
925 366 1041 419 juret
1065 365 1260 408 Orestes.

85 469 203 500 aculeos
218 470 250 500 in
266 470 393 502 artubus
408 471 482 502 tuis.

527 472 622 502 ssIodo
638 471 768 510 sanguis
782 470 888 501 ebullit
904 471 977 509 igne
993 470 1143 510 adhibito,
1161 475 1191 503 et
1206 472 1284 503 oculi
1301 482 1370 512 prae
1389 472 1548 504 iracundia

83 513 234 543 scintillas
249 513 407 544 emittunt.
455 514 616 554 Denique
632 517 662 544 et
679 513 811 553 loqueris
824 517 854 543 et
868 515 939 552 agis
961 515 1040 553 quod
1057 515 1120 554 ipse
1138 516 1263 546 Orestes
1279 515 1343 546 etsi
1360 525 1418 546 non
1433 525 1550 557 compos

84 555 399 593 mentisjurqiurando
413 557 581 597 affirmaret
593 566 653 586 non
664 557 772 586 decere
785 556 888 586 virum
900 556 1010 586 mentis
1023 560 1198 597 compotem.

741 658 885 689 NOTAE

84 740 157 762 sese
181 731 223 762 ad
246 731 401 763 intimum
429 743 487 763 cor
501 733 715 774 recipiente3
742 738 790 764 to-

86 786 140 812 tus
175 781 345 822 frigescis,
379 787 414 813 et
445 784 564 823 palles,
595 794 789 826 quanquam

84 832 185 872 paulo
201 837 279 863 ante
292 832 441 872 dixeras,
456 844 515 864 non
523 833 660 873 frigent.

126 883 275 914 Excussit
299 884 393 914 timor
415 884 502 915 albus
524 885 654 924 aristas]
677 884 789 925 Erigit

83 933 146 964 tibi
163 934 261 974 pilos,
274 944 313 965 ac
331 935 425 966 velut
440 936 549 976 spicas
564 935 689 975 rigidos
705 935 788 966 facit

83 983 184 1014 timor
199 982 344 1024 frigidus
359 995 365 1014 :
394 985 474 1025 quia
495 983 601 1025 frigus
617 986 788 1025 constipat

82 1037 118 1063 et
132 1032 270 1073 stringit
288 1043 400 1074 poros,
414 1034 488 1074 pori
503 1044 584 1066 vero
600 1034 786 1075 constipati

82 1085 321 1124 constringunt
341 1085 493 1125 capillos.
530 1085 676 1117 Aristot.
702 1087 786 1117 Pro-

83 1133 183 1166 blem.
200 1140 284 1165 sect.
304 1144 383 1166 vui.
401 1145 433 1176 q.
453 1138 504 1166 18.

122 1182 236 1223 Albus]
261 1185 352 1217 Quia
367 1186 552 1217 recedente
567 1187 693 1223 calore,
714 1186 786 1217 vul-

82 1238 137 1264 tus
164 1234 270 1274 pallet
294 1240 330 1266 et
361 1236 502 1267 albescit
526 1236 560 1266 in
587 1236 627 1267 iis
657 1237 715 1277 qui
746 1237 786 1268 ti-

82 1289 188 1316 ment.

126 1338 187 1366 116
214 1336 302 1367 Nunc
309 1336 384 1374 face
398 1337 570 1378 supposita]
587 1336 693 1378 Alias,
705 1337 786 1369 data

84 1386 276 1423 occasione,
303 1389 397 1418 velut
421 1388 598 1427 supposita
622 1386 712 1426 face,
735 1387 786 1418 ira

83 1434 316 1467 inflammaris:
342 1442 378 1468 et
394 1437 542 1476 dixeras,
558 1437 617 1467 Nil
631 1438 708 1468 calet
721 1437 783 1467 hic.

81 1487 126 1517 Et
156 1486 291 1526 quidem
312 1487 373 1518 hac
401 1487 476 1528 ipsa
504 1496 581 1517 mea
605 1487 784 1527 reprehen-

82 1536 176 1567 sione
200 1536 369 1567 excitatus
389 1537 461 1577 jam
490 1536 723 1575 excandescis‚
750 1541 786 1568 et

81 1587 180 1618 ardes
196 1587 374 1618 adversum
392 1597 456 1627 uie,
479 1587 665 1628 cujuslibet
683 1587 785 1620 offen-

81 1638 183 1670 sionis
200 1638 392 1678 impatiens.

125 1688 283 1720 Fercescit
295 1687 438 1728 sanguis]
465 1688 526 1719 Est
541 1688 593 1719 ira
610 1688 782 1729 sanguinis

81 1739 235 1770 ebullitio
251 1739 344 1769 circa
358 1748 427 1769 cor.

124 1792 186 1820 117
209 1789 388 1820 Scintillam
399 1787 492 1828 oculi]
517 1789 589 1820 Cic.
603 1789 702 1819 Verr.
716 1798 782 1819 vu.

81 1840 90 1857 ‘
111 1838 289 1870 Ardebant
311 1839 412 1877 oculi,
427 1844 461 1870 et
477 1849 520 1870 ex
545 1844 619 1869 toto
642 1849 784 1878 corpore

81 1888 266 1920 erudelitas
297 1889 487 1920 emicabat.'
545 1889 673 1919 Arnob.
704 1889 725 1920 l.
757 1898 781 1918 ι.

81 1940 91 1957 ‘
107 1940 160 1971 Ex
182 1940 314 1971 illorum
333 1939 515 1971 luminibus
529 1939 686 1970 scintillae
702 1939 783 1970 emi-

844 738 937 772 cant,
954 733 1098 765 flammae
1122 738 1281 774 aestuant,
1299 735 1454 765 anhelum
1471 744 1550 775 pec-

843 788 897 814 tus
913 784 1067 824 spiritum
1077 785 1166 825 jacit
1180 794 1223 815 ex
1236 784 1319 821 ore‚’
1332 787 1396 816 ἃς.

887 833 1198 874 Dicisquefacisque‚
1214 834 1282 874 &c.]
1298 835 1389 875 Ergo
1398 839 1431 866 te
1445 844 1547 866 nosce

843 883 1004 921 tandem;
1029 884 1125 924 sique
1143 889 1176 915 te
1191 884 1356 914 hactenus
1374 884 1547 925 ignorasti,

843 935 1077 974 contemplare
1093 938 1128 964 te
1144 934 1178 964 in
1201 935 1341 974 speculo
1359 935 1451 965 velut
1467 944 1547 975 qua-

842 983 1002 1024 druplici,
1016 984 1050 1014 in
1066 994 1133 1025 quo
1153 988 1188 1015 te
1204 984 1246 1014 ad
1265 984 1375 1014 vivum
1394 984 1546 1025 depinxi.

841 1034 929 1065 Vide
945 1039 980 1065 te
996 1034 1028 1064 in
1044 1034 1156 1074 prima
1166 1033 1254 1065 facie
1268 1039 1393 1074 praeter
1409 1040 1445 1066 et
1455 1036 1548 1067 ultra.

840 1084 977 1115 modum
994 1085 1191 1116 exilientem
1207 1095 1267 1125 spe
1284 1085 1368 1116 lucri
1394 1090 1430 1116 et
1449 1086 1547 1117 luxu-

841 1137 919 1166 riae:
946 1136 978 1165 in
995 1136 1154 1174 secunda,
1165 1135 1348 1175 cujuslibet
1364 1136 1547 1167 incommo-

842 1186 875 1216 di
892 1185 1139 1225 impatientem,
1156 1190 1192 1216 et
1207 1186 1359 1216 lautioris
1377 1186 1484 1217 victus
1499 1187 1548 1217 ni-

841 1237 943 1267 mium
961 1241 1200 1277 appetentem:
1230 1236 1262 1266 in
1280 1236 1395 1275 tertia,
1418 1237 1547 1277 laxum,

839 1288 999 1326 solutum,
1029 1286 1185 1318 timidum
1221 1291 1322 1327 atque
1360 1284 1547 1327 hydropico

840 1338 939 1378 pejus
956 1337 1162 1377 pallentem:
1186 1336 1220 1367 in
1245 1342 1366 1377 quarta
1388 1336 1547 1377 denique,

838 1387 1038 1419 iracundum
1053 1397 1160 1428 usque
1177 1386 1219 1417 ad
1236 1386 1399 1426 furorem,
1416 1387 1495 1427 quia
1509 1392 1545 1418 te

841 1437 944 1477 pungi
961 1447 981 1467 a
1004 1447 1058 1467 me
1075 1442 1110 1467 et
1127 1437 1253 1477 corripi
1273 1438 1378 1468 sentis
1394 1448 1401 1468 :
1426 1442 1461 1468 et
1488 1438 1545 1479 qui

840 1487 941 1518 modo
967 1498 1092 1528 aqueus
1117 1498 1204 1526 eras,
1228 1488 1302 1528 jam
1332 1488 1480 1528 igneum,
1509 1493 1547 1519 et

843 1538 1062 1577 febricitante
1097 1538 1321 1579 periculosius
1357 1538 1546 1569 ardentem.

840 1589 940 1622 Quod
956 1588 982 1618 si
996 1588 1108 1619 renuis
1126 1588 1250 1626 sanari,
1268 1592 1304 1618 ut
1321 1597 1413 1627 aeger
1425 1596 1543 1627 supra-

839 1639 964 1677 dictus,
989 1645 1023 1670 et
1047 1648 1100 1668 me
1119 1637 1221 1668 animi
1240 1637 1415 1668 Medicum
1433 1637 1544 1676 repel-

838 1690 890 1728 lis,
907 1690 1016 1720 dicam
1034 1698 1098 1729 ego
1114 1688 1190 1726 tibi,
1211 1698 1317 1728 perge,
1342 1687 1437 1727 peri3
1461 1690 1543 1718 tace-

839 1740 886 1778 bo,
901 1740 1032 1771 discedo.
1078 1740 1200 1779 Supra,
1219 1749 1265 1769 νε.
1279 1742 1333 1769 97.

883 1794 944 1821 118
970 1789 1110 1829 Orestes]
1137 1787 1398 1828 Agamemnonis
1411 1791 1447 1818 et
1464 1786 1543 1826 Cly-

840 1845 1045 1870 taemnestrae
1062 1839 1150 1869 filius
1173 1838 1215 1869 ob
1232 1837 1449 1869 interfectam
1473 1846 1542 1866 ma-

839 1894 925 1919 trem
943 1889 1052 1920 Furiis
1067 1889 1230 1929 agitatus,
1248 1887 1290 1918 de
1307 1897 1372 1928 quo
1387 1886 1542 1928 Euripid.

837 1945 874 1971 et
889 1940 958 1971 alii.
