1888 3032
242 137 328 179 102

746 150 792 180 Α.
828 149 989 180 PERSH
1025 149 1198 180 FLAcct

245 241 335 293 Qui
358 243 616 296 quandoque
631 242 786 295 jugum
806 248 985 296 pertusa
1006 244 1063 285 ad
1084 245 1279 299 compita
1296 247 1403 300 figit,

241 310 421 351 Seriolae
444 315 633 350 veterem
656 314 851 351 metuens
872 312 1077 352 deradere
1098 313 1264 363 limum,

240 376 438 430 Ingemit,
467 375 557 415 [loc
581 376 679 417 bene
699 378 747 417 sit
767 379 781 417 Ι
810 380 1050 420 tunicatum
1072 393 1170 420 cum
1193 381 1285 421 sale
1306 382 1506 423 mordens

1641 384 1698 425 30

236 508 337 548 pitia.-
353 509 402 548 qui
426 510 674 549 quandocumque
685 511 844 550 suspendit
852 511 969 550 jngum
982 513 1022 542 ml
1033 512 1166 551 compita
1181 511 1298 552 peri-iu,
1319 512 1430 542 timens
1445 512 1582 542 deterere
1606 514 1704 544 lutum

238 554 327 581 tesloe
342 551 489 592 antiquie,
503 553 653 591 gemitum
668 554 745 593 edit,
769 554 899 595 dicens,
923 555 999 585 illud
1019 555 1158 596 proficiat
1170 566 1179 584 .·
1203 559 1238 585 et
1261 565 1329 585 cum
1343 555 1406 586 sale
1422 556 1608 586 ›nunaut-ans
1623 566 1703 596 caepe

900 668 1040 700 NOTAE

238 739 392 771 Numina
408 750 469 771 noc
496 751 610 772 sanam
635 742 760 773 dedere
785 748 946 785 mentem,

240 796 278 821 ut
293 790 420 820 divitiis
433 791 499 820 suis
517 796 643 822 utatur.

284 840 445 880 Genioque
459 841 602 881 sinistro]
628 842 782 875 Adverso
806 848 841 875 et
868 854 946 875 con-

240 890 344 920 trario
361 890 472 921 Genio
497 893 685 932 voluptatis
706 894 794 934 Deo,
820 895 876 925 ille
894 905 945 925 se-

239 941 348 982 ipsum
376 941 559 974 defraudat
582 945 662 984 suis,
685 950 719 976 et
744 946 832 976 inter
864 957 945 988 opes

241 1001 380 1032 magnas
407 992 508 1023 miser
537 1001 601 1025 est.
659 995 774 1027 Plaut.
803 996 945 1028 Trucul.

239 1042 340 1074 Scen.
353 1046 384 1073 2.
398 1043 407 1059 ⁴
426 1044 493 1074 Sed
510 1044 565 1074 isti
579 1045 635 1086 qui
653 1055 727 1076 cum
742 1047 862 1078 Geniis
880 1049 946 1078 suis

244 1093 448 1134 belligerant
460 1095 689 1135 parcipromi!

283 1147 324 1175 28
351 1145 416 1180 Qui
431 1146 743 1185 quumlwuejngum,
756 1148 825 1188 ξω]
844 1149 948 1189 Egre-

241 1195 296 1235 gia
320 1195 465 1226 hominis
491 1197 582 1227 avari
608 1197 794 1239 descriptio
816 1209 857 1230 ex
889 1199 946 1230 ad-

235 1247 380 1286 junctis.
406 1247 453 1285 Is,
468 1246 590 1288 inquit,
606 1249 709 1280 etiam
727 1255 799 1281 tum
811 1250 945 1282 defrau-

240 1297 300 1328 dat
323 1298 483 1337 Genium,
510 1308 583 1329 cum
612 1300 671 1330 alii
700 1300 812 1332 Genio
835 1301 945 1332 indul-

240 1353 322 1387 gent
351 1348 575 1390 potissimum,
603 1360 641 1382 ac
670 1352 864 1391 epulantur,
888 1352 944 1383 die

236 1407 359 1439 nempe
378 1398 481 1440 festQ
508 1405 543 1432 et
572 1401 706 1442 quando
732 1412 816 1443 opus
844 1403 945 1434 inter-

236 1448 397 1481 mittitur.

278 1499 414 1540 Jitgum]
480 1499 646 1542 Ligneum
683 1502 944 1534 instrumentum

237 1558 304 1590 quo
337 1550 379 1580 ad
410 1555 559 1583 aratrum
580 1553 773 1594 junguntur
800 1559 835 1585 et
866 1565 944 1585 con-

241 1599 456 1639 stringuntur
473 1601 589 1634 boves.

283 1650 335 1681 Ad
358 1651 593 1693 compitafigit]
633 1654 703 1684 Cur
719 1655 759 1685 ad
785 1656 946 1696 compita,

241 1702 276 1729 et
293 1709 358 1730 non
375 1700 464 1732 domi
481 1711 519 1733 ae
536 1703 637 1734 solito
653 1704 728 1735 1000
745 1705 878 1737 dicatur
892 1707 945 1747 ju-

238 1760 317 1790 gum
335 1750 406 1791 figi,
433 1754 575 1784 multum
602 1755 736 1788 laborat
751 1766 790 1787 ac
809 1762 944 1799 torque-

238 1804 293 1832 tur
311 1802 539 1844 Cazauboan
553 1809 656 1846 atque
680 1806 712 1836 iu
731 1817 766 1838 re
785 1813 851 1839 tani
869 1818 944 1848 per-

238 1853 350 1892 plexa,
374 1858 412 1884 ut
429 1859 540 1896 putat,
568 1857 711 1888 recurrit
730 1858 773 1888 ad
797 1859 944 1900 aliquem

239 1902 517 1943 Compitaliorum
536 1906 638 1938 ritum
660 1909 755 1940 nobis
779 1910 944 1950 ignotum,

238 1962 338 1993 quem
354 1956 565 1994 spectaverit
581 1957 633 1988 liic
650 1958 800 1991 Persim.
838 1960 945 1991 Inter-

235 2009 414 2044 pretantur
429 2016 545 2037 omnes
570 2009 639 2046 alii,
666 2009 724 2050 figi
749 2012 884 2043 solitum
902 2013 944 2044 ad

237 2054 332 2094 palos
371 2057 533 2096 quosdam
561 2058 594 2089 in
630 2061 789 2101 compitis
812 2063 946 2104 jugum,

237 2106 371 2146 qnando
383 2108 500 2138 rustici
513 2116 590 2149 post
607 2121 763 2150 agrorum
780 2114 945 2145 sationem

239 2156 344 2187 Lares
368 2157 400 2188 in
422 2160 579 2199 compitis
607 2171 647 2191 ex
668 2172 760 2194 more
786 2164 946 2195 colebant

237 2215 334 2238 sacro
350 2207 455 2249 facto,
477 2215 512 2241 et
528 2211 664 2242 hilarius
683 2214 842 2245 convivia
856 2216 944 2246 cele-

237 2256 379 2289 brando.
398 2260 532 2302 Nempe
543 2260 634 2293 feriis
647 2263 711 2294 illis
724 2265 841 2303 sacris,
851 2270 887 2297 ut
895 2266 943 2297 ait

236 2308 551 2351 Tibnii.E1eg.11.1.
567 2314 575 2329 ‘
585 2314 676 2344 Luce
688 2317 944 2357 sacrarequies·

238 2357 286 2388 cit
296 2359 426 2397 humus,
443 2363 629 2401 requiescit
642 2369 766 2405 arator,
782 2367 826 2397 Et
839 2376 941 2406 grave

237 2417 400 2448 suspenso
418 2420 551 2441 vomere
569 2418 681 2443 cessat
696 2415 804 2455 opus.'
850 2417 941 2449 Quid

238 2458 267 2489 si
299 2458 455 2490 Persium
480 2460 681 2500 simpliciter
713 2465 942 2505 intelligamus

240 2508 552 2551 dixissejugiimfigi
574 2522 788 2554 quocumque
802 2516 941 2546 tandem

239 2558 326 2598 loco,
352 2564 387 2591 et
404 2570 488 2600 opus
505 2561 685 2593 intermitti
701 2573 759 2593 seu
777 2563 878 2605 finiri,
901 2567 941 2596 ad

239 2609 372 2649 compita
390 2620 482 2650 vero,
496 2611 530 2642 id
548 2616 611 2652 cst,
628 2612 670 2643 ad
686 2614 893 2655 compitalia,
906 2620 942 2647 et

239 2659 282 2690 ad
298 2661 493 2701 peragenda
508 2662 565 2693 illa
580 2671 622 2693 ex
638 2674 731 2695 more
744 2665 861 2696 sacra?
886 2666 942 2698 Ita

241 2713 334 2741 certe
366 2710 475 2743 nodus
505 2712 561 2745 ille
593 2713 729 2746 videtur
758 2725 856 2756 posse
884 2721 942 2748 aut

1001 745 1098 785 solvi,
1114 750 1172 776 aut
1189 745 1310 783 scindi,
1337 750 1372 776 et
1387 745 1479 776 fac-ili
1496 745 1631 787 quidem
1649 754 1706 775 ne-

1001 796 1107 835 gotio.
1132 796 1255 836 Neque
1273 805 1352 826 vero
1367 796 1555 835 epitheton,
1570 798 1707 835 perlusa,

1001 851 1127 877 nostrae
1156 845 1256 877 obest
1280 845 1579 886 interpretationi:
1605 845 1706 886 siqui-

1000 897 1077 927 dem
1103 897 1257 937 ‹le-*ignat
1273 902 1417 937 ‚tantum
1444 897 1554 926 solere.
1577 895 1706 936 compi-

1000 948 1083 978 talia
1100 947 1267 979 celebrari
1286 947 1318 977 in
1337 947 1416 978 locis
1432 947 1555 987 perviis
1580 951 1615 977 et
1639 945 1707 976 fre-

1001 1000 1187 1040 quentatis,
1200 999 1353 1040 adeoque
1366 999 1397 1028 iu
1411 997 1578 1038 compitis.
1603 996 1705 1030 Quod

1003 1049 1137 1090 quidem
1155 1054 1288 1079 constat
1305 1058 1347 1079 ex
1364 1048 1556 1086 Macrobio,
1572 1052 1607 1078 et
1623 1046 1707 1078 aliis.

1044 1103 1086 1130 29
1108 1099 1252 1139 Seriolae]
1275 1099 1396 1130 Seriola
1425 1098 1663 1128 diminutivum
1687 1107 1707 1128 a

1000 1151 1093 1187 seria,
1125 1161 1199 1192 quae
1227 1160 1284 1181 vas
1311 1154 1362 1180 est
1389 1148 1496 1180 fictile
1526 1148 1708 1188 vinarium,

1001 1200 1108 1232 instar
1125 1211 1232 1240 urnae,
1250 1201 1291 1232 de
1309 1200 1458 1243 quojam
1472 1199 1542 1231 Sat.
1559 1208 1598 1230 ιι.
1636 1198 1706 1229 Ad-

1000 1256 1098 1282 verte
1116 1252 1169 1283 liic
1186 1252 1334 1292 singulas
1352 1261 1453 1282 voces
1469 1251 1612 1281 hominis
1630 1259 1707 1281 ava-

1000 1301 1112 1332 ritiam
1129 1306 1300 1333 notantes.

1048 1354 1206 1393 Veterem]
1238 1354 1324 1384 Natu
1348 1353 1476 1384 dudum
1494 1352 1707 1392 servabatur,

999 1406 1034 1433 et
1056 1413 1131 1433 raro
1148 1403 1370 1434 hauriebatur
1386 1407 1422 1433 et
1439 1402 1610 1433 modicum
1637 1402 1709 1443 qni-

999 1454 1074 1485 dem
1091 1465 1097 1484 :
1124 1464 1191 1485 non
1207 1454 1327 1484 mirum
1341 1463 1420 1493 ergo
1432 1453 1459 1483 si
1476 1453 1664 1493 vappescit.

1040 1506 1201 1536 Der-adore
1216 1504 1339 1544 limum]
1375 1505 1464 1535 Luto
1490 1503 1622 1534 scilicet
1648 1507 1708 1537 aut

1000 1555 1078 1596 pice
1093 1555 1183 1587 dolia
1200 1561 1235 1586 et
1250 1566 1330 1586 vasa
1355 1555 1483 1585 vinaria
1500 1554 1708 1585 obturaban-

1001 1609 1056 1636 tur
1086 1605 1204 1645 priscis
1233 1605 1307 1636 illis.
1355 1605 1477 1635 Horat.
1502 1604 1570 1636 Od.
1599 1613 1624 1635 1.
1651 1607 1706 1637 20.

1001 1656 1008 1671 ‘
1029 1656 1105 1686 Vile
1124 1655 1255 1695 potabis
1272 1655 1411 1686 modicis
1435 1655 1592 1686 Sabinum
1620 1655 1708 1686 Can·

1000 1706 1119 1744 tharis,
1151 1706 1274 1737 Graeca
1305 1706 1396 1747 quod
1424 1716 1487 1747 ego
1514 1707 1587 1747 ipse
1617 1711 1708 1739 testa

1001 1757 1184 1789 Conditum
1202 1756 1290 1788 levi.'
1339 1758 1425 1790 Quae
1451 1767 1526 1788 cum
1554 1757 1603 1788 illi
1630 1767 1708 1798 ape-

999 1808 1146 1847 riebant,
1173 1808 1318 1838 relinere
1336 1807 1519 1838 vocabant.
1564 1808 1705 1840 Terent.

1000 1862 1008 1876 ‘
1026 1859 1137 1890 Sei-ias
1154 1868 1270 1889 omnes
1287 1858 1417 1890 relevi!

1043 1913 1084 1941 30
1109 1909 1263 1950 Ingemit]
1296 1910 1379 1940 Post
1396 1910 1592 1942 nonnullam
1608 1919 1708 1941 runc-

1001 1961 1178 2001 tationem,
1193 1960 1297 1991 veluti
1310 1970 1379 1991 rem
1395 1960 1533 1991 arduam
1551 1961 1708 2001 aggredi—

1002 2017 1069 2050 tur,
1100 2021 1166 2042 non
1198 2016 1310 2041 tamen
1337 2011 1409 2041 sine
1436 2011 1549 2052 aliquo
1577 2010 1706 2043 sordidi

1002 2062 1151 2092 nioeroris
1167 2061 1308 2092 indicio.

1045 2112 1115 2142 Hoc
1141 2112 1214 2142 bene
1240 2111 1298 2151 sit]
1347 2110 1463 2142 Verba
1491 2111 1643 2142 solennia
1671 2115 1707 2142 et

1001 2162 1241 2203 deprecatoria
1262 2162 1421 2203 Antiquis
1438 2162 1593 2203 usurpari
1607 2162 1708 2193 solita

1000 2213 1032 2243 in
1061 2213 1272 2254 gravioribus
1299 2213 1489 2253 susceptis:
1516 2213 1644 2253 pariter
1669 2217 1706 2244 et

998 2264 1032 2294 in
1057 2263 1219 2294 conviviis
1235 2263 1282 2294 ita
1307 2273 1378 2294 sese
1401 2263 1547 2294 invicem
1563 2263 1604 2293 ad
1624 2263 1706 2294 hiia-

998 2314 1133 2345 ritatem
1155 2318 1188 2344 et
1213 2314 1254 2344 ad
1280 2313 1463 2344 bibendum
1492 2314 1704 2345 invitabant:

999 2369 1101 2405 atque
1119 2365 1180 2395 hoc
1198 2364 1305 2404 magis
1320 2363 1402 2396 facit
1418 2365 1459 2395 ad
1475 2375 1541 2395 rem
1561 2374 1707 2405 praesen·

996 2419 1090 2445 tem:
1117 2416 1207 2456 quod
1235 2416 1334 2455 pauci
1351 2416 1625 2446 animadvertunt
1649 2415 1705 2446 In-

998 2470 1178 2506 terpretes,
1196 2467 1252 2507 qui
1269 2467 1334 2497 alio
1352 2472 1512 2497 exerrant
1529 2472 1565 2497 et
1582 2476 1704 2507 vagan-

997 2519 1065 2546 tur.
1111 2515 1238 2546 Tibnll.
1267 2516 1364 2556 Eleg.
1383 2525 1422 2545 11.
1442 2519 1471 2546 1.
1495 2518 1503 2532 ‘
1522 2516 1589 2547 Sed
1616 2517 1703 2548 bene

995 2564 1177 2595 Messalam
1199 2574 1258 2595 sua
1285 2565 1425 2606 quisque
1442 2565 1483 2596 ad
1509 2567 1631 2607 pocula
1654 2568 1703 2599 di-

997 2614 1078 2646 cat.’
1138 2615 1278 2646 Plautus
1309 2616 1342 2645 in
1370 2616 1498 2655 Sticho,
1526 2617 1626 2650 Scen.
1652 2621 1704 2652 13.

997 2667 1006 2683 ‘
1026 2667 1120 2698 Bene
1137 2676 1208 2707 VOS,
1229 2666 1315 2698 bene
1336 2677 1408 2706 nos,
1435 2668 1521 2699 bene
1546 2675 1591 2707 te,
1618 2669 1704 2704 bene

997 2726 1062 2757 ine,
1078 2716 1164 2749 bene
1181 2722 1327 2749 nostram
1341 2719 1443 2750 etiam
1458 2719 1701 2761 Stephanium)
