1888 3032
216 136 303 180 300
667 146 760 175 Rue
773 144 927 174 ENSUS
964 145 1245 176 EDITIONUM

217 255 315 284 esse
337 242 514 283 eosdem
541 241 729 281 editores
762 245 877 281 recte
905 240 1154 290 designasse
1179 240 1401 295 principem
1429 242 1570 283 Persii
1586 237 1681 283 vodi-

216 311 376 351 tionem
394 323 404 359 ;
425 315 465 349 et
486 310 615 350 etiam
639 310 675 348 si
696 313 828 358 recte,
852 316 1164 361 argumentum,
1197 324 1283 364 quo
1304 314 1483 351 utuntur
1515 310 1571 351 ad
1592 309 1682 351 dis-

216 377 486 425 cernendam,
530 376 921 430 stabiliendamque
974 378 1154 418 eandem
1186 379 1437 427 editionem,
1470 384 1514 419 ut
1553 379 1683 419 nobis

213 444 397 492 videtur,
429 442 586 483 deficit.
657 443 902 484 Secundum
924 445 1057 484 alium
1089 446 1302 499 quendam
1332 447 1681 500 bibliographum

215 511 331 565 quod
372 511 565 551 obtulere
608 513 953 565 exscripseru11t;
1002 518 1043 553 et
1082 515 1333 554 sententiam
1372 513 1468 567 ejus
1508 513 1682 554 citando

214 579 413 619 videntur
438 580 661 632 probasse.
727 579 864 622 Aiunt
896 581 948 621 de
984 581 1127 621 Persii
1161 582 1350 622 editione
1379 583 1470 622 sine
1500 594 1613 622 anno
1644 584 1686 621 et

212 646 325 696 loco,
356 647 610 701 scriptorem
644 647 786 688 Catal.
820 649 1028 690 Biblioth.
1066 650 1301 691 Hulsianae
1335 650 1527 690 omnium
1561 649 1685 690 Prin-

216 715 358 769 cipem
381 728 568 765 censere,
591 729 646 755 ex
667 729 796 757 versu
822 718 897 771 qui
919 718 960 757 in
984 718 1064 757 fine
1085 718 1241 770 legitur
1260 731 1269 758 :

391 787 403 803 ‘
427 782 626 836 Explicit
648 783 809 838 ignotus
828 799 906 839 per
928 790 1065 826 totum
1088 785 1267 826 Persius
1287 785 1460 825 orbem.'

218 849 279 891 At
298 851 474 905 quidem
497 852 567 892 hic
589 852 704 892 idem
727 866 876 893 versus
897 867 985 894 non
1007 853 1186 893 editoris
1208 856 1282 893 aut
1306 853 1582 906 impresseris
1602 857 1684 903 est,

219 919 294 959 sed
319 933 342 959 e
364 920 529 969 codice,
553 921 594 960 ni
609 920 817 970 fallimur,
838 935 967 974 quem
985 922 1080 974 jam
1097 920 1404 969 indicavimus,
1424 921 1685 973 exscriptus,

219 985 274 1026 Et
295 987 388 1027 sive
409 992 557 1028 auctor
576 1000 652 1040 per
673 986 856 1042 ignotum
886 989 1148 1029 intellexerit
1180 991 1280 1037 (usu
1309 989 1509 1028 nimirum
1535 988 1685 1041 figurae

219 1054 442 1103 orationis,
478 1058 525 1095 ut
576 1054 726 1095 Graeci
776 1059 951 1096 utuntur
991 1073 1016 1095 α
1055 1056 1248 1095 intensivo
1289 1069 1416 1109 aeque
1455 1069 1506 1096 ac
1547 1055 1689 1109 privo-

218 1119 320 1171 tz'vo)
351 1119 470 1160 valde
493 1128 655 1168 mmmm
687 1135 762 1162 seu
781 1136 874 1176 prae
898 1124 1141 1175 ignorantia
1163 1125 1226 1173 (ut
1255 1124 1410 1164 scribae
1431 1124 1494 1165 illi
1516 1136 1689 1164 monas-

218 1188 295 1229 tici
315 1189 563 1242 saepissime
586 1203 631 1230 se
658 1188 898 1244 gesserunt)
927 1192 1176 1244 scripserit3
1209 1205 1287 1231 seu
1319 1192 1452 1244 (quod
1483 1191 1690 1245 probabi-

218 1255 304 1296 lius
333 1257 522 1309 videtur)
554 1271 632 1311 per
669 1257 855 1313 ignotum
886 1258 940 1298 de
981 1258 1134 1298 Persio
1171 1272 1262 1311 prae
1305 1259 1507 1299 omnibus
1542 1257 1687 1311 poetis

216 1321 380 1362 obscuro
401 1324 621 1376 ἐμφατικῶς
638 1326 765 1378 quasi
785 1327 957 1376 luserit;
980 1330 1213 1378 utcumque
1236 1326 1306 1374 sit,
1323 1338 1474 1366 versus
1488 1339 1510 1365 e
1533 1324 1686 1365 codice

222 1390 415 1444 quodam
436 1391 621 1432 derivari
642 1392 831 1442 videtur,
864 1393 1051 1446 ideoque
1073 1393 1220 1446 quoad
1253 1391 1434 1447 impressi
1457 1392 1558 1432 libri
1579 1392 1690 1432 anti-

221 1457 433 1510 quitatem
454 1459 560 1499 nihil
580 1460 751 1512 probat.

279 1525 348 1567 De
371 1527 683 1567 omissionibus
704 1528 852 1568 forsan
877 1526 971 1581 jam
998 1528 1120 1578 satis,
1145 1541 1244 1568 cum
1265 1527 1317 1568 de
1336 1527 1553 1580 Rupertio
1575 1526 1690 1567 dixi-

217 1607 328 1644 mus,
362 1608 461 1635 nam
495 1596 567 1635 ille
604 1597 647 1635 in
687 1609 818 1649 quam
854 1596 1055 1648 plurimis
1097 1601 1275 1636 secutus
1310 1598 1379 1636 est
1410 1595 1688 1647 Bipontinos.

225 1660 400 1702 Paucas
423 1666 579 1712 tamen,
601 1668 643 1703 et
664 1676 928 1715 perpaucas,
952 1663 1166 1704 editiones
1197 1663 1447 1703 notabimus
1472 1662 1550 1701 ubi
1569 1663 1689 1701 inve-

221 1728 336 1769 nitur
357 1729 537 1770 Persius
560 1743 585 1769 a
606 1729 633 1770 J
640 1730 823 1770 uvenale
840 1729 1100 1783 disjunctus.
1138 1730 1237 1770 Has
1258 1733 1404 1769 notare
1422 1741 1508 1768 non
1529 1727 1614 1769 fuit
1633 1741 1691 1769 ex

222 1796 447 1848 proposito
468 1802 511 1837 et
532 1798 697 1837 ratione
722 1796 941 1850 Rupertii,
965 1798 1132 1851 quippe
1154 1797 1227 1851 qui
1247 1795 1275 1836 J
1279 1796 1505 1836 uvenalem
1527 1798 1691 1836 tantum

219 1862 380 1903 ederet.

279 1929 419 1971 Persii
457 1930 641 1985 Satyrae,
678 1944 778 1972 cum
812 1931 1054 1973 Comment.
1094 1930 1288 1972 Barthol.
1312 1930 1472 1971 Fontii.
1533 1929 1691 1971 Franc.

223 1997 351 2039 1621.

280 2064 439 2118 Satyra
460 2067 584 2106 tertia
607 2066 747 2107 Persii
769 2080 868 2107 cum
887 2066 1012 2108 Nott.
1031 2067 1212 2116 Vorstii,
1235 2066 1356 2119 Lips.
1378 2065 1506 2106 1675.

280 2132 459 2174 Glossae
482 2134 661 2175 Veteres
684 2136 727 2175 in
748 2135 962 2185 Persium,
977 2149 1077 2176 cum
1100 2135 1273 2175 collatis
1295 2133 1405 2173 Mss,
1421 2131 1690 2182 Casauboni,

222 2199 322 2242 Svo.
346 2201 477 2241 Bodl.
500 2201 642 2243 Catal.
681 2202 833 2244 Titulo
856 2208 1016 2244 carent.
1135 2233 1137 2235 .

280 2268 388 2310 Vita
408 2273 450 2310 et
471 2269 563 2310 Sat.
587 2269 746 2320 Persii,
768 2272 856 2311 4to.
875 2270 982 2311 Aur.
1003 2270 1171 2311 Allobr.
1189 2270 1318 2310 1640.

281 2335 438 2376 Versio
472 2336 661 2387 Anglica
692 2340 747 2378 ab
781 2338 897 2379 Hen.
929 2338 1139 2386 Eelbeek,
1175 2337 1516 2390 Ludimagistro‚
1548 2335 1692 2375 12mo.

226 2401 367 2444 Lond.
390 2404 517 2444 1719.
541 2418 639 2444 cum
661 2407 814 2458 paucis
837 2407 953 2446 notis
982 2410 1024 2446 et
1053 2407 1146 2446 vita
1171 2404 1314 2445 Persii
1334 2403 1468 2444 brevi.
1527 2401 1689 2441 Versio

223 2469 420 2517 literalis,
443 2470 663 2522 prosaica,
687 2484 788 2510 cum
810 2472 1036 2512 Indicibus
1059 2472 1158 2511 Lat.
1177 2474 1221 2510 et
1245 2469 1371 2522 Angl.

284 2535 464 2576 Persius
493 2536 725 2576 translated
760 2538 848 2576 into
885 2537 1065 2589 English
1100 2549 1244 2589 prose,
1278 2537 1379 2579 with
1406 2534 1691 2590 explanatory

226 2601 384 2654 Notes,
416 2604 476 2658 by
511 2603 705 2643 Thomas
742 2603 970 2652 Sheridan,
1004 2604 1103 2644 Svo.
1141 2603 1320 2643 Dublin.
1354 2601 1691 2644 Ues—Editio

224 2669 438 2721 2da,cum
455 2670 608 2712 Indice
630 2673 673 2712 et
693 2675 803 2713 text.
825 2671 925 2713 Lat.
945 2671 1125 2725 vulgata
1139 2669 1222 2711 suit
1237 2669 1378 2711 Lond.
1400 2669 1526 2711 1739.
1548 2669 1692 2710 121110.
