1888 3032
753 154 936 186 SA‘rlnA
971 156 1003 186 1.

140 251 231 293 Hic
254 254 396 293 tamen
416 250 640 292 infodiam.
691 251 813 301 Vidi,
832 251 924 292 vidi
946 252 1057 305 ipse,
1082 251 1251 304 libelle3

138 319 377 360 Auriculas
398 319 510 360 asini
529 319 657 359 Mida
677 332 753 360 rex
773 319 920 360 habet.

1547 144 1604 185 49

1518 250 1606 291 190

982 320 1087 360 Hoc
1107 332 1189 372 ego
1210 317 1427 373 opertum,

140 386 245 432 Hoc
266 387 404 428 ridere
425 396 586 437 meum,
609 391 696 428 tam
713 386 790 436 nil,
808 386 928 426 nulla
950 387 1030 427 tibi
1049 385 1188 427 vendo

129 537 247 577 fovea?
273 539 458 570 Nullatenus
473 537 567 569 licet.
613 537 764 568 Attamen
779 535 853 566 istic
869 535 975 566 veluti
992 536 1126 568 scrobem
1135 537 1277 575 faciam.-
1307 542 1342 570 et
1358 539 1598 580 insusurrab03

141 594 161 613 o
174 582 262 620 liber,
278 582 398 622 asperi,
410 583 529 620 egomet
542 579 662 620 aspexi.
675 611 681 616 ,
704 577 801 608 Eccui
817 581 964 626 non-sunt
980 588 1070 610 aures
1080 578 1235 611 asininae?
1260 582 1330 620 Ego
1343 582 1428 613 istud
1442 584 1603 624 occultum,

135 633 233 656 meam
249 625 341 655 istam
355 623 549 661 derisionem,
567 623 641 653 adeo
655 622 746 662 parvi
758 621 854 661 pretzi
866 621 950 651 licet
965 625 1030 663 est,
1042 632 1100 653 non
1117 625 1255 655 venundo
1268 625 1327 655 tibi
1343 626 1405 657 ullo
1417 627 1552 658 carmine
1564 628 1601 658 de

752 727 869 739 eeeeee

872 728 967 740 οοοοο
972 728 992 739 e

140 810 197 838 121
227 807 328 848 Apud
353 807 521 840 Joannem
547 806 852 838 Saresberiensem.
878 805 938 836 lib.
961 814 1019 837 111.
1044 806 1216 847 scribitur,
1242 807 1409 839 Λανίεαῖαε
1427 807 1510 839 asini
1534 809 1601 839 Mi-

140 851 196 881 das
211 850 319 887 habet5
352 851 412 881 sed
429 850 527 881 aliter
544 850 578 881 in
606 848 839 890 antiquissima
862 848 973 879 Persii
998 848 1090 889 Vita,
1116 849 1219 890 idque
1248 851 1390 881 melius:
1428 860 1503 882 nam
1534 851 1604 892 pri-

140 902 234 924 orem
251 894 321 934 ejus
336 893 429 925 vocis
446 893 562 925 Graeci
585 892 767 934 Latinique
783 890 982 931 corripiunt.
1022 891 1193 923 Casaubon.

803 1007 945 1041 NOTAE

185 1088 246 1116 119
281 1084 368 1117 Μαί
395 1086 509 1117 mutire
543 1085 645 1127 nefas]
711 1084 843 1117 Mihine

140 1135 202 1167 soli
218 1133 314 1166 nefas
330 1136 422 1177 loqui
437 1140 473 1168 et
488 1145 630 1177 carpere
647 1145 769 1176 pravos
787 1135 845 1166 ho-

141 1186 267 1217 minum
284 1187 415 1218 mores?

185 1236 253 1267 Nec
278 1236 371 1276 clam]
426 1237 710 1280 Quandoquidem
741 1237 845 1269 etiam

142 1287 254 1328 palam
277 1287 310 1318 id
335 1286 451 1319 facere
475 1288 571 1319 licuit
596 1288 682 1325 aliis,
703 1287 847 1328 Lucilio,

142 1337 309 1369 Horatio:
349 1347 459 1369 annon
486 1338 609 1369 saltem
636 1338 726 1369 inter
750 1336 847 1368 sami-

142 1388 243 1419 liares
260 1387 311 1419 fas
326 1389 407 1420 mihi
427 1389 493 1420 erit
511 1389 546 1420 in
565 1389 646 1420 vitia
661 1395 697 1420 et
713 1398 845 1420 errores

142 1439 266 1479 stylum
282 1439 475 1480 stringere?

185 1489 254 1519 Nec
265 1499 334 1520 cum
343 1488 463 1529 scrobe]
497 1488 629 1520 Alludit
644 1489 684 1520 ad
699 1487 846 1520 fabulam

142 1539 184 1570 de
201 1539 310 1579 Mida,
331 1540 385 1570 cui
401 1549 478 1570 cum
493 1540 640 1571 asininas
656 1550 730 1571 esse
747 1550 845 1571 aures

144 1595 260 1622 tonsor
287 1590 442 1630 vidisset,
472 1600 536 1623 nee
559 1592 671 1632 palam
685 1592 846 1633 evulgare

142 1641 300 1681 auderet,
328 1641 495 1682 prurienti
519 1642 641 1682 liuguae
658 1647 696 1674 ut
713 1642 846 1674 satisfa-

142 1694 238 1723 ceret
260 1691 486 1733 aliquatenus,
510 1697 636 1724 terram
659 1692 792 1733 effodit,
809 1698 845 1725 et

143 1741 257 1772 scrobi
275 1741 376 1774 factae
393 1743 618 1774 insusurravit
639 1744 671 1775 id
688 1744 780 1785 quod
798 1744 845 1774 vi-

144 1791 252 1823 derat.
287 1792 378 1832 Lege
403 1793 508 1825 Ovid.
533 1795 761 1834 Metamorpli.
785 1794 845 1826 lib.

146 1849 203 1872 xi.
221 1851 300 1882 cap.
316 1845 348 1873 4.
363 1847 399 1874 et
415 1847 446 1874 5.

189 1892 365 1932 Nusquam]
414 1893 639 1935 Nequaquam
669 1894 762 1935 licet,
799 1895 848 1926 ait

144 1942 301 1974 monitor.

189 1996 250 2024 120
274 1993 453 2025 Hictamen
464 1994 632 2034 infodiam]
668 1995 753 2026 Mihi
772 2004 849 2026 vero

146 2047 340 2084 temperare
367 2053 433 2075 non
461 2055 607 2085 possum,
634 2045 744 2085 inquit
768 2046 851 2076 Per-

146 2094 213 2124 sius
229 2104 237 2132 ;
262 2104 395 2134 quoquo
411 2094 511 2125 modo
525 2095 694 2129 sedandus
706 2099 759 2126 est
772 2096 852 2137 styli

148 2145 309 2185 pruritus.
355 2146 456 2185 Ergo,
480 2151 518 2177 ut
546 2147 647 2177 Midae
673 2151 788 2178 tonsor
803 2147 850 2178 ef-

146 2194 247 2225 fossae
271 2200 384 2234 terrae,
408 2196 455 2225 sio
472 2205 534 2235 ego
551 2197 665 2227 libello
680 2197 756 2229 huic
773 2209 847 2229 meo

147 2245 277 2288 loquar,
314 2246 509 2285 inscribam,
547 2252 582 2277 et
618 2248 719 2278 animi
750 2258 849 2280 seusa

147 2298 375 2329 committam:
400 2308 465 2329 non
482 2304 610 2330 temere
626 2300 759 2340 quidem
772 2311 848 2340 pro-

148 2348 282 2379 trudam
306 2349 338 2378 in
361 2349 469 2380 lucem
487 2349 577 2390 quod
593 2349 774 2390 scripsero,
790 2350 848 2380 sed

147 2399 293 2430 scribam
310 2401 440 2438 saltem,
458 2404 492 2431 et
509 2402 675 2440 scriptum
695 2402 785 2433 velut
801 2403 849 2432 in-

148 2449 275 2481 fodiam
300 2455 335 2481 et
360 2451 478 2481 celabo
504 2451 594 2491 apud
622 2461 674 2481 me
700 2456 736 2482 et
759 2453 848 2492 apud

150 2509 274 2539 paucos
305 2501 442 2539 amicos,
468 2506 506 2532 ut
533 2501 715 2543 aliquando
745 2504 849 2534 etiam

151 2552 278 2590 posteri
296 2552 422 2591 legant.

198 2600 284 2639 Vidi,
295 2601 360 2631 vidi
375 2601 454 2641 ipse]
489 2604 647 2644 Erumpit
660 2604 851 2645 indignatio

151 2658 247 2680 mea:
274 2651 346 2690 jam
373 2652 449 2683 dico
478 2653 512 2683 id
531 2654 618 2694 quod
637 2654 705 2686 vidi
723 2665 789 2686 non
806 2654 852 2686 se-

152 2699 310 2730 rendum:
335 2711 354 2732 o
374 2699 503 2742 libelle,
520 2713 584 2743 ego
600 2704 672 2745 ipse
689 2705 772 2745 vidi,
788 2715 852 2736 nec

238 2752 357 2793 Delph.
369 2758 399 2786 et
418 2756 492 2789 Var.
512 2757 595 2789 Clas.

899 1086 1002 1116 semel
1029 1086 1098 1118 vidi
1113 1086 1242 1119 fatuum
1262 1089 1408 1121 Neronis
1426 1089 1467 1121 de
1483 1091 1606 1121 carmi·

897 1135 995 1167 nibus
1007 1136 1192 1177 judicium,
1217 1139 1423 1180 stultamque
1439 1140 1604 1173 nobilium

899 1187 1132 1219 Romanorum
1148 1190 1202 1221 vel
1219 1189 1442 1229 ignorantiam
1456 1192 1510 1223 vel
1522 1191 1604 1223 adu-

901 1237 1073 1269 lationem.

947 1291 1004 1319 121
1041 1290 1209 1321 Auriculas
1231 1291 1323 1332 asini,
1347 1293 1417 1334 fisa]
1464 1293 1604 1325 Dicitur

900 1339 1040 1371 Persius
1078 1341 1271 1381 scripsisse:
1318 1343 1488 1374 Aurio-ulos
1523 1342 1604 1375 asini

900 1390 995 1420 Mida
1030 1400 1089 1421 rex
1122 1391 1230 1423 habet:
1268 1393 1457 1426 correxisse
1491 1399 1604 1426 autem

901 1440 1050 1471 Annaeus
1064 1442 1247 1483 Cornutus,
1260 1443 1371 1474 Persii
1388 1449 1602 1486 praeceptor:

901 1490 968 1529 quis
995 1501 1054 1522 non
1079 1491 1193 1524 habet?
1226 1502 1269 1523 ne
1286 1503 1322 1525 se
1339 1499 1492 1527 notatum
1509 1497 1605 1528 Nero

901 1540 999 1571 nimis
1030 1546 1148 1581 aperte
1170 1542 1392 1584 intelligeret.
1438 1546 1606 1579 Casaubo-

900 1600 974 1631 nus,
984 1592 1146 1633 Lubinus,
1159 1598 1193 1624 et
1205 1593 1271 1625 alii.
1314 1595 1442 1627 Contra
1454 1586 1606 1630 nonnulli

900 1647 1073 1683 pugnant:
1112 1654 1179 1675 non
1209 1644 1317 1676 minus
1347 1650 1466 1686 aperte
1496 1648 1607 1680 videri

900 1696 1055 1724 notatum
1086 1693 1193 1725 fuisse
1226 1696 1398 1728 Neronem
1430 1697 1605 1732 afferendo

900 1743 1041 1783 vulgata
1066 1744 1106 1775 ab
1128 1754 1170 1775 eo
1195 1746 1333 1786 scripta,
1363 1748 1462 1778 Torva
1477 1749 1607 1781 Mimal-

900 1793 1005 1832 loneis,
1028 1797 1075 1832 et,
1108 1795 1336 1836 Berecynthius
1362 1798 1477 1830 Attin.-
1515 1801 1606 1831 unde

901 1844 1114 1875 contendunt
1130 1845 1203 1876 haec
1219 1855 1284 1876 non
1298 1845 1401 1878 fuisse
1416 1849 1521 1889 ipsius
1537 1850 1606 1882 Ne—

902 1894 1006 1934 ronis,
1023 1899 1060 1926 ut
1075 1904 1133 1926 suo
1146 1896 1221 1927 loco
1236 1897 1394 1930 diximus.
1442 1900 1605 1931 Ceterum

905 1953 1022 1975 sensus
1053 1949 1129 1976 est:
1164 1950 1232 1977 tam
1259 1946 1376 1987 inepte
1399 1948 1535 1988 judicat
1561 1950 1605 1981 de

906 1994 1132 2034 Carminibus,
1166 2006 1267 2037 quam
1298 1997 1412 2029 Midas
1445 1998 1605 2040 decantu,

907 2045 961 2076 cui
985 2050 1171 2086 propterea
1194 2046 1228 2077 in
1250 2047 1437 2079 ludibrium
1461 2049 1604 2082 asininas

908 2106 1007 2129 aures
1025 2095 1134 2127 affixit
1151 2096 1285 2138 Apollo.

946 2151 1017 2181 Hoc
1032 2158 1088 2188 ego
1103 2147 1259 2187 opertum]
1309 2149 1423 2179 Meam
1449 2149 1534 2182 hanc
1551 2150 1607 2182 de-

901 2202 1062 2233 risionem
1090 2199 1171 2229 licet
1198 2200 1368 2230 occultam
1399 2205 1468 2231 tam
1497 2202 1608 2241 parvi,

902 2252 968 2281 imo
986 2249 1080 2281 nihili
1104 2259 1122 2278 a
1141 2253 1187 2286 tc,
1203 2257 1221 2277 ο
1238 2249 1393 2286 monitor,
1418 2255 1453 2281 et
1470 2250 1512 2281 ab
1536 2252 1609 2282 aliis

904 2300 992 2331 forte
1017 2298 1261 2337 aestimandam,
1290 2310 1351 2340 ego
1383 2307 1495 2332 tamen
1521 2302 1607 2333 tanti

904 2352 1005 2390 facio,
1032 2355 1069 2380 ut
1097 2350 1200 2390 pluris
1227 2351 1394 2382 aestimcm
1419 2362 1519 2393 quam
1535 2354 1608 2385 Ho-

904 2401 987 2433 meri
1006 2400 1162 2438 Iliadem,
1192 2401 1243 2431 vel
1266 2401 1379 2441 potius
1397 2413 1495 2443 quam
1511 2402 1610 2435 Accii

906 2452 1074 2484 Labeonis
1108 2452 1262 2483 Latinam
1297 2453 1419 2493 Iliada,
1455 2455 1608 2496 quamvis

907 2504 1037 2537 Neroni
1063 2504 1243 2545 plurimum
1261 2504 1448 2545 probatam.
1486 2507 1610 2546 Supra,

905 2565 956 2587 vs,
972 2558 1005 2586 4.

950 2610 1012 2638 122
1036 2608 1134 2639 Nulla
1149 2607 1207 2638 tibi
1222 2608 1317 2638 vendo
1333 2607 1447 2647 Iliade]
1485 2607 1525 2637 Id
1543 2611 1609 2648 est,

906 2665 973 2687 non
988 2663 1230 2689 commutarem
1255 2666 1315 2697 pro
1332 2655 1452 2695 Iliade,
1475 2660 1513 2687 ut
1528 2666 1607 2688 mox

906 2706 987 2739 dixit

840 2759 930 2791 Pcrs.
1487 2758 1520 2790 D
