1888 3032
614 166 775 196 mensu

101 264 190 298 sunt,
204 269 285 302 quas
301 265 413 292 tamen
430 260 516 292 scire
531 270 594 291 nec
606 261 720 301 juvat,
736 270 800 291 nec

100 310 364 351 prodest.——Cur
377 311 487 352 palles]
505 312 545 343 ld
561 312 727 352 est,Qnas
743 321 803 343 nu-

101 371 159 401 gas
177 365 356 401 tantopere
372 362 558 406 demiraris,
574 367 669 394 tanto
689 363 802 394 studio

100 411 267 452 adfectas,
284 417 320 443 ut
342 413 420 444 inde
446 415 607 454 pallorem
635 414 696 445 tibi
724 424 801 445 con-

100 461 216 492 trahas
233 461 368 501 ?—s'ur‚
405 463 473 502 Qu]
519 462 643 494 Amara
682 463 802 494 irrisio.

103 510 158 542 Ob
174 512 274 543 hasce
292 514 530 551 nugacissimas
544 523 647 554 nugas
659 514 804 553 impran-

102 560 129 591 si
142 565 176 592 et
194 561 357 593 incoenati
373 567 531 604 tauquam
547 563 588 594 ob
603 573 671 594 rem
688 563 803 602 ingen-

103 610 146 641 tis
178 612 285 651 precii
316 622 352 644 se
382 617 569 650 macerant,
600 613 804 654 minimoque

103 660 179 692 cibo
195 663 349 693 contenti
364 663 494 694 vivunt.
538 663 653 694 Lubin.

143 713 185 741 86
209 711 287 752 His]
311 713 365 742 De
382 712 506 743 talibus
523 713 803 754 Philosophorum

102 760 230 799 verbis,
259 762 405 801 populus
439 763 610 794 Romanus
646 769 805 804 tauquam

101 808 232 842 affaniis
248 816 283 842 et
298 811 437 852 ineptiis
454 813 555 843 ridet.
591 812 658 844 Alii
676 814 807 854 legunt,

102 860 437 902 Hos—Multumque]
482 863 652 895 Juventns
675 864 805 895 militia}

102 909 229 950 dedita,
244 913 456 952 corpulenta,
479 918 514 944 et
537 915 805 945 torosa.—Toro-

102 961 151 1001 sa]
174 961 284 992 Valde
301 964 505 1003 corpulenti,
516 969 551 994 et
565 964 682 1003 torosi,
697 964 731 994 id
745 969 808 1003 est,

103 1010 212 1042 fortes
229 1017 264 1043 et
282 1013 577 1054 robustijuvenes.
611 1015 707 1045 Tor-us
718 1015 808 1045 enim

104 1061 243 1102 pulpam
259 1063 368 1093 carnis
383 1063 607 1094 musculosam
627 1063 808 1104 significat.

109 1112 206 1144 Idem.

147 1167 188 1196 87
212 1165 405 1207 Ingeminat]
427 1167 574 1207 Egregia
588 1167 809 1207 μυκτηρισμοῦ,

106 1213 159 1246 vel
175 1215 274 1246 soluti
288 1216 373 1247 risus
390 1217 586 1258 descriptio.
611 1218 725 1249 Lubin.
768 1218 811 1249 Id

107 1270 172 1305 est,
188 1266 244 1297 Ita
259 1266 479 1298 vehementer
493 1268 614 1299 irridet
628 1279 667 1300 ac
681 1269 813 1300 cachin-

106 1320 218 1357 natur,
241 1321 281 1348 ut
302 1322 412 1348 totum
439 1328 561 1359 corpus
577 1320 762 1359 concutiat,
777 1324 812 1350 et

108 1375 226 1398 nasum
242 1367 275 1398 in
293 1377 393 1407 rugas
409 1370 599 1401 contrahat.
642 1371 813 1401 Casaubon.

112 1417 175 1447 Vel
201 1417 243 1447 ad
266 1417 415 1448 habitum
433 1418 536 1459 ipsius
552 1420 637 1450 risus
653 1420 817 1459 respexit,

111 1477 177 1508 quo
193 1467 273 1498 illud
289 1468 329 1498 ha
343 1468 382 1498 ha
398 1469 437 1500 Ιια
463 1478 553 1508 saepe
570 1469 716 1501 tremula
731 1479 816 1500 voce

111 1518 424 1558 repetitur.——Naso
439 1518 610 1559 crispante]
649 1519 706 1550 Ob
733 1517 816 1549 effu-

113 1577 184 1598 sum
202 1568 316 1608 risum,
340 1578 420 1599 naso
447 1569 480 1599 in
505 1579 606 1609 rugas
627 1574 817 1600 contracto.

113 1617 226 1649 Lubin.

157 1671 199 1699 88
233 1669 368 1709 Inspice,
404 1670 473 1710 mu]
518 1670 717 1710 Respondet
745 1669 816 1710 jam

114 1718 263 1750 monitor
284 1728 344 1750 seu
365 1719 496 1760 doctor,
511 1720 694 1761 objectioni
710 1721 819 1750 vanis-

116 1769 190 1801 simi
224 1770 446 1808 centurionis,
478 1770 712 1801 demonstrans
740 1770 819 1801 Phi-

116 1819 277 1859 losophite
316 1819 464 1850 consiliis
510 1821 697 1860 parendum
735 1830 821 1859 esse,

117 1868 179 1899 nisi
197 1869 271 1909 quis
283 1869 362 1899 olim
378 1870 479 1900 animi
494 1871 620 1901 morbis
636 1870 821 1901 miserrime

119 1918 202 1949 velit
218 1918 351 1958 perire:
378 1918 479 1960 idque
496 1929 539 1950 ex
554 1919 728 1950 similibus.
773 1919 823 1950 Ut

120 1968 209 2000 enim
226 1969 307 2008 ‘aegri
328 1970 485 2009 neglecta
502 1969 630 2000 Medici
647 1969 822 2000 curatione

118 2019 304 2059 intereunt,
320 2020 369 2051 sic
386 2020 443 2051 isti
466 2020 545 2050 dum
560 2020 824 2061 Philosophiam,

122 2080 196 2111 quae
214 2071 398 2101 animorum
424 2070 602 2101 Medicina
626 2075 689 2110 est,
709 2079 823 2111 asper-

122 2125 257 2158 nantur,
287 2121 319 2150 in
354 2120 437 2151 vitia
473 2120 671 2161 praecipites
708 2124 824 2159 ruunt,

125 2180 198 2212 quae
215 2170 304 2210 ipsos
320 2171 408 2201 male
422 2170 556 2201 tandem
572 2170 732 2212 perdant.
764 2171 825 2201 Ca-

122 2219 392 2260 swa—Inspice]
416 2220 576 2260 Explora‚
597 2220 826 2260 perpende.—

126 2270 241 2302 Nescio
255 2270 342 2310 quid]
379 2270 501 2301 Nescio
518 2270 559 2300 ob
575 2279 676 2310 quam
692 2279 825 2300 causam

125 2325 244 2362 pectus
273 2320 353 2350 mihi
388 2320 528 2351 horrore
557 2319 828 2351 concutiatur.-

130 2370 292 2412 Trepidat]
322 2371 398 2409 Vel,
415 2372 552 2400 horrore
569 2370 761 2401 concutitur
785 2370 827 2400 ob

126 2419 235 2461 frigus
255 2421 307 2450 vel
323 2420 366 2450 ob
385 2420 616 2450 vehementem
634 2419 746 2450 cordis
760 2420 829 2460 pal-

127 2469 339 2510 pitationem.
383 2469 663 2509 Lubin.—AEgris,
678 2469 747 2509 θα]
776 2469 830 2500 AE-

130 2529 191 2560 gre
216 2520 435 2561 spirantibus,
449 2521 506 2551 vix
521 2520 677 2560 spiritum
705 2519 830 2551 ducen-

132 2569 235 2602 tibus.

175 2623 216 2651 89
239 2621 432 2662 Exsuperat]
469 2621 646 2662 Abundat,
662 2626 832 2663 superest,

133 2670 243 2711 gravis
258 2670 396 2711 halitus,
415 2677 449 2703 et
465 2673 705 2712 graveolentia.
747 2673 780 2703 T
782 2682 834 2703 ur-

132 2719 211 2751 neb.
239 2727 346 2752 xxm.
373 2721 601 2763 23.—Gravis]
643 2723 721 2764 Vel,
743 2722 833 2764 quod

837 166 941 196 ΜΤ.
978 167 1048 195 ιιι.
1471 158 1555 199 243

853 259 1003 299 graviter
1023 264 1064 291 ct
1080 269 1171 300 ingre
1187 260 1354 292 ducatur:
1380 261 1448 300 vel,
1465 262 1568 303 quod·

852 310 976 340 halitus
1002 311 1184 341 maleolcus
1201 309 1350 351 graviter
1373 311 1493 352 spiret,
1517 316 1557 343 nt

853 361 886 391 in
915 361 1109 401 pulmonum
1140 360 1558 402 putrefactionibus.—ln-

852 411 945 450 spice,
961 410 1030 450 Sym]
1053 410 1172 448 Sedes,
1195 411 1345 452 antiquae
1367 410 1557 445 affectatio-

855 462 905 491 nis
924 467 995 492 est:
1021 462 1106 492 adeo
1120 467 1155 492 ut
1169 463 1278 494 soluto
1299 473 1338 494 eo
1355 463 1491 504 quidam
1506 464 1558 496 nsi

856 513 943 543 sint:
980 518 1016 543 ut
1035 512 1190 551 Plautus,
1208 514 1263 554 qui
1280 524 1342 553 per
1358 514 1560 546 solutionem

856 564 904 594 sic
921 563 990 594 ait:
1016 564 1025 579 ‘
1038 563 1106 594 Die
1123 563 1213 602 mihi,
1228 563 1254 594 si
1272 564 1386 604 audes,
1402 575 1475 606 quae
1492 570 1559 606 est,

857 623 957 655 quam
974 613 1099 644 ducere
1118 613 1167 644 vis
1184 623 1323 645 uxorem
1336 615 1357 645 ,⁵²
1403 616 1469 646 Vct.
1487 616 1560 649 Sch.

856 663 1012 703 —Sodes]
1069 663 1251 695 Blanditur
1282 665 1415 697 medico
1430 678 1437 697 :
1476 668 1562 698 sodes

857 715 943 747 euim
962 715 1178 747 blandientis.
1223 717 1336 748 Lubin.

899 769 941 796 90
967 765 1040 805 Qui,
1055 764 1125 804 isc]
1170 766 1237 799 Qui
1263 767 1388 798 talibus
1404 773 1438 799 et
1455 769 1562 800 consi-

857 815 994 846 milibus
1017 815 1130 845 verbis
1144 816 1313 847 medicum
1331 819 1561 858 compellavit.

857 865 1025 904 —Jussus,
1040 864 1109 904 εμπ]
1154 865 1220 896 Ubi
1239 866 1330 905 prius
1350 872 1480 898 certum
1495 878 1566 899 me-

858 915 1088 946 dicamentum
1124 925 1143 945 a
1180 915 1312 946 medico
1350 918 1490 950 sumsit:
1528 919 1562 949 in

859 969 1016 1006 quartum
1045 964 1134 995 diem
1164 970 1323 996 eventum
1358 973 1563 1008 exspectare

850 1016 966 1056 jussus
982 1019 1034 1045 est
1061 1024 1080 1044 a
1106 1014 1509 1059 medico.—-Requiescere]
1532 1018 1564 1049 A

859 1065 954 1103 luxu,
969 1064 1071 1095 nimio
1088 1064 1176 1104 cibo,
1189 1070 1223 1096 et
1239 1070 1324 1105 potu
1342 1077 1483 1099 cessare.
1517 1068 1565 1099 Id.

903 1117 943 1145 91
971 1114 1089 1153 Tertia,
1105 1116 1174 1155 ὅπη]
1198 1116 1329 1148 Meton.
1346 1118 1491 1158 subjecti
1504 1128 1565 1158 pro

863 1165 1036 1205 adjunctO,
1053 1174 1144 1204 aeger
1171 1166 1275 1196 tertia
1296 1172 1398 1197 nocte
1425 1167 1567 1199 vidit.—

866 1215 1069 1255 Compmsitas,
1085 1216 1153 1256 fisa]
1177 1216 1219 1247 Id
1236 1221 1300 1257 est,
1314 1218 1497 1258 mitigatas,
1512 1229 1569 1249 va-

863 1265 969 1305 lidas3
991 1266 1058 1305 vel,
1073 1266 1151 1306 rite,
1165 1267 1369 1307 composite,
1390 1269 1568 1309 aequaliter

859 1317 931 1357 jam
949 1316 1129 1357 palpitare,
1141 1320 1177 1347 et
1190 1317 1568 1358 moveri.—1⁷enas]Ar-

866 1368 1026 1398 teriarum
1043 1367 1195 1408 pulsum;
1229 1368 1295 1407 vel,
1318 1376 1421 1399 venas
1443 1369 1569 1409 simpli-

866 1418 963 1449 citer.
1008 1417 1121 1449 Lubin.

909 1470 950 1498 92
974 1468 1039 1507 De,
1053 1467 1122 1507 ἒςικ]
1146 1468 1200 1498 Ibi
1216 1472 1377 1509 tanquam
1389 1470 1463 1510 jam
1479 1471 1570 1501 omni

866 1518 982 1548 morbo
996 1516 1191 1558 profligato,
1203 1519 1324 1549 medici
1339 1519 1482 1560 ejusque
1494 1530 1571 1551 con-

868 1567 1016 1598 siliorum
1041 1567 1180 1606 oblitus,
1198 1568 1310 1599 vinum
1332 1568 1570 1601 Surrentinum

868 1623 1028 1659 tanquam
1044 1618 1157 1648 mitius
1175 1622 1209 1648 et
1228 1618 1337 1648 lenius
1354 1628 1372 1649 e
1389 1619 1488 1650 domo
1504 1629 1572 1651 ma-

863 1669 941 1709 jore
958 1668 1105 1709 alicujus
1121 1668 1221 1699 amici
1238 1668 1364 1706 divitis,
1382 1670 1504 1709 lagena
1519 1680 1571 1702 ca-

869 1718 996 1759 paciori
1010 1718 1073 1750 sibi
1092 1718 1242 1749 exhiberi
1259 1720 1412 1759 rogavit:
1432 1720 1571 1761 jamque

870 1770 911 1800 ad
942 1769 1099 1800 balneum
1126 1770 1483 1809 properat.—]lIodz’ce‚
1507 1771 1575 1811 δῖα]

870 1819 955 1852 Quae
969 1819 1047 1859 qnia
1059 1819 1278 1850 mediocriter
1287 1818 1372 1858 sitit,
1381 1820 1458 1859 plus
1469 1819 1573 1850 etiam

870 1869 1039 1908 aliquanto
1054 1867 1148 1908 capit
1165 1872 1201 1898 et
1215 1877 1277 1908 pro
1294 1868 1464 1908 capaciori
1480 1869 1575 1909 poni-

872 1924 939 1958 tur,
966 1924 1001 1949 et
1027 1918 1234 1950 describitur
1249 1920 1372 1960 lagena
1392 1920 1574 1951 mediocris

871 1969 1084 2009 capacitatis.

915 2023 956 2051 93
979 2020 1109 2057 Loturo,
1136 2018 1204 2059 ξω]
1246 2017 1319 2050 Sibi
1345 2019 1389 2050 ad
1415 2018 1574 2050 balneum

872 2069 1082 2111 properanti.
1152 2069 1246 2101 Nihil
1285 2074 1399 2100 autem
1437 2069 1575 2109 aegrotis

873 2118 1107 2161 periculosius,
1123 2128 1223 2159 quam
1249 2118 1416 2150 balneum.
1461 2118 1575 2149 Lubin.

873 2169 1120 2209 -Surrentina3
1142 2169 1231 2200 Vina
1247 2169 1407 2210 intelligit
1423 2179 1465 2200 ex
1479 2169 1577 2200 Cam-

875 2219 1126 2261 paniae-oppido
1141 2219 1320 2259 Surrento,
1338 2219 1426 2261 quod
1445 2229 1464 2250 a
1481 2218 1577 2251 Grae-

875 2271 922 2301 cis
940 2269 1125 2300 conditum.
1173 2270 1270 2300 Idem.

919 2323 959 2351 94
974 2320 1063 2350 Heus
1073 2319 1157 2359 bone,
1167 2319 1237 2360 Bm]
1250 2319 1364 2351 Verba
1375 2319 1510 2361 medici,
1522 2320 1580 2361 qui

878 2381 920 2402 ex
936 2371 1116 2412 improviso
1128 2371 1333 2402 intervenire
1344 2371 1497 2412 fingitur,
1508 2381 1580 2402 cer-

878 2421 991 2452 nentis
1008 2426 1171 2462 aegrotum
1189 2431 1298 2462 secus,
1315 2431 1353 2452 ac
1364 2422 1478 2463 jussus
1494 2426 1581 2460 erat,

879 2481 993 2512 agere,
1024 2478 1058 2503 et
1083 2472 1203 2503 balnea
1218 2477 1254 2503 et
1269 2473 1347 2503 vina
1363 2472 1581 2503 adhibere.-

883 2523 928 2553 Τιι
940 2522 1050 2562 palles]
1084 2523 1261 2563 AEgrotum
1287 2522 1397 2553 adhuc
1422 2529 1497 2551 esse
1523 2519 1581 2549 de-

880 2578 978 2604 notat
995 2583 1038 2604 ex
1055 2574 1217 2614 adjuncto
1228 2570 1510 2613 pallore.—Nihil
1520 2567 1581 2608 est]

882 2623 1079 2665 Respondet
1106 2628 1266 2663 aegrotus,
1294 2631 1390 2652 suum
1416 2619 1581 2660 pallorem

881 2674 1231 2711 excusansf-Videas,
1265 2670 1334 2711 ἐξα]
1383 2667 1582 2709 Respondet

883 2724 1058 2756 medicus:
1093 2722 1257 2756 Quamvis
1281 2720 1337 2752 hic
1360 2719 1470 2762 pallor
1486 2718 1582 2750 nihili
