1888 3032
234 111 318 155 114
739 119 781 149 Α.
816 115 976 146 euasi!
1015 115 1187 145 nuncet

236 222 355 265 Hinc
374 218 508 267 trahe,
531 228 630 270 quae
652 213 792 264 dicas,
811 223 1095 267 mensamque
1114 210 1306 264 relinque
1325 208 1526 264 Mycenis

235 289 349 331 Cum
370 286 511 339 capite
530 285 571 323 et
591 281 792 335 pedibus,
812 279 1075 333 plebeiaque
1096 277 1284 332 prandia
1302 279 1432 318 noris.

238 367 248 402 ἰ,
294 355 397 397 Non
416 349 617 405 equidem
636 349 720 390 hoe
741 348 910 397 studeo,
931 347 1112 387 bullatis
1133 349 1179 386 ut
1197 345 1304 385 mihi
1324 345 1450 397 nugis

237 423 404 476 Pagina
424 421 655 471 turgescat,
677 416 782 458 dare
802 415 978 470 pondus
997 415 1158 456 idonea
1175 413 1308 454 fumo.

239 489 405 531 Secreti
424 487 655 540 loquimur.
713 485 818 526 Tibi
836 497 967 534 nune,
985 483 1177 524 hortante
1196 479 1425 530 camoena,

1642 409 1700 452 20

239 618 362 651 liberali
375 618 457 658 J'ocO.
503 618 556 648 Ex
577 616 624 647 his
639 617 779 656 deprome
794 624 860 654 quoe
875 613 1007 644 scribas.-
1031 615 1059 643 et
1077 612 1202 643 remitte
1226 609 1369 651 Mycenis
1389 619 1508 640 mensas
1520 617 1588 639 cum
1604 608 1705 649 capite

239 666 268 694 et
285 661 429 703 pedibus;
454 664 483 692 et
498 670 643 699 cognosce
657 657 890 690 tantummodo
908 657 1016 697 populi
1030 655 1180 689 convicia.
1226 655 1319 684 Certe
1334 663 1394 683 non
1409 654 1441 683 in
1456 653 1488 682 id
1503 651 1655 690 incumbo,
1670 653 1706 681 ut

239 705 332 744 ungis
360 703 482 745 inflatis
505 704 689 734 intumescat
712 701 800 739 liber,
824 703 916 740 aptus
938 699 1046 737 facere
1072 699 1258 728 momentum
1278 696 1381 734 sumo.
1427 695 1545 726 Seclusi
1565 693 1707 725 dicimus,

244 748 315 780 Tibi
329 749 428 787 modo,
451 746 547 778 Elusa
561 745 745 785 instigante,
756 743 929 784 proebemus
943 741 1183 772 examinandum
1196 749 1269 777 σονς
1292 742 1320 770 et
1338 738 1413 769 libet
1428 739 1584 769 declarare
1599 736 1670 777 tibi,
1686 743 1707 767 o

857 833 1093 845 eeeeeeeeeeee

243 902 406 934 usurpare
423 891 494 923 sive
510 888 693 922 scribendo
709 888 781 920 sive
803 885 987 929 loquendo.
1013 886 1275 917 Casaubon.—l7
1303 893 1480 925 mensasque
1508 883 1547 914 C.
1566 881 1712 924 Mycenis

243 945 359 967 omnes
381 934 602 972 niembranae,
625 941 692 963 non
721 933 884 972 Mycenas,
901 929 992 971 quod
1009 934 1099 960 esset
1124 939 1185 970 pro
1210 929 1410 969 Mycenaeas
1435 924 1630 964 Μυκηναίας;
1654 925 1710 956 vel

245 979 486 1019 Mycenenses,
503 980 541 1007 ut
567 975 660 1016 apud
676 974 838 1006 Tullium.
859 972 1118 1004 Casaubon.—-19
1141 971 1278 1012 equidem
1303 971 1408 1001 studeo
1429 970 1497 1001 Ms.
1521 969 1600 1001 Gal.
1642 968 1711 1008 pul-

245 1021 319 1052 latis
335 1020 429 1051 Edit.
453 1019 572 1059 Steph.
616 1018 659 1049 In
674 1016 829 1049 omnibus
846 1015 982 1055 scriptis
1007 1024 1106 1045 manu
1130 1014 1236 1054 libris,
1259 1013 1459 1055 quibusdam
1475 1012 1580 1044 etiam
1596 1011 1712 1051 editis,

245 1063 436 1096 invenimus
452 1065 648 1094 constanter
669 1059 818 1101 pullatis:
843 1068 942 1100 quam
959 1057 1142 1089 lectionem
1159 1062 1194 1088 et
1211 1057 1351 1098 antiqua
1368 1055 1497 1087 scholia
1511 1058 1712 1097 agnoscunt.

905 1145 1045 1178 NOTAE

245 1213 297 1246 ait
323 1213 502 1253 Horatius,
530 1210 674 1243 ridendo
704 1220 822 1241 verum
855 1209 954 1249 dicis,

247 1265 434 1306 flagitiosos
447 1264 606 1303 castigas,
615 1261 746 1302 flagitia
757 1259 954 1301 proscribis.

291 1314 455 1356 Defigere]
501 1312 683 1354 Proprium
701 1310 839 1342 Criticis
855 1319 955 1341 voca-

248 1366 378 1403 bulum,
396 1365 453 1405 qui
477 1363 592 1394 obelos
609 1366 645 1394 et
666 1361 828 1391 verucula
844 1360 957 1390 solent

250 1417 439 1458 appingere
456 1415 498 1446 ad
516 1425 556 1446 ea
581 1424 656 1455 quae
685 1416 808 1443 notant
835 1421 874 1442 ac
897 1411 957 1441 im-

251 1466 414 1507 probant.

295 1518 335 1547 17
370 1516 456 1546 Hinc
486 1515 587 1555 trahe,
616 1523 682 1554 quoe
710 1512 812 1552 dicas]
870 1511 959 1552 Age,

249 1566 367 1606 ⁴Persi,
399 1575 502 1606 perge
534 1565 567 1596 in
597 1565 769 1604 instituto,
795 1572 814 1593 e
843 1562 961 1602 populi

250 1617 346 1648 vitiis
373 1619 572 1655 argumenta
595 1614 783 1645 Satirarum
809 1612 961 1643 desume.

248 1666 356 1700 ,Quod
373 1666 441 1696 erit
467 1669 564 1696 certe
592 1663 723 1700 utilius,
745 1672 845 1703 quam
870 1662 961 1692 siin-

256 1715 374 1756 gentia
389 1718 425 1745 et
438 1714 568 1745 tumida
583 1712 751 1745 scriberes
764 1712 819 1743 vel
835 1712 869 1742 in
882 1713 962 1742 Tra-

255 1766 388 1807 goediis,
405 1766 459 1796 vel
474 1765 508 1796 iu
525 1765 654 1805 Epicis.

299 1818 499 1857 Mensamque
513 1816 653 1856 relinque
669 1813 828 1856 Mycenis]
864 1813 961 1844 Grae-

255 1868 307 1900 cis
338 1867 494 1907 Tragicis
527 1865 669 1907 grandia
704 1875 765 1896 sua
801 1864 964 1905 permitte

255 1922 471 1959 argumenta,
488 1917 597 1958 qualis
621 1926 717 1948 coena
743 1916 903 1956 Thyestae
929 1919 966 1945 et

256 1968 370 2007 Terei,
388 1967 431 1998 de
448 1967 570 2008 quibus
587 1976 700 2007 supra.
724 1966 868 2007 Bchenoe
884 1965 964 1996 urbs

257 2018 500 2059 Peloponnesi,
515 2018 548 2048 in
571 2028 639 2059 qua
656 2021 752 2058 gesta
767 2016 895 2047 dieitur
916 2015 965 2046 fa-

253 2069 341 2100 bula
357 2068 454 2099 Atrei
471 2072 508 2098 et
519 2068 693 2109 Tliyestae.

304 2123 344 2151 18
371 2121 449 2150 Cum
475 2121 576 2159 eapite
599 2122 629 2150 et
652 2118 796 2159 pedibas]
843 2117 964 2149 Reser-

260 2173 360 2201 varat
375 2168 501 2200 Atreus
518 2173 636 2209 caput,
652 2169 770 2208 pedeS,
788 2172 824 2198 et
847 2177 965 2198 manus

250 2228 457 2260 -puerorurn,
472 2229 549 2259 quae
571 2223 649 2259 post
665 2228 794 2253 emnam
807 2217 965 2257 Thyestae

261 2269 360 2300 fratri
377 2269 544 2308 exhibuit,
558 2275 596 2300 ut
613 2269 718 2300 sciret
734 2279 817 2310 quas
835 2273 870 2299 et
887 2278 966 2309 quo-

254 2327 335 2348 ,rnm
351 2319 550 2349 devorasset
568 2329 700 2350 carnes.
748 2320 866 2350 Senee.
882 2319 968 2359 Thy-

262 2371 328 2398 est.
367 2368 376 2384 ί
394 2368 555 2398 Denudai
595 2374 687 2399 artus
725 2369 830 2409 dirus,
863 2374 967 2410 atque

262 2426 340 2449 ossa
355 2422 526 2457 amputat3
552 2419 700 2448 Tantum
718 2429 776 2449 ora
793 2423 918 2458 servat,
933 2423 969 2449 et

264 2467 363 2499 datas
379 2467 457 2498 fidei
473 2468 612 2498 manus?

306 2518 492 2558 Plebeiaque
525 2519 659 2558 prandia
689 2518 787 2557 noris]
847 2518 968 2547 Potius

267 2579 368 2612 quam
385 2569 525 2609 regalia,
541 2569 573 2599 in
593 2569 714 2609 quibus
742 2573 808 2599 tam
831 2569 970 2598 horren-

265 2621 319 2652 dae
343 2624 560 2661 apponuntur
577 2619 693 2660 dapes,
716 2620 824 2650 Tereo
841 2619 973 2650 scilicet

266 2674 304 2703 et
319 2670 492 2713 Thyestae.
526 2670 627 2712 Haec,
641 2670 789 2712 inquam,
807 2669 973 2711 relinque,

1010 1213 1046 1240 et
1075 1208 1226 1250 plebeias
1259 1217 1312 1238 res
1344 1207 1499 1248 inspice:
1536 1209 1715 1245 corruptos

1011 1259 1129 1300 populi
1144 1268 1255 1290 mores
1278 1258 1418 1289 satirico
1435 1258 1505 1289 sale
1521 1257 1662 1297 deterge
1679 1257 1716 1287 et

1010 1319 1177 1350 expurga.

1057 1363 1098 1391 19
1122 1361 1194 1390 Non
1224 1359 1361 1399 equidem
1387 1359 1441 1389 hoc
1465 1357 1590 1396 studeo]
1635 1357 1718 1388 Cor-

1012 1416 1095 1442 nuto
1125 1410 1265 1441 Persius
1294 1407 1501 1449 respondet:
1526 1411 1622 1438 certe
1649 1416 1718 1437 non

1013 1467 1097 1504 opto
1135 1466 1301 1493 centenas
1331 1469 1432 1491 voces
1467 1459 1508 1490 ad
1546 1467 1719 1500 pompam,

1014 1513 1105 1555 quod
1123 1513 1243 1544 Po'etae
1267 1512 1397 1549 solent;
1423 1510 1482 1541 sed
1511 1509 1611 1549 cupio
1635 1508 1720 1539 dun·

1015 1567 1112 1595 taxat
1128 1563 1217 1603 grati
1235 1562 1301 1592 mei
1318 1571 1399 1601 erga
1421 1565 1456 1591 te
1480 1559 1581 1590 animi
1604 1568 1720 1590 monu-

1014 1619 1131 1646 menta
1147 1613 1353 1653 relinquere.

1059 1664 1197 1694 Bullatis
1211 1663 1319 1702 nugis]
1345 1661 1469 1692 Verbis
1484 1671 1523 1692 ac
1540 1659 1721 1692 sententiis

1014 1714 1124 1745 instar
1141 1713 1243 1744 bullae
1271 1712 1410 1744 tumidis
1436 1716 1472 1743 et
1498 1710 1722 1752 fulgentibus,

1015 1766 1073 1796 sed
1104 1766 1195 1796 intus
1228 1764 1345 1795 vanis:
1379 1774 1461 1805 quas
1492 1763 1657 1795 Horatius
1688 1763 1722 1794 in

1017 1815 1118 1855 Arte,
1131 1816 1280 1856 ampullas
1294 1806 1404 1849 vocat.
1430 1814 1579 1848 Quidam
1591 1815 1726 1856 legunt,

1015 1866 1159 1907 pullatiS,
1177 1870 1211 1896 et
1235 1865 1410 1905 explicant
1433 1865 1475 1895 de
1497 1864 1665 1906 Tragicis,
1681 1873 1726 1895 ex

1019 1927 1059 1948 eo
1077 1916 1167 1958 quod
1193 1916 1226 1946 in
1247 1915 1435 1956 Tragoediis
1452 1915 1568 1946 induci
1591 1915 1727 1946 soleant

1021 1971 1109 2006 atra,
1137 1967 1245 2011 pulla,
1274 1970 1309 1997 et
1333 1965 1469 2009 lugubri
1492 1968 1589 1996 veste
1613 1964 1727 1995 induti

1021 2019 1146 2058 Reges.
1201 2016 1268 2047 Sed
1299 2025 1418 2056 parum
1448 2015 1563 2055 placet
1592 2014 1726 2046 acutior

1019 2067 1078 2097 illa
1097 2065 1338 2106 interpretatio
1356 2070 1390 2096 et
1406 2058 1521 2095 leetio.

1062 2120 1104 2147 20
1140 2116 1266 2155 Pagina
1301 2119 1470 2156 turgescat,
1503 2117 1579 2146 (lare
1609 2116 1728 2157 pondus

1019 2165 1239 2206 idoneasumo]
1286 2166 1361 2197 Nec
1378 2175 1442 2207 ego
1466 2166 1557 2197 nitor
1581 2166 1728 2196 auctori-

1022 2220 1127 2248 tatem
1145 2216 1337 2247 'conciliare
1364 2221 1399 2246 et
1427 2216 1632 2256 gravitatem
1660 2215 1729 2248 ina-

1022 2267 1134 2306 nibus,
1162 2266 1312 2305 fumosis,
1340 2266 1447 2306 vanis,
1475 2271 1510 2297 et
1541 2265 1727 2297 levioribus

1022 2317 1212 2356 versiculis,
1230 2327 1268 2348 ac
1287 2326 1401 2348 rerum
1424 2316 1600 2357 inopibus3
1625 2320 1664 2347 ut
1680 2316 1728 2346 lo-

1024 2368 1139 2409 quitur
1172 2367 1336 2398 Horatius
1374 2367 1408 2397 in
1441 2366 1527 2397 Arte
1563 2366 1726 2397 Poetica:

1025 2418 1120 2459 quasi
1137 2417 1241 2447 verba
1256 2418 1328 2447 sine
1346 2426 1381 2447 re
1399 2416 1525 2457 aliquid
1544 2416 1691 2447 valeant.

1066 2471 1104 2498 21
1132 2467 1252 2497 Sccrcti
1268 2467 1435 2506 loquimur]
1475 2466 1613 2497 Sincere
1630 2470 1666 2498 et
1683 2466 1729 2498 ci-

1025 2521 1077 2546 tra
1093 2515 1225 2552 fastum,
1241 2516 1303 2546 tibi
1317 2526 1393 2556 ego,
1407 2517 1496 2546 solus
1511 2516 1572 2547 soli
1586 2517 1725 2558 loquor:

1027 2575 1089 2596 nec
1117 2566 1211 2607 quasi
1240 2565 1350 2605 palam
1380 2576 1516 2597 carmen
1540 2571 1575 2597 et
1601 2567 1729 2607 scripta

1027 2621 1203 2648 ostentare
1219 2616 1332 2655 velim,
1348 2617 1502 2648 versibus
1519 2616 1583 2649 tibi
1599 2616 1728 2658 consig-

1026 2678 1071 2700 no
1087 2668 1188 2700 animi
1204 2668 1272 2700 mei
1286 2677 1393 2701 sensa.
