<?xml version="1.0" encoding="UTF-8"?>
<!DOCTYPE html PUBLIC "-//W3C//DTD XHTML 1.0 Transitional//EN"
    "http://www.w3.org/TR/xhtml1/DTD/xhtml1-transitional.dtd">
<html xmlns="http://www.w3.org/1999/xhtml" xml:lang="en" lang="en">
 <head>
  <title>
</title>
<meta http-equiv="Content-Type" content="text/html;charset=utf-8" />
  <meta name='ocr-system' content='tesseract 3.04.00' />
  <meta name='ocr-capabilities' content='ocr_page ocr_carea ocr_par ocr_line ocrx_word'/>
</head>
<body>
  <div class='ocr_page' id='page_1' title='image "./operaomnia00persuoft_0097.png"; bbox 0 0 1888 3032; ppageno 0'>
   <div class='ocr_carea' id='block_1_1' title="bbox 739 154 1027 185">
    <p class='ocr_par' dir='ltr' id='par_1_1' title="bbox 739 154 1027 185">
     <span class='ocr_line' id='line_1_1' title="bbox 739 154 1027 185; baseline -0.003 0"><span class='ocrx_word' id='word_1_1' title='bbox 739 154 921 185; x_wconf 83' lang='lat' dir='ltr'>SATlRA</span> <span class='ocrx_word' id='word_1_2' title='bbox 954 154 1027 184; x_wconf 88' lang='lat'>111.</span> 
     </span>
    </p>
   </div>
   <div class='ocr_carea' id='block_1_2' title="bbox 1557 137 1613 178">
    <p class='ocr_par' dir='ltr' id='par_1_2' title="bbox 1557 137 1613 178">
     <span class='ocr_line' id='line_1_2' title="bbox 1557 137 1613 178; baseline 0 0"><span class='ocrx_word' id='word_1_3' title='bbox 1557 137 1613 178; x_wconf 82' lang='lat'>85</span> 
     </span>
    </p>
   </div>
   <div class='ocr_carea' id='block_1_3' title="bbox 153 249 1322 442">
    <p class='ocr_par' dir='ltr' id='par_1_3' title="bbox 153 249 1322 442">
     <span class='ocr_line' id='line_1_3' title="bbox 214 249 1223 306; baseline -0.006 -11"><span class='ocrx_word' id='word_1_4' title='bbox 214 254 306 295; x_wconf 88' lang='lat' dir='ltr'>Hic</span> <span class='ocrx_word' id='word_1_5' title='bbox 329 253 489 306; x_wconf 86' lang='lat' dir='ltr'>aliquis</span> <span class='ocrx_word' id='word_1_6' title='bbox 511 251 564 292; x_wconf 87' lang='lat' dir='ltr'>de</span> <span class='ocrx_word' id='word_1_7' title='bbox 583 255 707 304; x_wconf 80' lang='lat' dir='ltr'>gente</span> <span class='ocrx_word' id='word_1_8' title='bbox 726 251 901 292; x_wconf 82' lang='lat' dir='ltr'>hircosa</span> <span class='ocrx_word' id='word_1_9' title='bbox 921 249 1223 291; x_wconf 85' lang='lat' dir='ltr'>centurionum</span> 
     </span>
     <span class='ocr_line' id='line_1_4' title="bbox 156 318 1322 372; baseline -0.006 -10"><span class='ocrx_word' id='word_1_10' title='bbox 156 322 304 370; x_wconf 82' lang='lat' dir='ltr'>Dicat,</span> <span class='ocrx_word' id='word_1_11' title='bbox 328 320 458 371; x_wconf 88' lang='lat' dir='ltr'>Quod</span> <span class='ocrx_word' id='word_1_12' title='bbox 482 321 588 361; x_wconf 79' lang='lat' dir='ltr'>satis</span> <span class='ocrx_word' id='word_1_13' title='bbox 610 324 689 368; x_wconf 81' lang='lat' dir='ltr'>est,</span> <span class='ocrx_word' id='word_1_14' title='bbox 712 319 838 372; x_wconf 79' lang='lat' dir='ltr'>sapio</span> <span class='ocrx_word' id='word_1_15' title='bbox 854 318 979 359; x_wconf 88' lang='lat' dir='ltr'>mihi:</span> <span class='ocrx_word' id='word_1_16' title='bbox 1011 330 1094 358; x_wconf 90' lang='lat' dir='ltr'>non</span> <span class='ocrx_word' id='word_1_17' title='bbox 1113 330 1194 370; x_wconf 85' lang='lat' dir='ltr'>ego</span> <span class='ocrx_word' id='word_1_18' title='bbox 1216 327 1322 356; x_wconf 90' lang='lat' dir='ltr'>curo</span> 
     </span>
     <span class='ocr_line' id='line_1_5' title="bbox 153 378 1221 442; baseline -0.005 -13"><span class='ocrx_word' id='word_1_19' title='bbox 153 378 279 437; x_wconf 81' lang='lat' dir='ltr'>Esse,</span> <span class='ocrx_word' id='word_1_20' title='bbox 303 389 417 442; x_wconf 90' lang='lat' dir='ltr'>quod</span> <span class='ocrx_word' id='word_1_21' title='bbox 440 388 664 428; x_wconf 78' lang='lat' dir='ltr'>Arcesilas</span> <span class='ocrx_word' id='word_1_22' title='bbox 684 387 1005 438; x_wconf 83' lang='lat' dir='ltr'>aerumnosique</span> <span class='ocrx_word' id='word_1_23' title='bbox 1025 385 1221 434; x_wconf 86' lang='lat' dir='ltr'>Solones,</span> 
     </span>
    </p>
   </div>
   <div class='ocr_carea' id='block_1_4' title="bbox 154 452 1157 508">
    <p class='ocr_par' dir='ltr' id='par_1_4' title="bbox 154 452 1157 508">
     <span class='ocr_line' id='line_1_6' title="bbox 154 452 1157 508; baseline -0.003 -14"><span class='ocrx_word' id='word_1_24' title='bbox 154 454 341 508; x_wconf 87' lang='lat' dir='ltr'>Obstipo</span> <span class='ocrx_word' id='word_1_25' title='bbox 364 455 526 508; x_wconf 83' lang='lat' dir='ltr'>capite,</span> <span class='ocrx_word' id='word_1_26' title='bbox 548 458 591 495; x_wconf 85' lang='lat' dir='ltr'>et</span> <span class='ocrx_word' id='word_1_27' title='bbox 610 453 786 506; x_wconf 83' lang='lat' dir='ltr'>figentes</span> <span class='ocrx_word' id='word_1_28' title='bbox 807 452 965 492; x_wconf 89' lang='lat' dir='ltr'>lumine</span> <span class='ocrx_word' id='word_1_29' title='bbox 984 456 1157 501; x_wconf 84' lang='lat' dir='ltr'>terram,</span> 
     </span>
    </p>
   </div>
   <div class='ocr_carea' id='block_1_5' title="bbox 1554 447 1610 488">
    <p class='ocr_par' dir='ltr' id='par_1_5' title="bbox 1554 447 1610 488">
     <span class='ocr_line' id='line_1_7' title="bbox 1554 447 1610 488; baseline 0 0"><span class='ocrx_word' id='word_1_30' title='bbox 1554 447 1610 488; x_wconf 76' lang='lat'>80</span> 
     </span>
    </p>
   </div>
   <div class='ocr_carea' id='block_1_6' title="bbox 154 518 1305 567">
    <p class='ocr_par' dir='ltr' id='par_1_6' title="bbox 154 518 1305 567">
     <span class='ocr_line' id='line_1_8' title="bbox 154 518 1305 567; baseline -0.003 -5"><span class='ocrx_word' id='word_1_31' title='bbox 154 521 381 563; x_wconf 82' lang='lat' dir='ltr'>Murmura</span> <span class='ocrx_word' id='word_1_32' title='bbox 402 536 500 563; x_wconf 88' lang='lat' dir='ltr'>cum</span> <span class='ocrx_word' id='word_1_33' title='bbox 520 533 668 561; x_wconf 85' lang='lat' dir='ltr'>secum</span> <span class='ocrx_word' id='word_1_34' title='bbox 689 525 732 559; x_wconf 84' lang='lat' dir='ltr'>et</span> <span class='ocrx_word' id='word_1_35' title='bbox 750 519 925 560; x_wconf 76' lang='lat' dir='ltr'>rabiosa</span> <span class='ocrx_word' id='word_1_36' title='bbox 945 519 1113 559; x_wconf 82' lang='lat' dir='ltr'>silentia</span> <span class='ocrx_word' id='word_1_37' title='bbox 1133 518 1305 567; x_wconf 85' lang='lat' dir='ltr'>rodunt,</span> 
     </span>
    </p>
   </div>
   <div class='ocr_carea' id='block_1_7' title="bbox 147 606 1612 778">
    <p class='ocr_par' dir='ltr' id='par_1_7' title="bbox 147 606 1612 778">
     <span class='ocr_line' id='line_1_9' title="bbox 147 606 1610 650; baseline -0.003 -10"><span class='ocrx_word' id='word_1_38' title='bbox 147 611 237 650; x_wconf 71' lang='lat' dir='ltr'>prior</span> <span class='ocrx_word' id='word_1_39' title='bbox 252 620 349 641; x_wconf 84' lang='lat' dir='ltr'>moena</span> <span class='ocrx_word' id='word_1_40' title='bbox 373 620 430 640; x_wconf 81' lang='lat' dir='ltr'>non</span> <span class='ocrx_word' id='word_1_41' title='bbox 447 610 545 640; x_wconf 81' lang='lat' dir='ltr'>adhuc</span> <span class='ocrx_word' id='word_1_42' title='bbox 562 612 721 640; x_wconf 68' lang='lat' dir='ltr'>consumta</span> <span class='ocrx_word' id='word_1_43' title='bbox 736 610 778 639; x_wconf 75' lang='lat' dir='ltr'>sit</span> <span class='ocrx_word' id='word_1_44' title='bbox 793 609 824 638; x_wconf 86' lang='lat' dir='ltr'>in</span> <span class='ocrx_word' id='word_1_45' title='bbox 841 618 921 639; x_wconf 79' lang='lat' dir='ltr'>mse.</span> <span class='ocrx_word' id='word_1_46' title='bbox 970 608 1044 639; x_wconf 79' lang='lat' dir='ltr'>Illic</span> <span class='ocrx_word' id='word_1_47' title='bbox 1071 608 1195 648; x_wconf 73' lang='lat' dir='ltr'>quidum</span> <span class='ocrx_word' id='word_1_48' title='bbox 1218 609 1255 638; x_wconf 75' lang='lat' dir='ltr'>cle</span> <span class='ocrx_word' id='word_1_49' title='bbox 1280 608 1377 646; x_wconf 74' lang='lat' dir='ltr'>stirpe</span> <span class='ocrx_word' id='word_1_50' title='bbox 1393 606 1513 637; x_wconf 81' lang='lat' dir='ltr'>hirsuta</span> <span class='ocrx_word' id='word_1_51' title='bbox 1531 607 1610 636; x_wconf 84' lang='lat' dir='ltr'>Cen-</span> 
     </span>
     <span class='ocr_line' id='line_1_10' title="bbox 150 649 1612 693; baseline -0.003 -11"><span class='ocrx_word' id='word_1_52' title='bbox 150 653 303 683; x_wconf 79' lang='lat' dir='ltr'>turionum</span> <span class='ocrx_word' id='word_1_53' title='bbox 320 652 527 692; x_wconf 69' lang='lat' dir='ltr'>respondebit.-</span> <span class='ocrx_word' id='word_1_54' title='bbox 551 652 675 693; x_wconf 82' lang='lat' dir='ltr'>Sufficit</span> <span class='ocrx_word' id='word_1_55' title='bbox 692 652 766 682; x_wconf 72' lang='lat' dir='ltr'>mihi</span> <span class='ocrx_word' id='word_1_56' title='bbox 783 661 847 682; x_wconf 80' lang='lat' dir='ltr'>meu</span> <span class='ocrx_word' id='word_1_57' title='bbox 863 652 1040 692; x_wconf 79' lang='lat' dir='ltr'>sa11ientia,·</span> <span class='ocrx_word' id='word_1_58' title='bbox 1063 661 1118 681; x_wconf 77' lang='lat' dir='ltr'>nec</span> <span class='ocrx_word' id='word_1_59' title='bbox 1140 660 1195 689; x_wconf 81' lang='lat' dir='ltr'>ego</span> <span class='ocrx_word' id='word_1_60' title='bbox 1211 650 1312 680; x_wconf 76' lang='lat' dir='ltr'>laboro</span> <span class='ocrx_word' id='word_1_61' title='bbox 1338 659 1400 680; x_wconf 74' lang='lat' dir='ltr'>csse</span> <span class='ocrx_word' id='word_1_62' title='bbox 1425 649 1513 679; x_wconf 88' lang='lat' dir='ltr'>idem</span> <span class='ocrx_word' id='word_1_63' title='bbox 1535 649 1612 688; x_wconf 78' lang='lat' dir='ltr'>quod</span> 
     </span>
     <span class='ocr_line' id='line_1_11' title="bbox 151 691 1612 732; baseline -0.003 -8"><span class='ocrx_word' id='word_1_64' title='bbox 151 694 290 726; x_wconf 79' lang='lat' dir='ltr'>fuerunt</span> <span class='ocrx_word' id='word_1_65' title='bbox 316 695 483 732; x_wconf 68' lang='lat' dir='ltr'>Arcesilas,</span> <span class='ocrx_word' id='word_1_66' title='bbox 499 699 529 725; x_wconf 85' lang='lat' dir='ltr'>et</span> <span class='ocrx_word' id='word_1_67' title='bbox 555 695 681 725; x_wconf 84' lang='lat' dir='ltr'><em>Solones</em></span> <span class='ocrx_word' id='word_1_68' title='bbox 706 695 875 725; x_wconf 80' lang='lat' dir='ltr'><em>calamitosi</em></span> <span class='ocrx_word' id='word_1_69' title='bbox 897 695 1012 724; x_wconf 61' lang='lat' dir='ltr'>certa-e</span> <span class='ocrx_word' id='word_1_70' title='bbox 1028 694 1164 731; x_wconf 70' lang='lat' dir='ltr'>incurva,</span> <span class='ocrx_word' id='word_1_71' title='bbox 1181 696 1210 723; x_wconf 80' lang='lat' dir='ltr'>et</span> <span class='ocrx_word' id='word_1_72' title='bbox 1236 692 1381 722; x_wconf 77' lang='lat' dir='ltr'><em>habentes</em></span> <span class='ocrx_word' id='word_1_73' title='bbox 1407 692 1505 721; x_wconf 68' lang='lat' dir='ltr'>oculos</span> <span class='ocrx_word' id='word_1_74' title='bbox 1526 691 1612 721; x_wconf 79' lang='lat' dir='ltr'>humi</span> 
     </span>
     <span class='ocr_line' id='line_1_12' title="bbox 151 734 1612 778; baseline -0.003 -10"><span class='ocrx_word' id='word_1_75' title='bbox 151 737 279 778; x_wconf 68' lang='lat' dir='ltr'>defixos,</span> <span class='ocrx_word' id='word_1_76' title='bbox 293 739 410 777; x_wconf 75' lang='lat' dir='ltr'>quando</span> <span class='ocrx_word' id='word_1_77' title='bbox 426 738 508 778; x_wconf 78' lang='lat' dir='ltr'>apud</span> <span class='ocrx_word' id='word_1_78' title='bbox 524 748 556 768; x_wconf 85' lang='lat' dir='ltr'>se</span> <span class='ocrx_word' id='word_1_79' title='bbox 572 738 656 768; x_wconf 82' lang='lat' dir='ltr'>iutra</span> <span class='ocrx_word' id='word_1_80' title='bbox 672 739 778 768; x_wconf 73' lang='lat' dir='ltr'>dentes</span> <span class='ocrx_word' id='word_1_81' title='bbox 793 740 917 767; x_wconf 74' lang='lat' dir='ltr'>versant</span> <span class='ocrx_word' id='word_1_82' title='bbox 934 746 1074 767; x_wconf 81' lang='lat' dir='ltr'>susurros</span> <span class='ocrx_word' id='word_1_83' title='bbox 1096 740 1126 767; x_wconf 82' lang='lat' dir='ltr'>et</span> <span class='ocrx_word' id='word_1_84' title='bbox 1153 736 1397 766; x_wconf 71' lang='lat' dir='ltr'><strong><em>taciturnitatem</em></strong></span> <span class='ocrx_word' id='word_1_85' title='bbox 1413 734 1566 773; x_wconf 79' lang='lat' dir='ltr'>rabidam,</span> <span class='ocrx_word' id='word_1_86' title='bbox 1583 736 1612 763; x_wconf 76' lang='lat' dir='ltr'>et</span> 
     </span>
    </p>
   </div>
   <div class='ocr_carea' id='block_1_8' title="bbox 768 811 883 822">
    <p class='ocr_par' dir='ltr' id='par_1_8' title="bbox 768 811 883 822">
     <span class='ocr_line' id='line_1_13' title="bbox 768 811 883 822; baseline 0 0"><span class='ocrx_word' id='word_1_87' title='bbox 768 811 883 822; x_wconf 57' lang='grc' dir='ltr'>ιιιιιι</span> 
     </span>
    </p>
   </div>
   <div class='ocr_carea' id='block_1_9' title="bbox 887 811 999 823">
    <p class='ocr_par' dir='ltr' id='par_1_9' title="bbox 887 811 999 823">
     <span class='ocr_line' id='line_1_14' title="bbox 887 811 999 823; baseline -0.018 0"><span class='ocrx_word' id='word_1_88' title='bbox 887 811 999 823; x_wconf 65' lang='lat'>““““</span> 
     </span>
    </p>
   </div>
   <div class='ocr_carea' id='block_1_10' title="bbox 665 865 1097 896">
    <p class='ocr_par' dir='ltr' id='par_1_10' title="bbox 665 865 1097 896">
     <span class='ocr_line' id='line_1_15' title="bbox 665 865 1097 896; baseline -0.002 0"><span class='ocrx_word' id='word_1_89' title='bbox 665 868 705 896; x_wconf 74' lang='lat'>80</span> <span class='ocrx_word' id='word_1_90' title='bbox 733 865 850 895; x_wconf 79' lang='lat' dir='ltr'>Iumina</span> <span class='ocrx_word' id='word_1_91' title='bbox 863 868 957 895; x_wconf 74' lang='lat' dir='ltr'>terre</span> <span class='ocrx_word' id='word_1_92' title='bbox 972 865 1039 895; x_wconf 81' lang='lat' dir='ltr'>Ms.</span> <span class='ocrx_word' id='word_1_93' title='bbox 1057 865 1097 896; x_wconf 90' lang='lat' dir='ltr'>R.</span> 
     </span>
    </p>
   </div>
   <div class='ocr_carea' id='block_1_11' title="bbox 811 941 950 972">
    <p class='ocr_par' dir='ltr' id='par_1_11' title="bbox 811 941 950 972">
     <span class='ocr_line' id='line_1_16' title="bbox 811 941 950 972; baseline 0 0"><span class='ocrx_word' id='word_1_94' title='bbox 811 941 950 972; x_wconf 75' lang='lat' dir='ltr'>NOTAE</span> 
     </span>
    </p>
   </div>
   <div class='ocr_carea' id='block_1_12' title="bbox 138 999 857 2698">
    <p class='ocr_par' dir='ltr' id='par_1_12' title="bbox 152 999 486 1039">
     <span class='ocr_line' id='line_1_17' title="bbox 152 999 486 1039; baseline 0.003 -10"><span class='ocrx_word' id='word_1_95' title='bbox 152 999 266 1039; x_wconf 82' lang='lat' dir='ltr'>priora</span> <span class='ocrx_word' id='word_1_96' title='bbox 283 999 486 1030; x_wconf 81' lang='lat' dir='ltr'><strong>defecerint.</strong></span> 
     </span>
    </p>

    <p class='ocr_par' dir='ltr' id='par_1_13' title="bbox 138 1049 854 1383">
     <span class='ocr_line' id='line_1_18' title="bbox 196 1049 851 1091; baseline 0.005 -13"><span class='ocrx_word' id='word_1_97' title='bbox 196 1049 292 1089; x_wconf 68' lang='grc' dir='ltr'>Οτι-ιι]</span> <span class='ocrx_word' id='word_1_98' title='bbox 337 1050 405 1079; x_wconf 79' lang='lat' dir='ltr'>Vas</span> <span class='ocrx_word' id='word_1_99' title='bbox 429 1054 573 1089; x_wconf 83' lang='lat' dir='ltr'>angusto</span> <span class='ocrx_word' id='word_1_100' title='bbox 601 1051 702 1088; x_wconf 88' lang='lat' dir='ltr'>collo,</span> <span class='ocrx_word' id='word_1_101' title='bbox 726 1050 760 1080; x_wconf 89' lang='lat' dir='ltr'>in</span> <span class='ocrx_word' id='word_1_102' title='bbox 786 1060 851 1091; x_wconf 86' lang='lat' dir='ltr'>quo</span> 
     </span>
     <span class='ocr_line' id='line_1_19' title="bbox 152 1099 852 1138; baseline 0.004 -10"><span class='ocrx_word' id='word_1_103' title='bbox 152 1099 266 1138; x_wconf 85' lang='lat' dir='ltr'>reponi</span> <span class='ocrx_word' id='word_1_104' title='bbox 286 1104 429 1130; x_wconf 79' lang='lat' dir='ltr'>mustum</span> <span class='ocrx_word' id='word_1_105' title='bbox 454 1099 595 1132; x_wconf 76' lang='lat' dir='ltr'><strong>solebat.</strong></span> <span class='ocrx_word' id='word_1_106' title='bbox 642 1100 791 1131; x_wconf 87' lang='lat' dir='ltr'>Sumitur</span> <span class='ocrx_word' id='word_1_107' title='bbox 816 1105 852 1131; x_wconf 85' lang='lat' dir='ltr'>et</span> 
     </span>
     <span class='ocr_line' id='line_1_20' title="bbox 153 1150 852 1190; baseline 0.004 -12"><span class='ocrx_word' id='word_1_108' title='bbox 153 1159 214 1188; x_wconf 88' lang='lat' dir='ltr'>pro</span> <span class='ocrx_word' id='word_1_109' title='bbox 242 1150 393 1190; x_wconf 82' lang='lat' dir='ltr'>quolibet</span> <span class='ocrx_word' id='word_1_110' title='bbox 421 1150 487 1180; x_wconf 89' lang='lat' dir='ltr'>alio</span> <span class='ocrx_word' id='word_1_111' title='bbox 515 1161 604 1184; x_wconf 78' lang='lat' dir='ltr'>vase,</span> <span class='ocrx_word' id='word_1_112' title='bbox 629 1161 669 1182; x_wconf 93' lang='lat' dir='ltr'>eo</span> <span class='ocrx_word' id='word_1_113' title='bbox 693 1151 852 1190; x_wconf 74' lang='lat' dir='ltr'>maxime,</span> 
     </span>
     <span class='ocr_line' id='line_1_21' title="bbox 150 1200 854 1242; baseline 0.003 -12"><span class='ocrx_word' id='word_1_114' title='bbox 150 1200 184 1230; x_wconf 91' lang='lat' dir='ltr'>in</span> <span class='ocrx_word' id='word_1_115' title='bbox 201 1210 267 1241; x_wconf 90' lang='lat' dir='ltr'>quo</span> <span class='ocrx_word' id='word_1_116' title='bbox 285 1202 485 1232; x_wconf 80' lang='lat' dir='ltr'>salsamenta</span> <span class='ocrx_word' id='word_1_117' title='bbox 503 1207 537 1232; x_wconf 87' lang='lat' dir='ltr'>et</span> <span class='ocrx_word' id='word_1_118' title='bbox 553 1203 662 1242; x_wconf 83' lang='lat' dir='ltr'>pisces</span> <span class='ocrx_word' id='word_1_119' title='bbox 681 1203 768 1233; x_wconf 81' lang='lat' dir='ltr'>saliti</span> <span class='ocrx_word' id='word_1_120' title='bbox 787 1212 854 1232; x_wconf 86' lang='lat' dir='ltr'>ser·</span> 
     </span>
     <span class='ocr_line' id='line_1_22' title="bbox 138 1249 854 1293; baseline 0.004 -13"><span class='ocrx_word' id='word_1_121' title='bbox 138 1249 327 1281; x_wconf 82' lang='lat' dir='ltr'>·vabantur.</span> <span class='ocrx_word' id='word_1_122' title='bbox 372 1252 506 1282; x_wconf 82' lang='lat' dir='ltr'>Graecis</span> <span class='ocrx_word' id='word_1_123' title='bbox 536 1252 628 1292; x_wconf 72' lang='grc' dir='ltr'>ὕρχη.</span> <span class='ocrx_word' id='word_1_124' title='bbox 674 1253 854 1293; x_wconf 86' lang='lat' dir='ltr'>Quaprop-</span> 
     </span>
     <span class='ocr_line' id='line_1_23' title="bbox 150 1301 854 1343; baseline 0.001 -11"><span class='ocrx_word' id='word_1_125' title='bbox 150 1306 204 1332; x_wconf 87' lang='lat' dir='ltr'>ter</span> <span class='ocrx_word' id='word_1_126' title='bbox 232 1307 268 1332; x_wconf 85' lang='lat' dir='ltr'>et</span> <span class='ocrx_word' id='word_1_127' title='bbox 295 1301 415 1332; x_wconf 79' lang='lat' dir='ltr'>Latine</span> <span class='ocrx_word' id='word_1_128' title='bbox 440 1303 607 1343; x_wconf 86' lang='lat' dir='ltr'>scriptum</span> <span class='ocrx_word' id='word_1_129' title='bbox 635 1303 726 1341; x_wconf 92' lang='lat' dir='ltr'>olim,</span> <span class='ocrx_word' id='word_1_130' title='bbox 749 1303 854 1343; x_wconf 79' lang='lat' dir='ltr'>orcha,</span> 
     </span>
     <span class='ocr_line' id='line_1_24' title="bbox 150 1351 497 1383; baseline 0.003 -1"><span class='ocrx_word' id='word_1_131' title='bbox 150 1352 303 1382; x_wconf 84' lang='lat' dir='ltr'>nonnulli</span> <span class='ocrx_word' id='word_1_132' title='bbox 316 1351 497 1383; x_wconf 85' lang='lat' dir='ltr'>affirmant.</span> 
     </span>
    </p>

    <p class='ocr_par' dir='ltr' id='par_1_14' title="bbox 150 1402 856 1685">
     <span class='ocr_line' id='line_1_25' title="bbox 193 1402 856 1444; baseline 0.003 -12"><span class='ocrx_word' id='word_1_133' title='bbox 193 1404 232 1432; x_wconf 85' lang='grc'>77</span> <span class='ocrx_word' id='word_1_134' title='bbox 273 1403 339 1433; x_wconf 78' lang='lat' dir='ltr'>Hic</span> <span class='ocrx_word' id='word_1_135' title='bbox 376 1403 500 1442; x_wconf 81' lang='lat' dir='ltr'>aliquis,</span> <span class='ocrx_word' id='word_1_136' title='bbox 538 1402 608 1442; x_wconf 53' lang='grc' dir='ltr'>ὅπη]</span> <span class='ocrx_word' id='word_1_137' title='bbox 668 1403 856 1444; x_wconf 81' lang='lat' dir='ltr'>Prolepsis,</span> 
     </span>
     <span class='ocr_line' id='line_1_26' title="bbox 153 1452 855 1492; baseline 0.003 -11"><span class='ocrx_word' id='word_1_138' title='bbox 153 1461 219 1492; x_wconf 90' lang='lat' dir='ltr'>qua</span> <span class='ocrx_word' id='word_1_139' title='bbox 232 1452 368 1482; x_wconf 74' lang='lat' dir='ltr'>Persius</span> <span class='ocrx_word' id='word_1_140' title='bbox 381 1452 543 1492; x_wconf 77' lang='lat' dir='ltr'>exprimit</span> <span class='ocrx_word' id='word_1_141' title='bbox 560 1453 698 1492; x_wconf 74' lang='lat' dir='ltr'>egregie</span> <span class='ocrx_word' id='word_1_142' title='bbox 715 1463 855 1492; x_wconf 74' lang='lat' dir='ltr'>pravam</span> 
     </span>
     <span class='ocr_line' id='line_1_27' title="bbox 152 1501 853 1543; baseline 0.001 -11"><span class='ocrx_word' id='word_1_143' title='bbox 152 1503 357 1542; x_wconf 79' lang='lat' dir='ltr'>opinionem,</span> <span class='ocrx_word' id='word_1_144' title='bbox 389 1507 423 1532; x_wconf 89' lang='lat' dir='ltr'>et</span> <span class='ocrx_word' id='word_1_145' title='bbox 453 1501 650 1543; x_wconf 84' lang='lat' dir='ltr'>frequentes</span> <span class='ocrx_word' id='word_1_146' title='bbox 682 1513 853 1533; x_wconf 79' lang='lat' dir='ltr'>sermones</span> 
     </span>
     <span class='ocr_line' id='line_1_28' title="bbox 153 1552 853 1593; baseline 0 -9"><span class='ocrx_word' id='word_1_147' title='bbox 153 1552 380 1584; x_wconf 75' lang='lat' dir='ltr'>Romanorum</span> <span class='ocrx_word' id='word_1_148' title='bbox 421 1553 628 1593; x_wconf 73' lang='lat' dir='ltr'>quorundam</span> <span class='ocrx_word' id='word_1_149' title='bbox 660 1554 773 1584; x_wconf 81' lang='lat' dir='ltr'>studia</span> <span class='ocrx_word' id='word_1_150' title='bbox 803 1564 853 1584; x_wconf 88' lang='lat' dir='ltr'>sa-</span> 
     </span>
     <span class='ocr_line' id='line_1_29' title="bbox 150 1603 851 1645; baseline 0.003 -12"><span class='ocrx_word' id='word_1_151' title='bbox 150 1603 289 1643; x_wconf 78' lang='lat' dir='ltr'>pientiae</span> <span class='ocrx_word' id='word_1_152' title='bbox 321 1603 588 1643; x_wconf 84' lang='lat' dir='ltr'>aspernantium,</span> <span class='ocrx_word' id='word_1_153' title='bbox 614 1614 698 1645; x_wconf 90' lang='lat' dir='ltr'>quos</span> <span class='ocrx_word' id='word_1_154' title='bbox 729 1604 851 1635; x_wconf 83' lang='lat' dir='ltr'>deiude</span> 
     </span>
     <span class='ocr_line' id='line_1_30' title="bbox 150 1652 291 1685; baseline 0.007 -1"><span class='ocrx_word' id='word_1_155' title='bbox 150 1652 291 1685; x_wconf 85' lang='lat' dir='ltr'><strong>refutat.</strong></span> 
     </span>
    </p>

    <p class='ocr_par' dir='ltr' id='par_1_15' title="bbox 148 1703 857 2247">
     <span class='ocr_line' id='line_1_31' title="bbox 193 1703 854 1745; baseline 0.003 -12"><span class='ocrx_word' id='word_1_156' title='bbox 193 1703 345 1743; x_wconf 75' lang='lat' dir='ltr'>Hircosa]</span> <span class='ocrx_word' id='word_1_157' title='bbox 391 1704 527 1745; x_wconf 83' lang='lat' dir='ltr'><strong>Legunt</strong></span> <span class='ocrx_word' id='word_1_158' title='bbox 547 1704 615 1744; x_wconf 86' lang='lat' dir='ltr'>alii,</span> <span class='ocrx_word' id='word_1_159' title='bbox 630 1704 761 1743; x_wconf 82' lang='lat' dir='ltr'>hirtosa,</span> <span class='ocrx_word' id='word_1_160' title='bbox 778 1714 854 1745; x_wconf 90' lang='lat' dir='ltr'>pro,</span> 
     </span>
     <span class='ocr_line' id='line_1_32' title="bbox 148 1753 856 1799; baseline 0.004 -16"><span class='ocrx_word' id='word_1_161' title='bbox 148 1753 251 1799; x_wconf 72' lang='lat' dir='ltr'>hirta,</span> <span class='ocrx_word' id='word_1_162' title='bbox 269 1755 320 1784; x_wconf 80' lang='lat' dir='ltr'>vel</span> <span class='ocrx_word' id='word_1_163' title='bbox 338 1754 482 1794; x_wconf 86' lang='lat' dir='ltr'>hirsuta,</span> <span class='ocrx_word' id='word_1_164' title='bbox 499 1760 536 1786; x_wconf 92' lang='lat' dir='ltr'>ut</span> <span class='ocrx_word' id='word_1_165' title='bbox 562 1755 610 1785; x_wconf 91' lang='lat' dir='ltr'>sic</span> <span class='ocrx_word' id='word_1_166' title='bbox 635 1755 856 1796; x_wconf 83' lang='lat' dir='ltr'>designentur</span> 
     </span>
     <span class='ocr_line' id='line_1_33' title="bbox 151 1804 856 1846; baseline 0.003 -12"><span class='ocrx_word' id='word_1_167' title='bbox 151 1804 282 1835; x_wconf 82' lang='lat' dir='ltr'>robusti</span> <span class='ocrx_word' id='word_1_168' title='bbox 308 1805 372 1835; x_wconf 88' lang='lat' dir='ltr'>viri</span> <span class='ocrx_word' id='word_1_169' title='bbox 399 1810 473 1836; x_wconf 90' lang='lat' dir='ltr'>toto</span> <span class='ocrx_word' id='word_1_170' title='bbox 500 1814 645 1846; x_wconf 87' lang='lat' dir='ltr'>corpore</span> <span class='ocrx_word' id='word_1_171' title='bbox 673 1805 792 1836; x_wconf 84' lang='lat' dir='ltr'>hirsuti</span> <span class='ocrx_word' id='word_1_172' title='bbox 820 1810 856 1836; x_wconf 87' lang='lat' dir='ltr'>et</span> 
     </span>
     <span class='ocr_line' id='line_1_34' title="bbox 150 1854 856 1896; baseline 0 -10"><span class='ocrx_word' id='word_1_173' title='bbox 150 1855 260 1896; x_wconf 81' lang='lat' dir='ltr'>pilosi.</span> <span class='ocrx_word' id='word_1_174' title='bbox 321 1854 370 1886; x_wconf 81' lang='lat' dir='ltr'>At</span> <span class='ocrx_word' id='word_1_175' title='bbox 406 1855 622 1886; x_wconf 87' lang='lat' dir='ltr'>nihilominus</span> <span class='ocrx_word' id='word_1_176' title='bbox 660 1856 856 1886; x_wconf 87' lang='lat' dir='ltr'>indicantur</span> 
     </span>
     <span class='ocr_line' id='line_1_35' title="bbox 149 1905 857 1946; baseline 0 -11"><span class='ocrx_word' id='word_1_177' title='bbox 149 1915 211 1946; x_wconf 90' lang='lat' dir='ltr'>per</span> <span class='ocrx_word' id='word_1_178' title='bbox 226 1915 360 1944; x_wconf 77' lang='lat' dir='ltr'>vocem,</span> <span class='ocrx_word' id='word_1_179' title='bbox 381 1905 519 1940; x_wconf 57' lang='lat' dir='ltr'>hir-cosm</span> <span class='ocrx_word' id='word_1_180' title='bbox 547 1905 672 1946; x_wconf 87' lang='lat' dir='ltr'>quippe</span> <span class='ocrx_word' id='word_1_181' title='bbox 691 1906 748 1946; x_wconf 89' lang='lat' dir='ltr'>qui</span> <span class='ocrx_word' id='word_1_182' title='bbox 774 1907 857 1936; x_wconf 86' lang='lat' dir='ltr'>mul-</span> 
     </span>
     <span class='ocr_line' id='line_1_36' title="bbox 151 1956 855 1996; baseline 0 -10"><span class='ocrx_word' id='word_1_183' title='bbox 151 1960 221 1986; x_wconf 91' lang='lat' dir='ltr'>tum</span> <span class='ocrx_word' id='word_1_184' title='bbox 247 1956 415 1993; x_wconf 86' lang='lat' dir='ltr'>laborant,</span> <span class='ocrx_word' id='word_1_185' title='bbox 445 1961 479 1986; x_wconf 87' lang='lat' dir='ltr'>et</span> <span class='ocrx_word' id='word_1_186' title='bbox 510 1965 586 1986; x_wconf 89' lang='lat' dir='ltr'>raro</span> <span class='ocrx_word' id='word_1_187' title='bbox 613 1961 725 1987; x_wconf 82' lang='lat' dir='ltr'>vestes</span> <span class='ocrx_word' id='word_1_188' title='bbox 752 1956 855 1996; x_wconf 85' lang='lat' dir='ltr'>depo-</span> 
     </span>
     <span class='ocr_line' id='line_1_37' title="bbox 149 2006 855 2046; baseline -0.001 -9"><span class='ocrx_word' id='word_1_189' title='bbox 149 2012 246 2045; x_wconf 86' lang='lat' dir='ltr'>nunt,</span> <span class='ocrx_word' id='word_1_190' title='bbox 259 2007 282 2037; x_wconf 90' lang='lat' dir='ltr'>ii</span> <span class='ocrx_word' id='word_1_191' title='bbox 300 2007 393 2038; x_wconf 82' lang='lat' dir='ltr'>velut</span> <span class='ocrx_word' id='word_1_192' title='bbox 408 2007 520 2037; x_wconf 82' lang='lat' dir='ltr'>hircus</span> <span class='ocrx_word' id='word_1_193' title='bbox 537 2006 642 2045; x_wconf 90' lang='lat' dir='ltr'>olent,</span> <span class='ocrx_word' id='word_1_194' title='bbox 665 2006 855 2046; x_wconf 74' lang='lat' dir='ltr'>praesertim</span> 
     </span>
     <span class='ocr_line' id='line_1_38' title="bbox 152 2056 854 2097; baseline -0.001 -10"><span class='ocrx_word' id='word_1_195' title='bbox 152 2057 215 2087; x_wconf 90' lang='lat' dir='ltr'>sub</span> <span class='ocrx_word' id='word_1_196' title='bbox 247 2056 320 2096; x_wconf 75' lang='lat' dir='ltr'>aiis,</span> <span class='ocrx_word' id='word_1_197' title='bbox 352 2056 433 2087; x_wconf 87' lang='lat' dir='ltr'>item</span> <span class='ocrx_word' id='word_1_198' title='bbox 470 2057 601 2087; x_wconf 80' lang='lat' dir='ltr'>barbati</span> <span class='ocrx_word' id='word_1_199' title='bbox 636 2060 737 2089; x_wconf 83' lang='lat' dir='ltr'>sunt:</span> <span class='ocrx_word' id='word_1_200' title='bbox 776 2065 854 2097; x_wconf 84' lang='lat' dir='ltr'>quae</span> 
     </span>
     <span class='ocr_line' id='line_1_39' title="bbox 151 2106 855 2148; baseline 0.003 -12"><span class='ocrx_word' id='word_1_201' title='bbox 151 2107 263 2137; x_wconf 86' lang='lat' dir='ltr'>omnia</span> <span class='ocrx_word' id='word_1_202' title='bbox 301 2107 454 2138; x_wconf 85' lang='lat' dir='ltr'>militiam</span> <span class='ocrx_word' id='word_1_203' title='bbox 494 2106 734 2147; x_wconf 84' lang='lat' dir='ltr'>profitentibus</span> <span class='ocrx_word' id='word_1_204' title='bbox 763 2116 855 2148; x_wconf 70' lang='lat' dir='ltr'>saepe</span> 
     </span>
     <span class='ocr_line' id='line_1_40' title="bbox 150 2157 854 2199; baseline 0.004 -13"><span class='ocrx_word' id='word_1_205' title='bbox 150 2157 363 2196; x_wconf 80' lang='lat' dir='ltr'>contingunt.</span> <span class='ocrx_word' id='word_1_206' title='bbox 411 2157 467 2188; x_wconf 84' lang='lat' dir='ltr'>Ita</span> <span class='ocrx_word' id='word_1_207' title='bbox 494 2159 664 2197; x_wconf 76' lang='lat' dir='ltr'>graviores</span> <span class='ocrx_word' id='word_1_208' title='bbox 680 2158 854 2199; x_wconf 84' lang='lat' dir='ltr'>Interpre-</span> 
     </span>
     <span class='ocr_line' id='line_1_41' title="bbox 149 2207 589 2247; baseline -0.002 -9"><span class='ocrx_word' id='word_1_209' title='bbox 149 2212 199 2238; x_wconf 86' lang='lat' dir='ltr'>tes</span> <span class='ocrx_word' id='word_1_210' title='bbox 215 2207 334 2247; x_wconf 80' lang='lat' dir='ltr'>legunt</span> <span class='ocrx_word' id='word_1_211' title='bbox 349 2212 383 2238; x_wconf 89' lang='lat' dir='ltr'>et</span> <span class='ocrx_word' id='word_1_212' title='bbox 403 2207 589 2247; x_wconf 73' lang='lat' dir='ltr'>explicant.</span> 
     </span>
    </p>

    <p class='ocr_par' dir='ltr' id='par_1_16' title="bbox 149 2256 852 2398">
     <span class='ocr_line' id='line_1_42' title="bbox 192 2256 852 2298; baseline 0 -10"><span class='ocrx_word' id='word_1_213' title='bbox 192 2260 234 2288; x_wconf 87' lang='grc'>78</span> <span class='ocrx_word' id='word_1_214' title='bbox 259 2257 350 2292; x_wconf 82' lang='lat' dir='ltr'>Qum!</span> <span class='ocrx_word' id='word_1_215' title='bbox 364 2259 440 2288; x_wconf 76' lang='lat' dir='ltr'>satis</span> <span class='ocrx_word' id='word_1_216' title='bbox 461 2262 521 2296; x_wconf 78' lang='lat' dir='ltr'>est,</span> <span class='ocrx_word' id='word_1_217' title='bbox 536 2258 635 2298; x_wconf 73' lang='lat' dir='ltr'>sapio,</span> <span class='ocrx_word' id='word_1_218' title='bbox 650 2258 720 2298; x_wconf 53' lang='grc' dir='ltr'>ξω]</span> <span class='ocrx_word' id='word_1_219' title='bbox 764 2256 852 2288; x_wconf 85' lang='lat' dir='ltr'>Amo</span> 
     </span>
     <span class='ocr_line' id='line_1_43' title="bbox 151 2307 850 2350; baseline 0.003 -12"><span class='ocrx_word' id='word_1_220' title='bbox 151 2307 378 2339; x_wconf 82' lang='lat' dir='ltr'>Romanorum</span> <span class='ocrx_word' id='word_1_221' title='bbox 393 2307 529 2338; x_wconf 84' lang='lat' dir='ltr'>vivendi</span> <span class='ocrx_word' id='word_1_222' title='bbox 541 2317 680 2347; x_wconf 86' lang='lat' dir='ltr'>morem,</span> <span class='ocrx_word' id='word_1_223' title='bbox 694 2308 850 2350; x_wconf 88' lang='lat' dir='ltr'>huncque</span> 
     </span>
     <span class='ocr_line' id='line_1_44' title="bbox 149 2357 699 2398; baseline 0.004 -12"><span class='ocrx_word' id='word_1_224' title='bbox 149 2357 336 2397; x_wconf 63' lang='lat' dir='ltr'>peregrinae</span> <span class='ocrx_word' id='word_1_225' title='bbox 354 2358 528 2398; x_wconf 79' lang='lat' dir='ltr'>sapientiae</span> <span class='ocrx_word' id='word_1_226' title='bbox 543 2357 699 2398; x_wconf 77' lang='lat' dir='ltr'>praet&#39;ero.</span> 
     </span>
    </p>

    <p class='ocr_par' dir='ltr' id='par_1_17' title="bbox 148 2407 851 2698">
     <span class='ocr_line' id='line_1_45' title="bbox 192 2407 850 2449; baseline 0.002 -11"><span class='ocrx_word' id='word_1_227' title='bbox 192 2407 265 2438; x_wconf 72' lang='lat' dir='ltr'>Non</span> <span class='ocrx_word' id='word_1_228' title='bbox 282 2418 336 2448; x_wconf 82' lang='lat' dir='ltr'>ego</span> <span class='ocrx_word' id='word_1_229' title='bbox 351 2419 423 2439; x_wconf 77' lang='lat' dir='ltr'>curo</span> <span class='ocrx_word' id='word_1_230' title='bbox 436 2408 515 2448; x_wconf 74' lang='lat' dir='ltr'>esse]</span> <span class='ocrx_word' id='word_1_231' title='bbox 572 2409 685 2439; x_wconf 69' lang='lat' dir='ltr'>Nolim</span> <span class='ocrx_word' id='word_1_232' title='bbox 699 2418 762 2449; x_wconf 84' lang='lat' dir='ltr'>ego</span> <span class='ocrx_word' id='word_1_233' title='bbox 779 2412 850 2439; x_wconf 88' lang='lat' dir='ltr'>tan·</span> 
     </span>
     <span class='ocr_line' id='line_1_46' title="bbox 148 2458 850 2500; baseline 0.001 -12"><span class='ocrx_word' id='word_1_234' title='bbox 148 2462 219 2488; x_wconf 85' lang='lat' dir='ltr'>tum</span> <span class='ocrx_word' id='word_1_235' title='bbox 238 2468 371 2498; x_wconf 77' lang='lat' dir='ltr'>sapere,</span> <span class='ocrx_word' id='word_1_236' title='bbox 393 2463 428 2489; x_wconf 92' lang='lat' dir='ltr'>et</span> <span class='ocrx_word' id='word_1_237' title='bbox 444 2468 497 2489; x_wconf 92' lang='lat' dir='ltr'>me</span> <span class='ocrx_word' id='word_1_238' title='bbox 513 2458 658 2500; x_wconf 86' lang='lat' dir='ltr'>fatigare</span> <span class='ocrx_word' id='word_1_239' title='bbox 685 2459 718 2489; x_wconf 92' lang='lat' dir='ltr'>in</span> <span class='ocrx_word' id='word_1_240' title='bbox 741 2459 850 2490; x_wconf 86' lang='lat' dir='ltr'>inves-</span> 
     </span>
     <span class='ocr_line' id='line_1_47' title="bbox 150 2509 851 2550; baseline 0.004 -11"><span class='ocrx_word' id='word_1_241' title='bbox 150 2509 291 2548; x_wconf 84' lang='lat' dir='ltr'>tiganda</span> <span class='ocrx_word' id='word_1_242' title='bbox 318 2510 496 2550; x_wconf 73' lang='lat' dir='ltr'>sapientia,</span> <span class='ocrx_word' id='word_1_243' title='bbox 527 2515 564 2541; x_wconf 91' lang='lat' dir='ltr'>ut</span> <span class='ocrx_word' id='word_1_244' title='bbox 591 2511 723 2541; x_wconf 57' lang='lat' dir='ltr'>Gravi:</span> <span class='ocrx_word' id='word_1_245' title='bbox 749 2511 851 2542; x_wconf 91' lang='lat' dir='ltr'>nolim</span> 
     </span>
     <span class='ocr_line' id='line_1_48' title="bbox 150 2557 848 2600; baseline 0.006 -12"><span class='ocrx_word' id='word_1_246' title='bbox 150 2557 368 2591; x_wconf 77' lang='lat' dir='ltr'>Academiam</span> <span class='ocrx_word' id='word_1_247' title='bbox 385 2561 588 2599; x_wconf 83' lang='lat' dir='ltr'>instaurare,</span> <span class='ocrx_word' id='word_1_248' title='bbox 603 2565 642 2592; x_wconf 89' lang='lat' dir='ltr'>ut</span> <span class='ocrx_word' id='word_1_249' title='bbox 657 2560 848 2600; x_wconf 79' lang='lat' dir='ltr'>Arcesilas3</span> 
     </span>
     <span class='ocr_line' id='line_1_49' title="bbox 151 2609 850 2652; baseline 0.007 -14"><span class='ocrx_word' id='word_1_250' title='bbox 151 2617 213 2639; x_wconf 89' lang='lat' dir='ltr'>nec</span> <span class='ocrx_word' id='word_1_251' title='bbox 228 2609 399 2642; x_wconf 80' lang='lat' dir='ltr'>civitatem</span> <span class='ocrx_word' id='word_1_252' title='bbox 419 2610 548 2652; x_wconf 83' lang='lat' dir='ltr'>legibus</span> <span class='ocrx_word' id='word_1_253' title='bbox 565 2613 696 2643; x_wconf 87' lang='lat' dir='ltr'>munire</span> <span class='ocrx_word' id='word_1_254' title='bbox 721 2617 756 2643; x_wconf 85' lang='lat' dir='ltr'>et</span> <span class='ocrx_word' id='word_1_255' title='bbox 773 2622 850 2643; x_wconf 88' lang='lat' dir='ltr'>con-</span> 
     </span>
     <span class='ocr_line' id='line_1_50' title="bbox 154 2657 491 2698; baseline 0.015 -11"><span class='ocrx_word' id='word_1_256' title='bbox 154 2657 309 2698; x_wconf 78' lang='lat' dir='ltr'>stituere,</span> <span class='ocrx_word' id='word_1_257' title='bbox 324 2665 361 2691; x_wconf 85' lang='lat' dir='ltr'>ut</span> <span class='ocrx_word' id='word_1_258' title='bbox 376 2661 491 2692; x_wconf 77' lang='lat' dir='ltr'>Solon.</span> 
     </span>
    </p>
   </div>
   <div class='ocr_carea' id='block_1_13' title="bbox 193 2712 853 2755">
    <p class='ocr_par' dir='ltr' id='par_1_18' title="bbox 193 2712 853 2755">
     <span class='ocr_line' id='line_1_51' title="bbox 193 2712 853 2755; baseline 0.005 -14"><span class='ocrx_word' id='word_1_259' title='bbox 193 2712 235 2742; x_wconf 77' lang='lat'>79</span> <span class='ocrx_word' id='word_1_260' title='bbox 261 2712 428 2754; x_wconf 69' lang='lat' dir='ltr'>Arcesilas]</span> <span class='ocrx_word' id='word_1_261' title='bbox 474 2714 649 2746; x_wconf 76' lang='lat' dir='ltr'>Crantoris</span> <span class='ocrx_word' id='word_1_262' title='bbox 667 2714 853 2755; x_wconf 80' lang='lat' dir='ltr'>discipulus</span> 
     </span>
    </p>
   </div>
   <div class='ocr_carea' id='block_1_14' title="bbox 905 996 1617 2751">
    <p class='ocr_par' dir='ltr' id='par_1_19' title="bbox 906 996 1614 1535">
     <span class='ocr_line' id='line_1_52' title="bbox 906 996 1612 1038; baseline -0.004 -8"><span class='ocrx_word' id='word_1_263' title='bbox 906 998 1021 1038; x_wconf 84' lang='lat' dir='ltr'>fuisse,</span> <span class='ocrx_word' id='word_1_264' title='bbox 1037 1004 1072 1030; x_wconf 91' lang='lat' dir='ltr'>et</span> <span class='ocrx_word' id='word_1_265' title='bbox 1098 998 1318 1030; x_wconf 76' lang='lat' dir='ltr'>Academiam</span> <span class='ocrx_word' id='word_1_266' title='bbox 1344 997 1536 1028; x_wconf 71' lang='lat' dir='ltr'>celebrasse</span> <span class='ocrx_word' id='word_1_267' title='bbox 1563 996 1612 1027; x_wconf 79' lang='lat' dir='ltr'>‹li-</span> 
     </span>
     <span class='ocr_line' id='line_1_53' title="bbox 906 1047 1611 1087; baseline -0.006 -7"><span class='ocrx_word' id='word_1_268' title='bbox 906 1049 1054 1087; x_wconf 85' lang='lat' dir='ltr'>citnr‚et</span> <span class='ocrx_word' id='word_1_269' title='bbox 1081 1054 1200 1079; x_wconf 86' lang='lat' dir='ltr'>contra</span> <span class='ocrx_word' id='word_1_270' title='bbox 1224 1048 1412 1086; x_wconf 79' lang='lat' dir='ltr'>Zenonem,</span> <span class='ocrx_word' id='word_1_271' title='bbox 1438 1047 1479 1078; x_wconf 78' lang='lat' dir='ltr'>(ie</span> <span class='ocrx_word' id='word_1_272' title='bbox 1506 1047 1611 1077; x_wconf 80' lang='lat' dir='ltr'>omni-</span> 
     </span>
     <span class='ocr_line' id='line_1_54' title="bbox 907 1094 1611 1131; baseline -0.004 0"><span class='ocrx_word' id='word_1_273' title='bbox 907 1100 969 1131; x_wconf 88' lang='lat' dir='ltr'>bus</span> <span class='ocrx_word' id='word_1_274' title='bbox 1002 1094 1227 1130; x_wconf 82' lang='lat' dir='ltr'>dubitandum</span> <span class='ocrx_word' id='word_1_275' title='bbox 1264 1098 1458 1129; x_wconf 77' lang='lat' dir='ltr'>affirmasse.</span> <span class='ocrx_word' id='word_1_276' title='bbox 1519 1098 1611 1129; x_wconf 87' lang='lat' dir='ltr'>Hinc</span> 
     </span>
     <span class='ocr_line' id='line_1_55' title="bbox 906 1148 1612 1189; baseline -0.007 -7"><span class='ocrx_word' id='word_1_277' title='bbox 906 1152 1057 1182; x_wconf 89' lang='lat' dir='ltr'>nonnulli</span> <span class='ocrx_word' id='word_1_278' title='bbox 1072 1150 1260 1181; x_wconf 70' lang='lat' dir='ltr'>Arcesilam</span> <span class='ocrx_word' id='word_1_279' title='bbox 1278 1150 1332 1180; x_wconf 80' lang='lat' dir='ltr'>liic</span> <span class='ocrx_word' id='word_1_280' title='bbox 1361 1159 1429 1189; x_wconf 77' lang='lat' dir='ltr'>prae</span> <span class='ocrx_word' id='word_1_281' title='bbox 1458 1148 1530 1178; x_wconf 84' lang='lat' dir='ltr'>aliis</span> <span class='ocrx_word' id='word_1_282' title='bbox 1554 1158 1612 1177; x_wconf 84' lang='lat' dir='ltr'>no-</span> 
     </span>
     <span class='ocr_line' id='line_1_56' title="bbox 907 1199 1613 1241; baseline -0.004 -10"><span class='ocrx_word' id='word_1_283' title='bbox 907 1201 1041 1241; x_wconf 88' lang='lat' dir='ltr'>minari,</span> <span class='ocrx_word' id='word_1_284' title='bbox 1078 1206 1112 1231; x_wconf 89' lang='lat' dir='ltr'>et</span> <span class='ocrx_word' id='word_1_285' title='bbox 1149 1200 1255 1231; x_wconf 88' lang='lat' dir='ltr'>tacite</span> <span class='ocrx_word' id='word_1_286' title='bbox 1290 1199 1439 1230; x_wconf 68' lang='lat' dir='ltr'>vellicari</span> <span class='ocrx_word' id='word_1_287' title='bbox 1469 1199 1563 1229; x_wconf 90' lang='lat' dir='ltr'>aiunt</span> <span class='ocrx_word' id='word_1_288' title='bbox 1593 1208 1613 1228; x_wconf 89' lang='lat' dir='ltr'>a</span> 
     </span>
     <span class='ocr_line' id='line_1_57' title="bbox 909 1248 1614 1292; baseline -0.004 -10"><span class='ocrx_word' id='word_1_289' title='bbox 909 1252 1041 1291; x_wconf 89' lang='lat' dir='ltr'>Persio,</span> <span class='ocrx_word' id='word_1_290' title='bbox 1057 1251 1114 1292; x_wconf 86' lang='lat' dir='ltr'>qui</span> <span class='ocrx_word' id='word_1_291' title='bbox 1129 1251 1255 1282; x_wconf 85' lang='lat' dir='ltr'>Stoicae</span> <span class='ocrx_word' id='word_1_292' title='bbox 1273 1255 1347 1281; x_wconf 85' lang='lat' dir='ltr'>erat</span> <span class='ocrx_word' id='word_1_293' title='bbox 1373 1254 1476 1280; x_wconf 78' lang='lat' dir='ltr'>sectae</span> <span class='ocrx_word' id='word_1_294' title='bbox 1499 1248 1614 1280; x_wconf 82' lang='lat' dir='ltr'>addic-</span> 
     </span>
     <span class='ocr_line' id='line_1_58' title="bbox 909 1300 1612 1334; baseline -0.004 0"><span class='ocrx_word' id='word_1_295' title='bbox 909 1308 974 1334; x_wconf 89' lang='lat' dir='ltr'>tus.</span> <span class='ocrx_word' id='word_1_296' title='bbox 998 1303 1088 1333; x_wconf 76' lang='lat' dir='ltr'>Tull.</span> <span class='ocrx_word' id='word_1_297' title='bbox 1105 1302 1139 1332; x_wconf 91' lang='lat' dir='ltr'>in</span> <span class='ocrx_word' id='word_1_298' title='bbox 1156 1303 1286 1334; x_wconf 76' lang='lat' dir='ltr'>Qnaest.</span> <span class='ocrx_word' id='word_1_299' title='bbox 1305 1300 1413 1332; x_wconf 70' lang='lat' dir='ltr'>Aean.</span> <span class='ocrx_word' id='word_1_300' title='bbox 1437 1301 1446 1316; x_wconf 81' lang='lat'><strong><em>⁴</em></strong></span> <span class='ocrx_word' id='word_1_301' title='bbox 1460 1300 1612 1331; x_wconf 79' lang='lat' dir='ltr'>Philoso-</span> 
     </span>
     <span class='ocr_line' id='line_1_59' title="bbox 910 1351 1612 1394; baseline -0.006 -10"><span class='ocrx_word' id='word_1_302' title='bbox 910 1354 997 1394; x_wconf 79' lang='lat' dir='ltr'>phiae</span> <span class='ocrx_word' id='word_1_303' title='bbox 1036 1362 1172 1384; x_wconf 76' lang='lat' dir='ltr'>eversor</span> <span class='ocrx_word' id='word_1_304' title='bbox 1190 1351 1211 1382; x_wconf 90' lang='lat'>:’</span> <span class='ocrx_word' id='word_1_305' title='bbox 1255 1351 1448 1390; x_wconf 76' lang='lat' dir='ltr'>Lactantio,</span> <span class='ocrx_word' id='word_1_306' title='bbox 1485 1359 1542 1381; x_wconf 84' lang='grc' dir='ltr'><strong>ιιι.</strong></span> <span class='ocrx_word' id='word_1_307' title='bbox 1581 1354 1612 1381; x_wconf 84' lang='grc'>5.</span> 
     </span>
     <span class='ocr_line' id='line_1_60' title="bbox 909 1400 1614 1444; baseline -0.006 -10"><span class='ocrx_word' id='word_1_308' title='bbox 909 1405 917 1420; x_wconf 82' lang='lat'><strong><em>⁴</em></strong></span> <span class='ocrx_word' id='word_1_309' title='bbox 932 1403 1141 1444; x_wconf 82' lang='lat' dir='ltr'>Ignorantiae</span> <span class='ocrx_word' id='word_1_310' title='bbox 1169 1402 1330 1442; x_wconf 78' lang='lat' dir='ltr'>magister</span> <span class='ocrx_word' id='word_1_311' title='bbox 1354 1400 1535 1432; x_wconf 81' lang='lat' dir='ltr'>Arcesilas&#39;</span> <span class='ocrx_word' id='word_1_312' title='bbox 1558 1410 1614 1430; x_wconf 70' lang='lat' dir='ltr'>vo-</span> 
     </span>
     <span class='ocr_line' id='line_1_61' title="bbox 910 1450 1613 1494; baseline -0.004 -10"><span class='ocrx_word' id='word_1_313' title='bbox 910 1458 1023 1492; x_wconf 85' lang='lat' dir='ltr'>catur;</span> <span class='ocrx_word' id='word_1_314' title='bbox 1048 1463 1128 1484; x_wconf 86' lang='lat' dir='ltr'>sane</span> <span class='ocrx_word' id='word_1_315' title='bbox 1158 1453 1234 1494; x_wconf 85' lang='lat' dir='ltr'>qnia</span> <span class='ocrx_word' id='word_1_316' title='bbox 1263 1452 1344 1483; x_wconf 87' lang='lat' dir='ltr'>nihil</span> <span class='ocrx_word' id='word_1_317' title='bbox 1371 1452 1505 1483; x_wconf 91' lang='lat' dir='ltr'>omnino</span> <span class='ocrx_word' id='word_1_318' title='bbox 1533 1450 1613 1482; x_wconf 84' lang='lat' dir='ltr'>sciri</span> 
     </span>
     <span class='ocr_line' id='line_1_62' title="bbox 911 1502 1111 1535; baseline 0 -1"><span class='ocrx_word' id='word_1_319' title='bbox 911 1502 1111 1535; x_wconf 83' lang='lat' dir='ltr'>affirmabat.</span> 
     </span>
    </p>

    <p class='ocr_par' dir='ltr' id='par_1_20' title="bbox 906 1552 1615 1894">
     <span class='ocr_line' id='line_1_63' title="bbox 950 1552 1613 1595; baseline -0.005 -10"><span class='ocrx_word' id='word_1_320' title='bbox 950 1555 1186 1595; x_wconf 62' lang='lat' dir='ltr'>[Eruinnosique</span> <span class='ocrx_word' id='word_1_321' title='bbox 1224 1553 1366 1591; x_wconf 79' lang='lat' dir='ltr'>Solones]</span> <span class='ocrx_word' id='word_1_322' title='bbox 1431 1552 1613 1592; x_wconf 80' lang='lat' dir='ltr'>Sapientes</span> 
     </span>
     <span class='ocr_line' id='line_1_64' title="bbox 906 1603 1613 1644; baseline -0.004 -9"><span class='ocrx_word' id='word_1_323' title='bbox 906 1609 1008 1635; x_wconf 89' lang='lat' dir='ltr'>vocat</span> <span class='ocrx_word' id='word_1_324' title='bbox 1040 1614 1259 1643; x_wconf 71' lang='lat' dir='ltr'>aerumnosos,</span> <span class='ocrx_word' id='word_1_325' title='bbox 1287 1605 1366 1644; x_wconf 83' lang='lat' dir='ltr'>qnia</span> <span class='ocrx_word' id='word_1_326' title='bbox 1391 1603 1523 1634; x_wconf 88' lang='lat' dir='ltr'>nonnisi</span> <span class='ocrx_word' id='word_1_327' title='bbox 1552 1612 1613 1642; x_wconf 87' lang='lat' dir='ltr'>per</span> 
     </span>
     <span class='ocr_line' id='line_1_65' title="bbox 909 1653 1614 1695; baseline -0.001 -11"><span class='ocrx_word' id='word_1_328' title='bbox 909 1655 1032 1685; x_wconf 82' lang='lat' dir='ltr'>multos</span> <span class='ocrx_word' id='word_1_329' title='bbox 1058 1655 1193 1685; x_wconf 87' lang='lat' dir='ltr'>labores</span> <span class='ocrx_word' id='word_1_330' title='bbox 1224 1654 1410 1695; x_wconf 86' lang='lat' dir='ltr'>acquiritur</span> <span class='ocrx_word' id='word_1_331' title='bbox 1435 1653 1614 1694; x_wconf 82' lang='lat' dir='ltr'>sapientia.</span> 
     </span>
     <span class='ocr_line' id='line_1_66' title="bbox 910 1703 1615 1743; baseline -0.004 -8"><span class='ocrx_word' id='word_1_332' title='bbox 910 1705 1019 1736; x_wconf 82' lang='lat' dir='ltr'>Porro</span> <span class='ocrx_word' id='word_1_333' title='bbox 1036 1705 1138 1735; x_wconf 89' lang='lat' dir='ltr'>Solon</span> <span class='ocrx_word' id='word_1_334' title='bbox 1154 1714 1240 1735; x_wconf 86' lang='lat' dir='ltr'>unus</span> <span class='ocrx_word' id='word_1_335' title='bbox 1255 1709 1327 1735; x_wconf 87' lang='lat' dir='ltr'>erat</span> <span class='ocrx_word' id='word_1_336' title='bbox 1339 1714 1357 1735; x_wconf 89' lang='lat' dir='ltr'>e</span> <span class='ocrx_word' id='word_1_337' title='bbox 1371 1708 1501 1743; x_wconf 85' lang='lat' dir='ltr'>septem</span> <span class='ocrx_word' id='word_1_338' title='bbox 1518 1703 1615 1734; x_wconf 81' lang='lat' dir='ltr'>Grae-</span> 
     </span>
     <span class='ocr_line' id='line_1_67' title="bbox 911 1754 1615 1795; baseline -0.004 -9"><span class='ocrx_word' id='word_1_339' title='bbox 911 1756 971 1786; x_wconf 77' lang='lat' dir='ltr'>ciae</span> <span class='ocrx_word' id='word_1_340' title='bbox 987 1756 1210 1795; x_wconf 84' lang='lat' dir='ltr'>sapientibus,</span> <span class='ocrx_word' id='word_1_341' title='bbox 1238 1760 1274 1786; x_wconf 88' lang='lat' dir='ltr'>et</span> <span class='ocrx_word' id='word_1_342' title='bbox 1294 1754 1553 1785; x_wconf 79' lang='lat' dir='ltr'>Atheniensium</span> <span class='ocrx_word' id='word_1_343' title='bbox 1570 1754 1615 1784; x_wconf 90' lang='lat' dir='ltr'>le-</span> 
     </span>
     <span class='ocr_line' id='line_1_68' title="bbox 911 1804 1612 1846; baseline -0.001 -11"><span class='ocrx_word' id='word_1_344' title='bbox 911 1805 1067 1845; x_wconf 77' lang='lat' dir='ltr'>gislator:</span> <span class='ocrx_word' id='word_1_345' title='bbox 1108 1805 1149 1835; x_wconf 91' lang='lat' dir='ltr'>de</span> <span class='ocrx_word' id='word_1_346' title='bbox 1187 1815 1252 1846; x_wconf 87' lang='lat' dir='ltr'>quo</span> <span class='ocrx_word' id='word_1_347' title='bbox 1291 1804 1366 1835; x_wconf 87' lang='lat' dir='ltr'>fuse</span> <span class='ocrx_word' id='word_1_348' title='bbox 1397 1804 1612 1843; x_wconf 81' lang='lat' dir='ltr'>Plutarchus,</span> 
     </span>
     <span class='ocr_line' id='line_1_69' title="bbox 911 1855 1216 1894; baseline 0 -8"><span class='ocrx_word' id='word_1_349' title='bbox 911 1855 1081 1894; x_wconf 63' lang='lat' dir='ltr'>Laertius,</span> <span class='ocrx_word' id='word_1_350' title='bbox 1098 1861 1133 1886; x_wconf 87' lang='lat' dir='ltr'>et</span> <span class='ocrx_word' id='word_1_351' title='bbox 1148 1855 1216 1886; x_wconf 87' lang='lat' dir='ltr'>alii.</span> 
     </span>
    </p>

    <p class='ocr_par' dir='ltr' id='par_1_21' title="bbox 910 1904 1615 2087">
     <span class='ocr_line' id='line_1_70' title="bbox 953 1904 1614 1946; baseline -0.002 -10"><span class='ocrx_word' id='word_1_352' title='bbox 953 1908 994 1936; x_wconf 84' lang='lat'>80</span> <span class='ocrx_word' id='word_1_353' title='bbox 1020 1905 1148 1945; x_wconf 79' lang='lat' dir='ltr'>Obstipo</span> <span class='ocrx_word' id='word_1_354' title='bbox 1165 1906 1278 1945; x_wconf 72' lang='lat' dir='ltr'>capite,</span> <span class='ocrx_word' id='word_1_355' title='bbox 1299 1910 1329 1935; x_wconf 86' lang='lat' dir='ltr'>et</span> <span class='ocrx_word' id='word_1_356' title='bbox 1347 1905 1486 1946; x_wconf 72' lang='lat' dir='ltr'>figentes</span> <span class='ocrx_word' id='word_1_357' title='bbox 1502 1904 1614 1935; x_wconf 81' lang='lat' dir='ltr'>lumine</span> 
     </span>
     <span class='ocr_line' id='line_1_71' title="bbox 910 1953 1614 1996; baseline -0.001 -11"><span class='ocrx_word' id='word_1_358' title='bbox 910 1956 1042 1995; x_wconf 78' lang='lat' dir='ltr'>terram]</span> <span class='ocrx_word' id='word_1_359' title='bbox 1088 1955 1175 1986; x_wconf 69' lang='lat' dir='ltr'>Haec</span> <span class='ocrx_word' id='word_1_360' title='bbox 1192 1956 1287 1996; x_wconf 85' lang='lat' dir='ltr'>signa</span> <span class='ocrx_word' id='word_1_361' title='bbox 1304 1960 1382 1985; x_wconf 89' lang='lat' dir='ltr'>sunt</span> <span class='ocrx_word' id='word_1_362' title='bbox 1397 1953 1540 1984; x_wconf 85' lang='lat' dir='ltr'>hominis</span> <span class='ocrx_word' id='word_1_363' title='bbox 1558 1962 1614 1984; x_wconf 90' lang='lat' dir='ltr'>co-</span> 
     </span>
     <span class='ocr_line' id='line_1_72' title="bbox 911 2004 1615 2047; baseline -0.001 -11"><span class='ocrx_word' id='word_1_364' title='bbox 911 2005 1101 2047; x_wconf 81' lang='lat' dir='ltr'>gitabundi,</span> <span class='ocrx_word' id='word_1_365' title='bbox 1127 2010 1162 2036; x_wconf 92' lang='lat' dir='ltr'>et</span> <span class='ocrx_word' id='word_1_366' title='bbox 1190 2004 1360 2046; x_wconf 83' lang='lat' dir='ltr'>profunda</span> <span class='ocrx_word' id='word_1_367' title='bbox 1383 2005 1528 2046; x_wconf 87' lang='lat' dir='ltr'>quadam</span> <span class='ocrx_word' id='word_1_368' title='bbox 1547 2013 1615 2035; x_wconf 88' lang='lat' dir='ltr'>me-</span> 
     </span>
     <span class='ocr_line' id='line_1_73' title="bbox 910 2054 1209 2087; baseline -0.003 0"><span class='ocrx_word' id='word_1_369' title='bbox 910 2056 1076 2087; x_wconf 83' lang='lat' dir='ltr'>ditatione</span> <span class='ocrx_word' id='word_1_370' title='bbox 1094 2054 1209 2086; x_wconf 80' lang='lat' dir='ltr'>defixi.</span> 
     </span>
    </p>

    <p class='ocr_par' dir='ltr' id='par_1_22' title="bbox 905 2105 1615 2347">
     <span class='ocr_line' id='line_1_74' title="bbox 956 2105 1615 2146; baseline -0.005 -8"><span class='ocrx_word' id='word_1_371' title='bbox 956 2106 1106 2145; x_wconf 73' lang='lat' dir='ltr'>Figentes</span> <span class='ocrx_word' id='word_1_372' title='bbox 1119 2106 1234 2136; x_wconf 81' lang='lat' dir='ltr'>lumine</span> <span class='ocrx_word' id='word_1_373' title='bbox 1250 2105 1382 2145; x_wconf 80' lang='lat' dir='ltr'>terram]</span> <span class='ocrx_word' id='word_1_374' title='bbox 1406 2105 1615 2146; x_wconf 82' lang='lat' dir='ltr'>Hypallage,</span> 
     </span>
     <span class='ocr_line' id='line_1_75' title="bbox 910 2155 1614 2197; baseline -0.003 -9"><span class='ocrx_word' id='word_1_375' title='bbox 910 2167 986 2197; x_wconf 87' lang='lat' dir='ltr'>pro,</span> <span class='ocrx_word' id='word_1_376' title='bbox 1002 2155 1190 2196; x_wconf 80' lang='lat' dir='ltr'>defigentes</span> <span class='ocrx_word' id='word_1_377' title='bbox 1215 2160 1315 2187; x_wconf 82' lang='lat' dir='ltr'>terrae</span> <span class='ocrx_word' id='word_1_378' title='bbox 1332 2156 1468 2187; x_wconf 87' lang='lat' dir='ltr'>lumina.</span> <span class='ocrx_word' id='word_1_379' title='bbox 1514 2156 1614 2188; x_wconf 73' lang='lat' dir='ltr'>Quod</span> 
     </span>
     <span class='ocr_line' id='line_1_76' title="bbox 909 2205 1614 2246; baseline -0.001 -9"><span class='ocrx_word' id='word_1_380' title='bbox 909 2206 1023 2237; x_wconf 83' lang='lat' dir='ltr'>facere</span> <span class='ocrx_word' id='word_1_381' title='bbox 1051 2216 1070 2237; x_wconf 85' lang='lat' dir='ltr'>a</span> <span class='ocrx_word' id='word_1_382' title='bbox 1097 2205 1299 2246; x_wconf 71' lang='lat' dir='ltr'>Paedagogis</span> <span class='ocrx_word' id='word_1_383' title='bbox 1324 2205 1549 2245; x_wconf 87' lang='lat' dir='ltr'>jubebantur,</span> <span class='ocrx_word' id='word_1_384' title='bbox 1576 2210 1614 2236; x_wconf 88' lang='lat' dir='ltr'>ut</span> 
     </span>
     <span class='ocr_line' id='line_1_77' title="bbox 906 2255 1615 2288; baseline -0.003 0"><span class='ocrx_word' id='word_1_385' title='bbox 906 2257 1083 2288; x_wconf 70' lang='lat' dir='ltr'>modesti-«e</span> <span class='ocrx_word' id='word_1_386' title='bbox 1097 2256 1195 2286; x_wconf 90' lang='lat' dir='ltr'>simul</span> <span class='ocrx_word' id='word_1_387' title='bbox 1207 2262 1241 2286; x_wconf 92' lang='lat' dir='ltr'>et</span> <span class='ocrx_word' id='word_1_388' title='bbox 1254 2255 1472 2286; x_wconf 82' lang='lat' dir='ltr'>meditationi</span> <span class='ocrx_word' id='word_1_389' title='bbox 1484 2264 1615 2286; x_wconf 81' lang='lat' dir='ltr'>assues-</span> 
     </span>
     <span class='ocr_line' id='line_1_78' title="bbox 905 2307 1357 2347; baseline -0.004 -8"><span class='ocrx_word' id='word_1_390' title='bbox 905 2312 1023 2339; x_wconf 90' lang='lat' dir='ltr'>cerent</span> <span class='ocrx_word' id='word_1_391' title='bbox 1041 2307 1184 2338; x_wconf 84' lang='lat' dir='ltr'>studiosi</span> <span class='ocrx_word' id='word_1_392' title='bbox 1196 2307 1357 2347; x_wconf 81' lang='lat' dir='ltr'>juvenes.</span> 
     </span>
    </p>

    <p class='ocr_par' dir='ltr' id='par_1_23' title="bbox 905 2356 1617 2751">
     <span class='ocr_line' id='line_1_79' title="bbox 948 2356 1606 2397; baseline 0.002 -9"><span class='ocrx_word' id='word_1_393' title='bbox 948 2361 985 2388; x_wconf 88' lang='grc'>81</span> <span class='ocrx_word' id='word_1_394' title='bbox 1007 2357 1143 2388; x_wconf 82' lang='lat' dir='ltr'>Rabiosa</span> <span class='ocrx_word' id='word_1_395' title='bbox 1158 2356 1282 2387; x_wconf 80' lang='lat' dir='ltr'>silentia</span> <span class='ocrx_word' id='word_1_396' title='bbox 1296 2356 1422 2397; x_wconf 81' lang='lat' dir='ltr'>rodunt]</span> <span class='ocrx_word' id='word_1_397' title='bbox 1446 2357 1606 2389; x_wconf 80' lang='lat' dir='ltr'>Fortasse</span> 
     </span>
     <span class='ocr_line' id='line_1_80' title="bbox 905 2408 1606 2450; baseline 0.001 -10"><span class='ocrx_word' id='word_1_398' title='bbox 905 2410 984 2450; x_wconf 85' lang='lat' dir='ltr'>quia</span> <span class='ocrx_word' id='word_1_399' title='bbox 1016 2408 1124 2440; x_wconf 86' lang='lat' dir='ltr'>rabidi</span> <span class='ocrx_word' id='word_1_400' title='bbox 1155 2418 1256 2439; x_wconf 77' lang='lat' dir='ltr'>canes</span> <span class='ocrx_word' id='word_1_401' title='bbox 1283 2418 1350 2438; x_wconf 90' lang='lat' dir='ltr'>non</span> <span class='ocrx_word' id='word_1_402' title='bbox 1379 2409 1527 2439; x_wconf 83' lang='lat' dir='ltr'>latrant:</span> <span class='ocrx_word' id='word_1_403' title='bbox 1555 2410 1606 2441; x_wconf 67' lang='lat' dir='ltr'>vel</span> 
     </span>
     <span class='ocr_line' id='line_1_81' title="bbox 906 2457 1617 2500; baseline -0.001 -10"><span class='ocrx_word' id='word_1_404' title='bbox 906 2459 1020 2500; x_wconf 90' lang='lat' dir='ltr'>potius</span> <span class='ocrx_word' id='word_1_405' title='bbox 1047 2459 1136 2500; x_wconf 85' lang='lat' dir='ltr'>quia,</span> <span class='ocrx_word' id='word_1_406' title='bbox 1167 2463 1205 2490; x_wconf 91' lang='lat' dir='ltr'>ut</span> <span class='ocrx_word' id='word_1_407' title='bbox 1237 2457 1340 2489; x_wconf 87' lang='lat' dir='ltr'>habet</span> <span class='ocrx_word' id='word_1_408' title='bbox 1369 2459 1617 2499; x_wconf 86' lang='lat' dir='ltr'>Quintilianus,</span> 
     </span>
     <span class='ocr_line' id='line_1_82' title="bbox 908 2507 1615 2550; baseline -0.004 -10"><span class='ocrx_word' id='word_1_409' title='bbox 908 2517 945 2540; x_wconf 85' lang='lat' dir='ltr'>x.</span> <span class='ocrx_word' id='word_1_410' title='bbox 963 2512 995 2540; x_wconf 80' lang='lat'>3.</span> <span class='ocrx_word' id='word_1_411' title='bbox 1019 2509 1068 2540; x_wconf 89' lang='lat' dir='ltr'>illi</span> <span class='ocrx_word' id='word_1_412' title='bbox 1091 2509 1147 2550; x_wconf 91' lang='lat' dir='ltr'>qui</span> <span class='ocrx_word' id='word_1_413' title='bbox 1164 2512 1298 2540; x_wconf 79' lang='lat' dir='ltr'>attente</span> <span class='ocrx_word' id='word_1_414' title='bbox 1323 2508 1495 2548; x_wconf 84' lang='lat' dir='ltr'>quidpiam</span> <span class='ocrx_word' id='word_1_415' title='bbox 1525 2507 1615 2548; x_wconf 87' lang='lat' dir='ltr'>cogi-</span> 
     </span>
     <span class='ocr_line' id='line_1_83' title="bbox 905 2557 1613 2600; baseline -0.007 -9"><span class='ocrx_word' id='word_1_416' title='bbox 905 2565 994 2598; x_wconf 85' lang='lat' dir='ltr'>tant,</span> <span class='ocrx_word' id='word_1_417' title='bbox 1021 2569 1113 2600; x_wconf 80' lang='lat' dir='ltr'>saepe</span> <span class='ocrx_word' id='word_1_418' title='bbox 1144 2559 1247 2590; x_wconf 86' lang='lat' dir='ltr'>etiam</span> <span class='ocrx_word' id='word_1_419' title='bbox 1277 2568 1390 2589; x_wconf 85' lang='lat' dir='ltr'>secum</span> <span class='ocrx_word' id='word_1_420' title='bbox 1419 2557 1613 2587; x_wconf 74' lang='lat' dir='ltr'>obmurmu-</span> 
     </span>
     <span class='ocr_line' id='line_1_84' title="bbox 906 2606 1606 2651; baseline -0.004 -10"><span class='ocrx_word' id='word_1_421' title='bbox 906 2611 1012 2641; x_wconf 87' lang='lat' dir='ltr'>rando</span> <span class='ocrx_word' id='word_1_422' title='bbox 1041 2610 1285 2651; x_wconf 81' lang='lat' dir='ltr'>cogitationem</span> <span class='ocrx_word' id='word_1_423' title='bbox 1315 2608 1455 2647; x_wconf 85' lang='lat' dir='ltr'>agitant.</span> <span class='ocrx_word' id='word_1_424' title='bbox 1507 2606 1606 2638; x_wconf 83' lang='lat' dir='ltr'>Unde</span> 
     </span>
     <span class='ocr_line' id='line_1_85' title="bbox 907 2658 1598 2701; baseline -0.004 -10"><span class='ocrx_word' id='word_1_425' title='bbox 907 2661 933 2691; x_wconf 91' lang='lat' dir='ltr'>si</span> <span class='ocrx_word' id='word_1_426' title='bbox 952 2660 1026 2701; x_wconf 84' lang='lat' dir='ltr'>quis</span> <span class='ocrx_word' id='word_1_427' title='bbox 1044 2659 1086 2690; x_wconf 85' lang='lat' dir='ltr'>de</span> <span class='ocrx_word' id='word_1_428' title='bbox 1114 2659 1212 2700; x_wconf 82' lang='lat' dir='ltr'>plebe</span> <span class='ocrx_word' id='word_1_429' title='bbox 1230 2668 1287 2689; x_wconf 88' lang='lat' dir='ltr'>eos</span> <span class='ocrx_word' id='word_1_430' title='bbox 1306 2663 1377 2687; x_wconf 89' lang='lat' dir='ltr'>tum</span> <span class='ocrx_word' id='word_1_431' title='bbox 1403 2658 1598 2699; x_wconf 81' lang='lat' dir='ltr'>contemple</span> 
     </span>
     <span class='ocr_line' id='line_1_86' title="bbox 907 2706 1460 2751; baseline -0.009 -9"><span class='ocrx_word' id='word_1_432' title='bbox 907 2716 975 2751; x_wconf 82' lang='lat' dir='ltr'>tur,</span> <span class='ocrx_word' id='word_1_433' title='bbox 991 2709 1132 2741; x_wconf 66' lang='lat' dir='ltr'>furiosos</span> <span class='ocrx_word' id='word_1_434' title='bbox 1149 2708 1254 2740; x_wconf 79' lang='lat' dir='ltr'>veluti</span> <span class='ocrx_word' id='word_1_435' title='bbox 1275 2706 1460 2738; x_wconf 72' lang='lat' dir='ltr'>existimet.</span> 
     </span>
    </p>
   </div>
  </div>
 </body>
</html>
