1888 3032
750 97 932 129 SATIRA
964 99 1008 130 V.

152 197 163 214 ‘
188 192 318 235 Liber
341 190 449 245 ego.'

1529 91 1613 132 141

510 190 637 233 Unde
657 192 806 234 datum
824 193 909 235 hoc
931 193 1084 244 sumis,
1105 196 1172 235 tot
1190 195 1362 237 subdite
1383 196 1510 237 rebus
1527 197 1544 236 ’ἶ

151 259 467 302 Ληᾶοωίιιιιηι
487 259 681 312 ignoras,
701 261 787 302 nisi
808 274 937 314 quem
958 260 1155 303 vindicta
1180 261 1382 306 relaxat?

1526 262 1612 304 1:25

151 331 163 349 ‘
185 328 222 378 Ι,
245 339 365 381 puer,
384 331 429 369 et
449 327 634 391 strigiles
652 327 844 382 Crispini
866 329 921 369 ad
941 329 1097 376 balnea
1117 329 1270 372 defer?

151 458 199 492 At
213 468 270 498 ego
285 467 355 489 snm
370 458 457 489 liber.
503 458 532 490 A
549 469 606 499 quo
623 458 684 490 tibi
699 469 868 490 concessum
889 460 966 491 illud
988 470 1129 501 usurpas,
1143 465 1188 492 tot
1205 461 1295 493 rebus
1311 462 1485 496 obnoxius?

1529 464 1614 496 Nul-

148 502 255 533 lumne
269 501 423 532 dominum
438 503 578 541 agnoscis
599 504 714 541 proeter
729 511 805 532 eum
822 512 841 532 α
855 512 912 543 quo
929 503 1066 534 vindicat
1084 503 1236 535 Praetoris
1259 504 1375 545 virga?
1420 507 1456 537 Si
1475 507 1614 538 clamitet

149 543 326 576 dominus:
351 544 439 585 vade,
463 553 561 585 terve,
582 547 612 574 ee
624 547 717 584 porta
733 545 873 584 strigiles
894 546 934 576 ad
954 545 1093 585 Crispini
1109 546 1261 578 thermas.-
1285 549 1378 590 sique
1390 554 1523 590 urgeat,
1548 559 1611 579 mo-

763 638 878 649 eeeeee

885 638 998 649 eeeeee

685 695 745 724 125
769 694 891 740 relaxet
909 694 976 726 Ms.
994 694 1071 727 Gal,

809 815 950 848 NOTAE

150 893 278 925 habitur
291 892 554 934 Alphesiboeus!
599 891 722 925 Horat.
737 891 779 923 ad
795 891 852 922 Pi-

146 952 243 975 sones
258 954 265 974 :
291 944 300 961 ⁸
318 944 401 974 Mox
415 943 520 974 etiam
541 947 696 983 agrestes
711 942 852 983 Satyros

147 994 312 1026 nudavit!
356 995 402 1025 Et
417 994 527 1035 Epist.
545 1002 585 1025 n.
597 995 629 1025 2.
651 994 661 1010 ⁴
680 993 780 1024 Nunc
795 992 852 1023 Sa-

147 1049 271 1085 tyrum,
293 1053 381 1075 narie
408 1049 576 1084 agrestem
608 1043 761 1084 Cyclopa
786 1051 852 1073 mo·

146 1093 269 1125 vetur.'
312 1094 365 1124 Ex
381 1094 560 1124 occasione
583 1093 649 1124 loci
670 1093 766 1132 huius
785 1092 854 1123 Ho-

146 1143 264 1174 ratiani
281 1142 473 1183 suspicatur
499 1143 716 1174 Casauhonus
740 1143 867 1182 legen-.

147 1193 226 1224 dum
240 1202 327 1233 esse,
342 1193 507 1234 Satyrum,
523 1193 587 1224 hoc
611 1192 686 1223 loco
714 1191 826 1222 Persii
841 1202 850 1222 z

145 1248 183 1275 ut
200 1252 318 1274 sensus
336 1243 391 1282 sit,
404 1252 543 1274 moveare
557 1242 721 1284 Satyrum,
737 1242 771 1273 id
787 1246 852 1283 est,

145 1300 240 1327 motu
256 1295 408 1336 corporis
430 1300 466 1326 et
491 1293 672 1325 saltatione
689 1293 850 1324 exhibeas

147 1350 182 1378 et
199 1345 368 1377 aemuleris
384 1346 542 1385 Satyrum
565 1344 746 1375 saltantem
764 1343 852 1374 scite

147 1399 180 1426 et
197 1395 350 1435 agilitate
366 1404 504 1425 summa.
551 1393 656 1427 Quasi
677 1403 758 1424 vero
769 1393 851 1424 Per-

148 1444 216 1475 sius
233 1444 360 1476 debeat
376 1453 450 1474 esse
475 1447 661 1484 perpetuus
677 1443 800 1484 ubique
816 1447 853 1474 et

147 1494 270 1536 passim
286 1494 422 1526 Horatii
435 1494 597 1531 imitator,
614 1503 652 1524 ac
666 1492 771 1523 veluti
784 1502 853 1524 ser-

144 1554 224 1576 vum
251 1553 366 1585 pecuS.
422 1544 565 1575 Maneat
594 1543 700 1583 igitur
729 1542 852 1583 Satyri,

147 1594 255 1626 donec
270 1592 423 1625 mutandi
439 1593 526 1624 ratio
543 1593 653 1633 major
668 1590 842 1624 afferatur.

190 1643 352 1684 Moveore]
375 1643 416 1674 Id
433 1648 496 1684 est,
509 1643 725 1674 saltationem
738 1652 852 1673 nume-

146 1703 252 1725 rosam
276 1697 446 1734 praestes:
469 1702 547 1723 nam
572 1693 688 1724 moveri
711 1702 772 1733 pro
793 1693 852 1724 sal-

147 1749 215 1776 tare
245 1745 394 1785 ponitur,
424 1748 462 1775 ut
499 1743 650 1784 probant
679 1743 747 1774 loci
778 1744 850 1775 Cic.

147 1794 272 1826 Parad.
289 1798 325 1825 et
342 1793 427 1824 Hor.
444 1793 554 1834 Epist.
571 1802 612 1825 ιι.
627 1796 658 1825 2.
674 1803 751 1824 mox
767 1794 851 1824 cita-

147 1844 186 1876 ti.
230 1843 331 1875 Adde
356 1843 480 1874 Horat.
507 1844 549 1874 ad
579 1844 739 1874 Pisones:
776 1844 785 1859 ‘
804 1844 851 1874 Ut

146 1893 245 1925 festis
260 1898 415 1925 matrona
431 1893 669 1932 moverijussa
684 1892 823 1923 diebus!

189 1943 350 1984 Bathylli]
375 1941 444 1974 Hic
465 1942 531 1973 suit
553 1942 789 1973 Pantomimus
809 1941 851 1972 A·

147 1993 380 2031 lexandrinus,
393 1992 540 2033 Augusti
557 1996 723 2033 tempore,
737 1992 851 2031 immo,

147 2048 187 2075 ut
202 2044 322 2075 volunt
337 2043 406 2080 alii,
422 2043 526 2074 etiam
550 2041 613 2073 sub
640 2042 792 2082 Nerone,
805 2041 851 2072 in-

148 2094 265 2134 signis,
277 2094 415 2134 egregia
425 2092 544 2132 forma,
560 2097 594 2124 et
606 2091 751 2123 saltandi
768 2091 852 2132 peri-

149 2145 215 2176 tia:
249 2146 257 2161 ‘
271 2142 472 2174 Maecenatis
499 2141 664 2181 libertus,'
695 2141 853 2183 inquiunt

147 2199 284 2226 veteres
299 2193 410 2224 Gloss.
442 2193 522 2233 Ejus
538 2192 691 2223 meminit
703 2192 852 2224 Juvena-

147 2246 201 2285 lis,
217 2245 289 2276 Sat.
308 2253 357 2276 vl.
373 2246 426 2275 63.
451 2248 489 2274 ut
514 2242 663 2273 molliter
688 2242 853 2274 saltantis.

151 2294 275 2326 Athen.
292 2303 317 2325 1.
334 2296 385 2324 17.
411 2293 459 2324 ait
478 2292 664 2333 Bathyllum
686 2301 764 2323 cum
786 2292 854 2333 Py.

149 2345 228 2377 lade
243 2345 388 2386 primum
402 2343 568 2374 invexisse
582 2342 740 2373 Italicam
753 2343 853 2373 salta-

151 2396 292 2436 tionem,
316 2404 391 2438 quae
415 2393 550 2435 quidem
573 2393 710 2424 hilarior
730 2392 853 2424 ceteris

149 2449 252 2483 esset,
268 2454 308 2476 eo
325 2444 413 2486 quod
429 2443 601 2474 saltationi
626 2443 854 2484 gesticulatio-

151 2504 211 2527 nes
226 2495 378 2535 corporis
395 2494 461 2526 rite
478 2492 760 2525 accommodaret.

194 2547 257 2576 124
279 2544 374 2576 Liber
394 2544 466 2585 ego]
489 2544 642 2585 Insurgit
669 2542 794 2583 Dama,
818 2546 854 2575 et

152 2593 269 2625 allatas
293 2605 314 2626 a
340 2595 455 2626 Stoico
481 2594 631 2626 rationes
657 2603 775 2634 parurn
802 2603 855 2625 ca-

154 2642 262 2684 piens,
276 2648 426 2676 veterem
443 2645 659 2686 cantilenam,
673 2648 709 2676 et
726 2653 795 2676 rem
811 2644 855 2676 de

910 902 975 933 qua
988 891 1270 932 controvertitur,
1288 892 1413 925 insulse
1427 893 1566 935 occinit,
1579 898 1614 926 et

907 943 1084 975 clamitat:
1109 944 1203 984 atqui
1220 943 1305 974 liber
1322 954 1407 983 sum,
1423 944 1512 976 liber
1529 955 1614 985 sum,

907 992 1066 1034 inquam;
1103 993 1267 1035 quicquid
1306 1000 1424 1025 contra
1460 995 1615 1026 cavillari

908 1052 1040 1083 pergas,
1064 1053 1084 1075 o
1102 1044 1231 1083 Stoice,
1254 1053 1448 1075 concessam
1471 1045 1554 1075 mihi
1577 1045 1614 1075 li-

909 1093 1076 1125 bertatem
1092 1103 1158 1125 non
1175 1093 1322 1125 auferes.
1345 1095 1472 1127 Horat.
1487 1095 1560 1126 Sat.
1572 1103 1614 1126 ῐῐ.

907 1145 939 1174 7.
962 1145 971 1160 ‘
990 1143 1096 1185 Eripe
1111 1145 1203 1184 turpi
1220 1144 1412 1185 Collajugo
1429 1155 1437 1175 z
1460 1144 1560 1184 liber,
1578 1145 1615 1176 li-

908 1192 970 1223 ber
984 1203 1067 1232 sum,
1082 1192 1136 1224 dic
1153 1196 1237 1234 age‚’
1255 1196 1320 1225 &c.

953 1242 1042 1274 Unde
1064 1245 1173 1274 datum
1198 1243 1254 1274 hoc
1275 1243 1385 1284 sumis]
1420 1245 1615 1286 Redarguit

906 1292 1041 1324 Stoicus
1059 1294 1199 1324 Damam
1215 1304 1223 1331 3
1248 1294 1337 1324 unde
1359 1304 1441 1326 vero
1458 1299 1495 1326 tu
1510 1296 1615 1328 habes

906 1343 1115 1383 libertatem,
1133 1353 1232 1385 quam
1245 1344 1372 1385 jactas,
1390 1355 1430 1376 ac
1447 1345 1510 1376 tibi
1524 1355 1616 1377 arro-

907 1392 991 1433 gas?
1022 1393 1082 1424 Tot
1106 1392 1227 1424 subdite
1256 1392 1357 1432 rebus,
1383 1394 1551 1433 nimirum,
1578 1394 1614 1425 id

908 1447 972 1482 est,
987 1453 1063 1475 cum
1079 1448 1131 1476 tot
1147 1445 1237 1476 vitiis
1260 1446 1388 1476 servias
1405 1446 1501 1477 velut
1522 1455 1614 1477 man-

908 1494 1048 1534 cipium.

951 1547 1012 1575 125
1035 1544 1088 1576 An
1110 1544 1267 1576 dominum
1292 1545 1430 1585 ignoras,
1456 1546 1526 1587 ξω]
1558 1545 1613 1577 An

907 1594 1018 1625 nescis
1035 1598 1164 1635 praeter
1181 1600 1359 1626 externum
1385 1597 1479 1627 illum
1495 1605 1616 1636 corpo-

907 1644 954 1675 ris
969 1644 1153 1682 dominum,
1165 1645 1259 1686 cujus
1272 1655 1290 1675 e
1310 1650 1484 1686 potestate
1498 1654 1538 1676 ac
1554 1645 1613 1676 do-

906 1695 1008 1726 minio
1035 1696 1165 1726 solutus
1193 1696 1318 1735 abiisti,
1338 1705 1404 1736 per
1426 1694 1613 1727 vindictam

906 1749 942 1776 et
966 1745 1270 1784 manumissionem,
1297 1749 1428 1776 restare
1459 1744 1520 1775 tibi
1549 1749 1615 1776 tot-

906 1795 995 1826 idem
1013 1795 1103 1825 intus
1119 1794 1272 1825 dominos
1283 1803 1322 1825 ae
1339 1799 1512 1834 tyrannOS.
1530 1798 1614 1835 quot

905 1855 1030 1886 pravos
1046 1844 1191 1877 affectus
1209 1850 1312 1886 atque
1328 1845 1484 1876 libidines
1499 1845 1612 1876 animo

905 1900 965 1926 tuo
980 1895 1217 1935 imperitantes
1230 1895 1242 1925 ?

955 1944 1100 1975 Vindicta
1115 1944 1253 1984 relaxat]
1268 1944 1358 1975 Vide
1372 1953 1486 1985 supra,
1501 1954 1549 1975 vs.
1559 1947 1613 1977 88.

949 1996 1012 2025 126
1036 1994 1067 2033 I,
1080 1994 1174 2035 puer]
1209 1995 1370 2035 Explicat
1388 1994 1512 2026 diserte
1534 1995 1614 2025 Phi-

907 2043 1067 2084 losophus
1084 2043 1211 2083 duplex
1231 2052 1336 2084 genus
1352 2043 1535 2084 libertatis,
1551 2053 1613 2085 per

907 2102 1188 2133 prosopopoeiam,

951 2142 1114 2183 Strigiles]
1135 2144 1326 2174 Dentatum
1344 2148 1395 2175 est
1410 2153 1428 2174 e
1442 2142 1546 2184 ferro,
1560 2153 1613 2174 ar-

908 2197 1024 2232 gento,
1039 2193 1147 2224 aliave
1170 2195 1312 2225 materia
1336 2195 1612 2233 instrumentum,

907 2242 1037 2273 dictum
1050 2252 1070 2272 a
1085 2243 1277 2282 stringendo,
1290 2253 1348 2274 seu
1363 2244 1508 2275 radendo.
1533 2243 1612 2274 Hoc

908 2293 944 2322 {n
970 2292 1101 2323 balneis
1125 2302 1185 2323 scu
1211 2303 1315 2324 aureo
1351 2303 1411 2325 seu
1443 2297 1611 2335 argenteo

908 2341 1030 2372 divites
1045 2342 1229 2373 utebantur
1241 2342 1283 2373 ad
1297 2343 1453 2375 sudorem
1468 2343 1613 2374 destrin-

909 2393 1054 2434 gendum
1078 2404 1138 2425 seu
1165 2393 1426 2435 detergendum.
1470 2395 1611 2425 Sueton.

907 2443 941 2474 in
969 2443 1126 2484 Augusto
1151 2453 1181 2474 c.
1198 2446 1251 2474 80.
1277 2444 1382 2475 refert
1404 2443 1610 2475 maculosum

908 2494 941 2526 ei
953 2493 1059 2525 fuisse
1076 2503 1211 2535 corpuS,
1236 2498 1272 2525 et
1295 2494 1389 2526 callis
1405 2492 1608 2534 quibusdam

907 2555 951 2577 ex
966 2545 1154 2586 prurigine,
1168 2544 1369 2585 assiduoque
1385 2548 1421 2574 et
1433 2543 1610 2573 vehemen-

907 2595 937 2627 ti
950 2595 1089 2634 strigilis
1104 2604 1162 2626 usu
1177 2594 1361 2632 concretis,
1382 2591 1424 2622 ad
1439 2590 1609 2632 impetigi-

909 2645 960 2676 nis
976 2644 1130 2686 formam,
1144 2646 1309 2675 notatum.
