1888 3032
705 169 887 202 SA'HRA
922 170 988 200 VI.

1482 154 1567 196 183

110 272 332 326 Quicquid
350 271 394 312 id
416 274 494 312 cst.
538 269 629 310 Ubi
651 269 720 318 sit,
742 268 845 320 suge
858 278 1065 320 quaerere,
1084 260 1202 318 quod
1221 264 1327 304 mihi
1346 263 1566 317 quondam

109 342 293 394 Legarat
307 340 500 381 Tadius:
523 351 603 379 nec
624 336 738 377 dicta
759 347 919 388 repone
936 339 1138 387 paterna:

1504 332 1562 373 66

109 409 302 450 Foeneris
326 406 506 448 accedat
525 398 715 446 merces:
749 403 849 442 hinc
870 402 1013 441 exime
1037 404 1217 440 sumtus.

106 480 117 498 ‘
141 475 261 527 Quid
291 476 507 528 reliquum
537 478 603 513 cst
616 471 648 512 ‘l’

220 555 342 596 unge,

719 469 986 523 Reliquum?
1031 481 1145 508 nunc
1182 480 1295 508 nunc
1325 467 1564 521 impensius

103 672 226 703 cumque
242 662 316 692 illud
337 663 394 699 est,
409 660 565 698 integrum
588 661 644 689 est.
692 658 775 688 Cave
790 657 945 688 sciscitari
966 656 1090 688 ubinam
1113 656 1157 688 sit
1183 656 1216 687 id
1246 657 1325 697 quod
1348 657 1421 687 olim
1448 656 1582 699 Tadius,

105 710 309 736 testamento
332 704 498 743 reliquerat
527 702 624 732 mihi.-
647 711 719 732 πει-ε
746 701 826 731 mihi
852 704 954 741 repete
981 700 1099 731 monita
1118 704 1266 740 patrum5
1303 701 1438 730 addatur
1462 709 1566 730 usuroe

102 750 240 779 lucr-mn:
261 747 333 778 inde
346 751 418 778 tuas
433 747 585 786 impensas
599 746 740 775 desume:
763 744 870 784 ecquid
884 743 1043 774 residuum
1055 742 1124 775 est?
1162 743 1332 774 Residuum
1348 742 1470 783 quaeris
1484 742 1495 772 ἓ
1530 742 1561 773 O

715 835 827 847 eeeeee

835 835 949 846 eeeeee

671 910 712 939 66
735 907 844 938 Staius
861 907 927 938 Ms.
943 906 1021 938 Gal.

755 982 900 1015 NOTAE

101 1069 158 1091 ero
177 1059 327 1098 tandem,
343 1059 377 1090 id
393 1059 472 1090 mihi
491 1068 556 1090 non
582 1058 642 1089 tibi
668 1058 801 1088 detrac-

100 1117 189 1142 tum:
204 1116 239 1142 et
255 1111 281 1142 si
298 1111 378 1152 quid
392 1111 494 1151 perit,
505 1111 594 1150 perit
607 1111 685 1140 milii
701 1110 800 1150 cujus

100 1166 209 1192 totum
225 1165 278 1191 est
293 1172 301 1199 ;
319 1170 362 1191 ex
378 1160 496 1200 regula
509 1160 613 1192 Juris.

142 1210 204 1241 Sed
228 1211 286 1241 tibi
309 1214 407 1242 totum
430 1214 486 1250 est,
512 1211 656 1251 quicquid
682 1210 714 1240 z'd
740 1209 800 1250 est]

98 1261 381 1303 Quandoquidem
409 1272 452 1293 ex
468 1262 616 1301 Legibus
640 1266 676 1293 et
701 1262 799 1299 Jure,

98 1318 193 1343 tuum
209 1312 290 1342 nihil
313 1317 366 1344 est
385 1318 443 1344 aut
461 1323 534 1344 esse
553 1318 668 1353 potest
686 1323 800 1353 quam-

98 1362 155 1392 diu
185 1362 276 1401 vivo,
298 1362 534 1403 quodcumque
565 1372 629 1403 ego
652 1364 800 1394 moriens

96 1411 278 1453 reliquero,
300 1413 364 1443 hoc
388 1412 451 1444 tibi
475 1418 584 1444 totum
608 1414 674 1444 erit
695 1418 798 1455 atque

101 1460 284 1502 integrum,

139 1515 179 1543 65
209 1512 272 1543 Ubi
287 1512 330 1543 sit
338 1512 420 1552 fuge
435 1523 582 1553 quaerere,
595 1514 665 1554 hymn]
689 1514 797 1546 Porro

97 1571 139 1593 ne
157 1571 315 1603 reposcas
333 1573 350 1593 a
376 1573 429 1594 me
446 1563 613 1595 rationem
632 1565 795 1595 bonorum

96 1621 170 1654 quae
187 1613 265 1644 olim
289 1613 403 1654 habui,
419 1623 561 1655 quaeque
577 1615 700 1655 aliquis
717 1616 794 1645 mihi

94 1667 300 1695 testamento
327 1663 451 1705 legarit
467 1674 474 1695 :
510 1673 588 1695 nam
619 1665 704 1696 male
735 1665 797 1696 tibi

95 1718 259 1745 verteret.

137 1767 179 1795 66
205 1764 338 1805 Tadius]
371 1765 401 1796 E
418 1765 600 1806 majoribus
617 1765 796 1807 quispiam,

93 1814 149 1845 vel
166 1814 310 1855 quilibet
326 1815 410 1846 alius
428 1820 586 1847 testator.
637 1817 796 1857 Metony-

92 1864 171 1896 mia.
199 1865 348 1897 Quidam
365 1865 500 1897 codices
516 1866 653 1905 habent,
665 1867 796 1906 Staius,-

95 1916 163 1955 alii,
181 1916 322 1947 Stadius.

138 1967 206 1998 Nec
227 1968 312 1999 dicta
337 1978 446 2009 repone
473 1968 618 2009 paterna]
668 1970 794 2011 Neque

92 2017 174 2048 mihi
200 2019 318 2059 ingere
334 2024 371 2050 et
390 2018 502 2060 objice
527 2020 656 2051 monita
676 2019 794 2051 liberis

95 2068 194 2099 solita
209 2068 282 2098 dari
299 2079 318 2099 a
334 2069 487 2109 patribus
503 2070 613 2101 avaris
628 2081 636 2108 ;
661 2070 704 2101 de
722 2071 793 2112 qui-

94 2117 156 2148 bus
180 2118 343 2149 Horatius
358 2119 467 2160 Epist.
483 2129 507 2151 1.
522 2123 553 2150 1.
571 2122 580 2137 ‘
599 2121 794 2153 Quaerenda

94 2168 240 2208 pecunia
268 2169 410 2209 primum
442 2174 496 2200 est
513 2180 522 2207 ;
561 2170 678 2201 Virtus
713 2176 795 2211 post

93 2229 267 2250 nummos:
291 2220 364 2250 haec
381 2220 491 2252 Janus
506 2230 652 2251 summus
669 2221 711 2252 ab
728 2222 795 2253 imo

92 2269 268 2301 Perdocet
283 2281 292 2309 3
313 2271 386 2301 haec
402 2270 557 2301 recinunt
569 2271 716 2311 juvenes
725 2271 794 2303 dic-

92 2325 177 2360 tata,
194 2330 360 2362 senesque
376 2321 479 2351 Laevo
496 2321 650 2360 suspensi
664 2321 792 2351 loculos

92 2372 311 2414 tabulamque
335 2371 486 2402 lacerto)
543 2372 589 2402 Et
614 2371 791 2404 Juvenalis

91 2421 177 2462 fuse,
207 2422 280 2454 Sat.
311 2431 388 2454 xiv.
420 2422 429 2438 ‘
445 2422 596 2454 ,Iuvenes
622 2422 791 2455 hortatur.

92 2473 239 2514 —Cogit
252 2473 406 2504 minimas
416 2472 569 2504 ediscere
581 2472 717 2513 sordes‚'
726 2475 790 2506 ἀς.

134 2522 288 2563 Paterna]
307 2523 404 2554 Bene
428 2528 545 2555 monet
571 2523 791 2556 Casaubonus

92 2570 136 2601 de
149 2581 208 2602 suo
222 2577 319 2613 patre
341 2583 409 2605 non
430 2574 524 2615 loqui
546 2574 714 2615 Persium,
735 2574 792 2616 qui

92 2629 177 2660 puer
190 2623 345 2654 sexennis
361 2624 519 2656 amiserat
538 2629 673 2665 patrem
695 2625 792 2656 Flac-

92 2678 192 2708 cum3
216 2673 312 2712 cujus
338 2678 375 2705 et
397 2674 498 2706 famae
524 2685 588 2707 nec
611 2675 793 2709 detrahere

91 2720 219 2753 debeat
232 2730 296 2754 nec
310 2723 394 2755 velit
407 2723 513 2757 bonus
528 2725 628 2758 filiun.

899 1060 940 1089 67
965 1057 1106 1090 Foeneris
1120 1057 1244 1087 accedat
1261 1054 1389 1095 merces]
1418 1054 1489 1087 Aut
1505 1066 1563 1097 pa.

858 1113 989 1140 ternum
1006 1114 1060 1140 est
1077 1109 1241 1139 monitum
1257 1119 1264 1138 :
1290 1116 1413 1138 exerce
1430 1106 1563 1148 foenus3

856 1169 896 1189 ne
913 1160 1054 1190 otiosam
1080 1164 1116 1190 et
1136 1157 1384 1189 infructuosam
1409 1158 1481 1189 sine
1506 1169 1562 1199 pe-

856 1210 990 1240 cuniam
1008 1215 1121 1247 tuam3
1147 1214 1314 1250 quamtum
1328 1207 1395 1248 fac,
1415 1208 1504 1239 datis
1519 1209 1562 1240 ad

857 1270 992 1290 usuram
1020 1259 1184 1297 nummis;
1220 1263 1324 1299 atque
1355 1267 1417 1298 pro
1443 1263 1562 1290 mutuo

854 1310 1049 1341 mercedem
1066 1319 1149 1350 cape
1164 1320 1171 1339 z
1197 1314 1257 1340 aut
1282 1308 1388 1339 verba
1403 1313 1482 1339 sunt
1497 1309 1562 1340 hae-

855 1361 946 1391 redis
964 1370 1038 1392 cum
1064 1359 1186 1392 Persio
1210 1359 1377 1390 rationem
1401 1358 1562 1399 ineuntis,

854 1414 892 1441 ut
906 1420 984 1441 mox
1000 1409 1259 1451 explicabimus.

897 1461 984 1492 Hinc
999 1461 1100 1492 exime
1111 1459 1246 1499 sumtus]
1269 1460 1430 1491 Fortasse
1445 1465 1480 1492 et
1496 1460 1560 1492 hoc

852 1512 1016 1542 monitum
1041 1516 1094 1542 est
1123 1516 1323 1551 paternum:
1348 1520 1389 1541 ne
1405 1512 1484 1552 quid
1503 1511 1561 1542 de·

852 1563 949 1593 trahe
966 1562 1050 1594 sorti
1066 1562 1207 1602 capitali
1233 1561 1407 1602 bonorum,
1424 1562 1483 1593 sed
1501 1571 1560 1603 po-

854 1613 920 1643 tius
937 1622 954 1643 e
971 1612 1102 1644 foenore
1118 1617 1154 1644 et
1176 1612 1286 1643 usuris
1301 1612 1387 1643 habe
1404 1619 1439 1643 et
1463 1613 1562 1644 desu-

852 1674 906 1696 me
933 1665 1142 1696 necessarios
1171 1664 1302 1695 aleudae
1318 1663 1453 1696 familiae
1471 1675 1560 1696 sum·

852 1720 916 1747 tus.
963 1716 1029 1746 Vel
1046 1715 1190 1746 haeredis
1208 1715 1310 1747 verba
1326 1719 1415 1754 sunt,
1431 1721 1467 1747 et
1484 1725 1558 1747 sen-

852 1775 906 1796 sus
919 1765 1004 1797 erit:
1034 1770 1268 1807 computemus
1285 1776 1361 1806 quae
1378 1770 1414 1796 et
1430 1771 1560 1807 quanta.

852 1817 923 1847 sive
940 1827 958 1848 e
981 1817 1197 1857 patrimonio,
1213 1826 1272 1847 seu
1289 1826 1306 1846 e
1323 1816 1444 1856 legatis
1460 1816 1559 1848 Tadii

850 1872 970 1897 nactus
995 1876 1042 1906 es,
1068 1876 1087 1897 o
1103 1866 1224 1904 Persi3
1255 1867 1306 1897 his
1334 1866 1504 1898 addantur
1520 1871 1558 1899 et

851 1917 1019 1948 accedant
1034 1927 1144 1948 usnrae
1160 1928 1168 1948 ι
1191 1918 1263 1958 jam
1287 1917 1367 1948 inde
1383 1917 1555 1958 legitimas

849 1966 1019 2007 impensas
1050 1971 1124 1997 tuas
1153 1967 1351 1997 eximamus
1405 1967 1556 1998 Demum

849 2017 1024 2048 videamus
1037 2016 1119 2058 quid
1135 2017 1178 2047 sit
1190 2015 1317 2047 residui
1329 2025 1371 2047 ex
1386 2015 1437 2046 his
1452 2016 1557 2047 omni-

849 2067 924 2107 bns,
941 2067 1092 2109 quidque
1108 2067 1188 2098 mihi
1206 2067 1250 2098 sit
1264 2066 1504 2098 obventurum.

891 2121 932 2149 63
958 2118 1043 2153 Quid
1066 2118 1221 2158 reliquum
1246 2118 1308 2158 est]
1351 2118 1443 2150 Quid
1478 2118 1554 2159 jam

850 2172 1006 2209 superest
1021 2178 1039 2200 e
1056 2173 1108 2201 tot
1124 2167 1362 2209 facultatibus,
1378 2178 1460 2210 quas
1480 2179 1556 2210 pos·

850 2219 993 2250 sedisti?

892 2270 1072 2311 Reliquum]
1111 2271 1196 2302 Cum
1231 2270 1464 2310 indignatione
1502 2279 1554 2302 re-

851 2320 999 2360 spondet
1014 2320 1174 2351 Persius:
1202 2320 1296 2351 itane
1320 2329 1403 2351 vero
1418 2329 1553 2351 mecum

846 2370 911 2400 inis
928 2370 1105 2410 rationem,
1119 2371 1214 2411 quasi
1226 2380 1303 2402 cum
1317 2370 1552 2412 dispensatore

846 2420 969 2452 herus?
1011 2420 1153 2453 Scilicet
1181 2431 1337 2462 possessa
1363 2427 1554 2463 computas,

848 2475 978 2502 sumtus
1013 2472 1158 2511 excutis,
1190 2472 1356 2514 reliquum
1391 2473 1484 2514 quid,
1515 2477 1552 2503 et

847 2522 904 2554 ubi
922 2523 978 2563 sit,
1000 2524 1177 2564 postulas?
1207 2523 1296 2564 Age,
1317 2524 1438 2562 haeres,
1458 2522 1551 2553 dein-

848 2583 930 2615 ceps
945 2584 1061 2605 curam
1075 2574 1163 2605 hanc
1176 2575 1321 2605 eximam
1338 2573 1413 2604 tibi.

890 2625 985 2656 Nunc
1005 2635 1085 2656 nunc
1104 2624 1271 2665 impensius
1295 2631 1391 2662 unge,
1415 2620 1484 2660 ξω]
1515 2620 1546 2653 Ο

847 2673 988 2715 famule,
1004 2675 1183 2706 lautiorem
1204 2673 1314 2703 indies
1331 2671 1548 2702 mensam‘iu-

847 2730 965 2766 strue3
990 2727 1233 2758 consumantur
1259 2722 1348 2754 bona
1379 2730 1456 2754 mea
1475 2721 1547 2754 uni-
