1888 3032
734 125 916 157 sunu
954 125 998 157 v.
1500 112 1583 156 111

179 224 401 274 Quorsum
420 221 545 264 haec‘l
592 225 670 263 aut
692 225 879 276 quantas
898 221 1068 263 robusti
1091 221 1294 263 carminis
1317 219 1430 262 offas
1555 222 1584 261 5

122 290 304 344 ingeris,
326 294 374 332 ut
393 304 476 344 par
497 291 555 331 sit
575 294 761 332 centeno
781 293 949 342 gutture
969 289 1077 330 niti'l

121 358 296 399 Grande
316 359 508 399 locuturi
527 358 710 399 nebulas
731 356 949 396 Helicone
969 356 1166 409 legunto,

119 426 168 466 Si
190 427 351 479 quibus
373 430 450 467 aut
469 426 682 474 Procnes,
705 429 780 466 aut
802 424 841 464 si
862 424 1022 477 quibus
1042 425 1130 465 olla
1148 424 1354 479 Thyestae

117 565 206 599 ista?
235 567 291 599 Vel
305 578 395 608 quam
410 576 540 607 „urg-nas
561 566 642 607 offas
654 566 757 604 sortis
771 576 878 598 versus
892 567 1003 606 infers,
1027 570 1061 597 ut
1078 577 1151 607 opvs
1165 568 1207 598 sie
1223 568 1335 606 fulciri
1350 571 1467 599 centum
1482 568 1587 607 fauci-

117 609 198 642 bus?
220 610 335 650 Ingens
359 610 487 650 aliquid
512 610 660 650 scripturi
688 611 840 649 colligant
866 610 960 641 nubes
984 621 1023 641 ex
1048 611 1214 642 Helicone.-
1249 612 1324 642 etsi
1342 612 1524 651 quibusdam
1538 613 1586 643 vei

121 653 273 693 Prognes,
295 654 342 684 vel
356 654 383 684 si
399 652 554 693 aliquibus
572 653 715 693 Thyesta?
730 653 809 684 lebes
830 652 958 684 bullica.-
994 663 1069 695 quae
1087 664 1170 684 coena
1198 656 1320 693 agenda
1337 653 1522 695 frequenter
1543 655 1586 686 ab

729 750 962 762 eeeeeeeeeeee

317 815 337 843 6
363 813 510 846 Quidam
525 815 674 854 gurgite:
706 815 765 847 sed
784 826 900 849 omnes
917 822 1053 848 veteres
1066 820 1203 856 gutture.
1243 815 1435 848 Casaubon.

778 927 922 959 NOTAE

118 1002 291 1041 rientalcs‚
317 1003 545 1034 Romanorum
573 1004 685 1036 hostes
713 1004 822 1036 infen-

117 1053 446 1094 sissimi‚sagittandi
463 1055 565 1094 periti
588 1055 698 1093 valde,
720 1060 754 1086 et
771 1055 822 1086 fu-

118 1114 193 1145 gam
211 1105 398 1135 simulando
413 1104 551 1136 vincere
569 1107 706 1137 assueti.
752 1106 821 1137 Un-

117 1155 159 1186 de
175 1155 298 1196 Virgil.
317 1155 478 1196 Georgic.
503 1165 559 1187 111.
603 1158 612 1172 ‘
627 1157 822 1188 Fidentem-

117 1216 181 1247 que
197 1205 278 1246 fuga
298 1206 462 1237 Parthum
479 1207 652 1248 versisque
668 1207 822 1247 sagittis!

159 1258 319 1289 Ducentis
333 1258 372 1289 ab
388 1259 517 1298 inguine
525 1258 665 1300 ferrum]
711 1260 822 1291 Locus

117 1306 274 1348 profecto
285 1318 424 1349 anceps,
459 1309 738 1350 Interpretantur
754 1311 823 1341 tul-

118 1368 172 1399 go,
200 1359 340 1399 sagittas
364 1369 382 1390 e
401 1360 540 1391 vulnere
558 1361 771 1392 extrahentis
789 1366 824 1392 et

116 1410 152 1440 in
177 1410 291 1441 hostes
315 1412 556 1452 retorquentis.
601 1412 824 1443 Ataudacior

117 1461 253 1493 videtur
276 1457 530 1502 interpretatio.
576 1463 722 1494 (Tasaub.
750 1463 824 1493 vult

119 1512 273 1544 aPersio
295 1513 440 1553 intelligi
467 1517 624 1554 quartum
646 1513 823 1553 jaculandi

117 1563 254 1594 modum
274 1564 411 1595 Parthis
432 1565 620 1604 proprium,
644 1574 768 1604 nempe
785 1575 825 1595 ex

116 1613 267 1652 inguine;
304 1623 381 1644 cum
409 1613 550 1653 sagittas
575 1615 771 1645 emitterent
787 1620 824 1646 et

119 1664 202 1704 tela,
218 1664 274 1695 alii
292 1674 334 1694 ex
349 1664 499 1703 humero,
525 1664 582 1695 alii
598 1675 617 1696 e
634 1666 747 1705 capite
764 1675 824 1697 seu

118 1724 160 1745 ex
178 1714 329 1746 auricula
343 1715 476 1753 dextra,
499 1715 555 1746 aiii
571 1725 589 1746 e
605 1721 747 1756 pectore
764 1726 824 1747 seu

117 1774 283 1802 mamma;
319 1765 472 1806 citatque
503 1766 733 1806 Propertium,
764 1767 824 1798 lib.

117 1824 167 1846 lv.
192 1815 288 1855 Eleg.
312 1816 445 1847 scilicet
462 1819 513 1848 11.
546 1817 588 1847 de
615 1817 737 1857 Gallis,
767 1818 825 1848 ubi

118 1865 218 1905 vulgo
240 1866 375 1905 legunt:
400 1866 479 1896 ‘Illi
504 1867 647 1907 virgatis
665 1867 824 1907 jaculan-

119 1916 164 1946 tis
190 1915 233 1946 ab
261 1916 396 1956 agmine
424 1916 581 1946 braccis!
627 1917 729 1956 Legit
745 1928 824 1949 vero

118 1966 338 1998 Casaubonus
360 1966 443 2004 illic,
468 1967 506 1996 ab
530 1967 669 2007 inguine,
689 1967 762 2007 sed,
782 1978 824 1998 an

114 2016 208 2057 jure,
222 2016 297 2057 ipse
314 2016 449 2048 viderit.
494 2018 598 2048 Certe
616 2017 730 2048 malim
747 2028 824 2049 cum

119 2067 280 2099 Marcilio
310 2068 485 2107 explicare
510 2067 665 2099 Persium
687 2067 756 2106 hic,
781 2068 824 2099 de

120 2117 260 2148 Parthis
284 2117 457 2148 lethaliter
486 2117 521 2147 in
547 2117 687 2158 inguine
708 2119 823 2149 vulne-

121 2169 217 2208 ratis,
233 2173 268 2199 et
284 2169 424 2207 sagittas
441 2168 661 2209 extrahendo,
679 2170 824 2201 morien-

120 2218 221 2249 tibus.
268 2218 444 2258 Numquid
466 2218 556 2248 enim
573 2219 714 2249 Romani
736 2220 824 2251 Poe-

121 2274 167 2300 tae
192 2270 226 2300 in
250 2269 366 2309 Epicis
389 2269 616 2308 Carminibus,
640 2269 682 2300 de
704 2270 825 2310 quibus

122 2319 263 2351 Persius
278 2319 340 2350 hoc
357 2319 444 2357 loco,
466 2319 665 2350 laudassent
681 2320 826 2350 Parthos

121 2370 190 2400 tela
215 2369 403 2407 vibrantes,
434 2374 469 2400 ct
494 2370 652 2400 Romanis
682 2375 825 2400 mortem

122 2419 324 2459 inferentes,
335 2421 447 2461 potius
464 2431 563 2461 quam
580 2422 731 2451 victores
744 2421 826 2451 Par-

122 2473 257 2504 thorum
286 2474 473 2504 Romanos?
510 2473 612 2506 Quod
635 2478 747 2504 tamen
777 2473 826 2504 di-

123 2524 266 2554 cendum
288 2523 390 2560 foret,
413 2524 441 2553 si
464 2523 604 2554 vulnera
618 2528 830 2554 sumerentur

123 2571 178 2604 hic
193 2574 317 2611 active,
333 2580 370 2604 ut
387 2575 491 2605 sentit
506 2574 735 2605 Casaubonus.

170 2623 316 2663 Ferrum]
338 2624 489 2665 Sagittas
513 2623 610 2655 ferro
628 2628 776 2655 armatas
791 2623 826 2654 in

125 2672 278 2712 cuspide.
321 2674 555 2713 Synecdoche.

921 1008 938 1035 5
966 1004 1123 1039 Quorsum
1139 1004 1218 1045 hoec]
1241 1005 1356 1045 Fingit
1371 1004 1509 1036 Persius
1531 1005 1589 1036 ad-

878 1067 951 1088 esse
973 1057 1163 1088 cornutum
1187 1062 1451 1098 praeceptorem,
1475 1063 1511 1088 et
1534 1067 1587 1088 re-

878 1107 1043 1148 darguere
1058 1109 1124 1139 sic:
1151 1108 1242 1139 unde
1257 1117 1337 1139 vero
1353 1108 1428 1146 tibi,
1443 1119 1462 1139 o
1476 1109 1588 1149 Persi,

879 1158 1048 1198 turgidum
1067 1159 1149 1190 illud
1164 1159 1290 1190 Satirae
1308 1159 1532 1199 prooemium?

920 1213 986 1242 Aut
1004 1214 1134 1251 quantas
1148 1210 1268 1241 robusti
1284 1211 1432 1241 carminis
1445 1210 1525 1251 offas
1541 1210 1588 1242 in·

875 1261 978 1302 geris]
1022 1262 1135 1293 Eccur
1165 1267 1280 1292 tantas
1307 1261 1491 1292 ver-borum
1520 1271 1588 1292 am-

878 1313 987 1353 pullas
1004 1312 1164 1343 adhibes?

922 1363 1054 1394 Robusti
1069 1362 1235 1403 carminis]
1266 1361 1421 1401 Hernici,
1435 1362 1488 1394 vel
1503 1362 1587 1393 Tm-

879 1414 956 1454 gici.
1001 1415 1052 1445 Tu
1068 1414 1226 1444 nimirum
1253 1422 1319 1444 non
1341 1413 1490 1444 Satiram
1507 1412 1588 1444 scri-

879 1464 959 1495 bere
977 1465 1035 1495 sed
1053 1465 1145 1504 Epos
1165 1464 1302 1494 videris.

925 1514 1032 1555 Offas]
1069 1514 1145 1556 Offa
1174 1515 1300 1545 dicitur
1331 1513 1400 1544 cibi
1429 1513 1586 1554 globulus

879 1570 937 1595 aut
954 1563 1111 1596 frustum.
1161 1565 1226 1594 Hic
1238 1564 1468 1604 metaphorice
1485 1564 1588 1604 signi·-

879 1614 960 1646 ficat
978 1613 1130 1645 inflatum
1148 1624 1297 1645 carmen.

922 1668 942 1696 6
970 1665 1013 1696 Ue
1025 1666 1133 1706 parsit
1146 1668 1270 1695 centeno
1279 1667 1408 1703 gutture
1418 1663 1496 1703 niti]
1519 1664 1588 1695 Ve-

879 1716 929 1746 lut
947 1715 989 1746 ad
1007 1715 1228 1756 trajiciendas
1253 1713 1338 1745 offas
1363 1714 1435 1744 illas
1453 1713 1589 1755 grandi-

880 1775 969 1805 ores,
983 1767 1054 1797 sive
1070 1767 1112 1796 ad
1131 1764 1355 1806 proferendos
1369 1774 1486 1795 versus
1501 1764 1587 1796 adeo

881 1822 1070 1857 turgentes.

923 1871 941 1899 7
968 1867 1120 1907 Nebulas]
1142 1867 1273 1898 Similia
1289 1866 1435 1903 nebulis,
1461 1865 1588 1905 inania,

878 1919 1033 1959 quamvis
1063 1918 1180 1958 specie
1214 1926 1346 1958 magna.
1396 1916 1520 1946 Horat.
1552 1915 1587 1946 in

880 1969 980 2007 Arte,
1004 1978 1105 2008 nugas
1132 1978 1272 2006 canoras,
1291 1971 1414 1998 vocat:
1444 1970 1480 1997 et
1494 1965 1589 1996 nubes

879 2023 910 2050 et
926 2020 1032 2050 inania
1048 2023 1173 2060 captare
1199 2028 1257 2049 eos
1282 2018 1379 2058 dicit,
1397 2017 1453 2058 qui
1481 2016 1588 2057 turgi-

879 2070 958 2101 dum
974 2070 1124 2101 scribunt
1137 2079 1285 2101 carmen.

923 2120 1073 2150 Helicone
1087 2119 1229 2159 legunto]
1254 2118 1450 2149 Invocando
1467 2117 1586 2148 Musas

879 2175 916 2202 et
931 2170 1138 2211 Apollinem.
1186 2169 1272 2199 Vide
1289 2169 1320 2199 in
1340 2169 1498 2208 Prologu-

922 2224 942 2252 8
965 2221 1002 2251 Si
1017 2221 1126 2261 quibus
1141 2223 1195 2250 aut
1212 2219 1362 2256 Procnes,
1385 2218 1453 2258 eya]
1477 2218 1511 2248 Si
1528 2218 1587 2258 qui

880 2272 1001 2302 volent
1031 2271 1178 2301 scribere
1209 2269 1427 2310 Tragoediam
1458 2269 1512 2298 vel
1543 2269 1586 2299 de

884 2323 1003 2352 Procne
1014 2321 1198 2351 Pandionis
1208 2319 1467 2351 Atheniensium
1480 2318 1588 2360 Regis

881 2371 962 2409 filia,
990 2371 1089 2401 Terei
1121 2370 1294 2400 Thi-acum
1324 2369 1427 2408 Regis
1460 2377 1586 2400 uxore:

883 2422 935 2452 vel
964 2421 1007 2451 de
1038 2420 1147 2451 Atreo
1178 2425 1213 2451 et
1242 2420 1389 2459 Thyeste
1421 2418 1586 2451 fratribus

883 2473 972 2512 apud
1002 2469 1113 2509 Argos
1142 2480 1202 2501 seu
1229 2471 1392 2510 Mycenas
1416 2469 1587 2510 regnanti»

882 2522 957 2558 bus,
984 2520 1215 2551 invidentibus
1239 2521 1303 2550 sibi
1320 2521 1477 2559 invicem,
1500 2518 1586 2549 etin

884 2582 958 2603 sese
976 2572 1104 2612 pariter
1121 2572 1352 2602 saevientibus.

928 2621 1078 2662 Procnes]
1101 2623 1189 2655 Quae
1205 2621 1317 2652 Tereo
1333 2619 1455 2649 marito
1479 2616 1586 2648 filium

885 2673 966 2714 Ityn
1001 2672 1162 2713 apposuit
1208 2669 1426 2710 epulandum,
1466 2666 1586 2700 dolore
