1888 3032
743 125 924 155 SA'HRA
966 125 997 156 1.

140 219 342 274 castiges
363 221 537 262 trutina:
568 234 647 262 nec
669 224 709 261 tc
732 221 989 275 quaesiveris
1010 223 1148 261 extra.

141 287 259 328 Nam
284 288 441 329 Romae
465 289 563 342 quis
583 290 699 329 non‘?
733 288 802 337 ah,
827 289 861 327 si
885 288 952 329 sas
975 288 1139 328 dicere!
1172 287 1247 327 sed
1269 287 1336 327 fas

137 354 276 405 Tunc,
300 369 396 396 cum
419 356 473 396 ad
495 357 696 406 canitiem
717 360 760 396 et
780 360 971 396 nostrum
996 356 1110 396 istud
1132 355 1276 396 vivere
1298 356 1418 396 triste

137 421 326 476 Aspexi,
349 429 391 464 et
410 425 593 464 nucibus
614 424 798 464 facimus
821 436 1111 475 quaecumque
1132 424 1318 473 relictis;

1542 419 1598 461 10

139 489 249 530 Cum
274 492 471 544 sapimus
493 495 696 544 patruos:
729 494 848 539 tunc,
871 494 985 539 tunc,
1009 491 1233 543 ignoscite.
1267 493 1278 510 ‘
1298 488 1447 531 Nolo?

139 556 261 608 Quid
281 559 469 599 faciam?
502 557 576 597 sed
598 570 690 597 sum
713 557 925 610 petulanti
949 557 1096 610 splene
1119 558 1342 598 cachinno.

135 700 450 741 expendasjudz'ciwn
466 701 615 740 injustum
636 701 669 731 in
689 701 745 731 illa
771 701 874 731 libra:
892 711 987 741 neque
1006 704 1096 741 pelas
1119 704 1208 731 extra
1226 700 1367 740 teipsum.

1434 698 1598 729 Enimvero

134 745 202 784 q‘uis
219 743 326 774 Romoe
342 754 400 774 non
418 743 451 774 id
469 743 570 774 facit?
594 744 646 774 Ah
668 745 694 774 si
719 745 812 774 liceat
835 745 943 784 loqui!
967 743 1028 774 Sed
1053 744 1135 783 licet,
1159 746 1231 773 time
1253 744 1372 782 qnando
1396 742 1485 772 rideo
1507 751 1598 773 canos

134 786 280 826 capillos;
303 790 332 816 et
350 790 483 817 nostram
499 788 585 817 illam
598 788 694 817 vitam
708 796 845 817 sereram
860 797 870 822 ;
889 790 918 817 et
935 797 1002 827 quse
1015 787 1137 825 agimus
1146 786 1294 826 depositis
1305 785 1433 816 nucibus
1444 797 1453 815 .-
1477 786 1597 825 ‹Juaudo

132 828 294 859 imitamur
312 832 442 869 patruos
464 830 658 870 severitate,
680 833 758 870 tum,
773 830 923 871 inquam,
940 834 1003 860 tum
1019 831 1197 860 condonate.
1243 829 1333 859 Nolo.
1381 828 1467 863 Quid
1481 824 1596 867 agam?

749 925 866 936 eeeeee

870 925 983 936 eeeeee

133 994 202 1025 Ms.
221 994 365 1026 Gar—8
392 995 498 1026 Romoe
513 996 639 1036 estquis
667 996 733 1026 Ms.
752 996 830 1027 Gal.
848 1000 883 1026 et
902 996 942 1027 C.
966 1006 1001 1026 ac
1013 995 1106 1033 sifus
1121 996 1187 1027 Ms.
1204 996 1245 1026 R.
1265 999 1300 1026 et
1318 995 1421 1026 C.—9
1440 994 1517 1026 Tum
1535 1004 1597 1034 pro

137 1037 221 1068 Tunc
237 1038 398 1068 C.—8-12
423 1040 532 1069 Locus
548 1038 696 1069 difficilis
709 1043 779 1069 est:
805 1044 840 1069 et
857 1043 894 1069 nt
911 1039 1067 1080 equidem
1087 1043 1183 1079 puto,
1199 1038 1338 1069 minime.
1356 1047 1464 1069 sanus·

1512 1037 1595 1068 Levi

135 1079 280 1112 fortasse
305 1081 480 1112 literarum
502 1082 690 1113 mutatione
708 1082 949 1122 interpretatio
965 1083 1031 1113 loci
1047 1081 1086 1113 fit
1108 1081 1261 1113 facilior:
1302 1081 1387 1111 Nam
1404 1082 1512 1111 Romoe
1528 1080 1598 1121 quis

792 1166 938 1198 NOTAE

133 1220 327 1258 contraria3
351 1230 473 1261 nempe
496 1230 633 1261 augere,
651 1225 686 1252 et
709 1221 836 1251 minue-

134 1280 192 1302 re:
216 1281 326 1312 neque
355 1276 492 1302 constat
516 1281 583 1313 quo
609 1281 709 1302 sensu
737 1272 789 1302 hic
817 1281 836 1301 a

133 1321 251 1353 Persio
288 1322 513 1363 intelligatur.
575 1323 782 1362 Metaphora
818 1332 836 1352 a

132 1371 351 1411 ponderibus,
382 1373 415 1403 in
440 1373 561 1413 quibus
593 1378 630 1404 ut
651 1374 731 1404 lanx
762 1383 836 1413 gra-

132 1421 205 1452 vior
221 1422 409 1460 attollatur,
436 1426 471 1453 et
495 1432 558 1462 par
581 1423 680 1453 alteri
705 1422 776 1462 fiat,
793 1432 836 1453 ex

134 1481 174 1502 ea
190 1472 316 1513 aliquid
333 1472 534 1503 detrahitur.

174 1522 326 1562 Accedas]
350 1523 390 1553 Id
408 1528 473 1562 est,
490 1533 532 1554 ne.
550 1527 583 1554 te
603 1523 770 1564 adjungas
793 1524 834 1555 ad

130 1573 263 1614 iniquos
279 1573 420 1605 Judices
439 1574 623 1612 Romanos,
641 1575 712 1605 sive
732 1574 835 1605 bonos

132 1632 249 1654 versus
266 1628 498 1664 contemnant,
522 1626 593 1656 sive
617 1625 722 1656 malos
745 1626 835 1657 aesti-

132 1677 238 1705 ment.

177 1724 333 1764 Examen]
359 1726 419 1756 Est
438 1725 580 1756 bilancis
600 1726 708 1766 hasta,
729 1726 835 1766 filum,

132 1775 273 1816 lingula,
288 1786 353 1816 qua
379 1781 502 1816 stante,
519 1777 551 1807 in
577 1782 732 1809 neutram
758 1788 834 1809 ver-

132 1830 234 1865 gente
266 1830 411 1865 pmtern,
439 1831 475 1857 et
505 1827 567 1857 snb
594 1837 675 1858 ansa
691 1828 834 1867 latente,

133 1874 357 1916 aequilibrium
381 1876 609 1915 cognoscitur.
654 1877 835 1918 Metaplio-

131 1925 203 1956 rice
223 1926 360 1965 ponitur
376 1926 594 1966 projudicio.

174 1978 193 2006 7
222 1976 370 2016 Trutina]
415 1976 562 2017 Proprie
579 1981 632 2008 est
649 1977 730 2008 illud
747 1976 834 2008 sora-

130 2036 221 2066 men,
240 2026 331 2057 intra
348 2027 438 2067 quod
455 2026 600 2058 libratur
617 2027 759 2059 bilancis
774 2028 835 2058 lin-

133 2087 210 2116 gua,
228 2078 270 2108 de
287 2087 354 2118 qua
368 2087 458 2108 mox.
504 2078 574 2109 Hic
604 2078 746 2110 sumitur
772 2089 834 2119 pro

133 2131 205 2158 tota
220 2127 365 2158 bilance.

177 2179 243 2208 Nec
257 2181 287 2208 te
301 2177 478 2217 quaesiveris
492 2177 598 2218 extra]
656 2179 712 2210 Ne
736 2183 835 2211 extra

132 2233 165 2259 te
181 2228 339 2260 Judicem
357 2237 473 2267 qua’re
489 2227 739 2268 autjudicium.
783 2230 834 2260 Tu

130 2279 204 2320 ipse
218 2288 272 2310 res
286 2278 448 2319 dijudica.
516 2316 527 2325 χ

174 2332 194 2360 8
221 2330 302 2360 Nam
318 2329 428 2359 Roma>
441 2329 508 2369 quis
526 2329 600 2369 uon]
645 2329 834 2371 Aposiope-

130 2379 175 2410 sis
205 2383 274 2410 est:
310 2379 343 2410 id
372 2384 436 2419 est,
467 2379 540 2420 quis
569 2380 686 2410 Romae
716 2389 833 2412 errore

132 2429 297 2461 communi
315 2430 441 2470 lapsus,
455 2435 490 2460 et
507 2435 605 2461 extra
622 2431 833 2471 sejudicium

132 2489 298 2520 quaerenS,
327 2490 394 2511 non
431 2482 517 2512 male
550 2481 710 2522 judicat?
754 2483 833 2523 Vel,

133 2530 206 2569 quis
223 2531 340 2561 Romae
357 2540 423 2562 non
440 2530 583 2563 affectat
595 2533 730 2565 laudem
747 2534 834 2565 Poe'·

134 2583 229 2612 sens?
251 2583 327 2615 Quo
342 2583 479 2624 quidem
504 2583 746 2626 perstringitur
761 2585 832 2626 ipse

136 2631 239 2663 Nero.

178 2682 239 2713 Sed
264 2681 319 2720 fas
348 2687 432 2725 tuuc,
461 2684 531 2724 ἔγω]
589 2684 713 2717 Totum
742 2685 831 2718 hunc

891 1221 1003 1252 locum
1021 1221 1077 1252 alii
1091 1222 1190 1252 aliter
1206 1222 1489 1262 interpretantur.
1514 1221 1596 1252 Qni-

892 1271 969 1302 dam
983 1273 1101 1303 volunt
1117 1273 1273 1304 Persium
1291 1272 1383 1313 loqui
1408 1272 1443 1302 in
1460 1271 1599 1312 propria

891 1333 1047 1364 persona,
1079 1324 1127 1354 ita
1159 1328 1195 1354 ut
1232 1323 1324 1354 dicat
1355 1322 1419 1353 sibi
1457 1321 1596 1352 tandem

890 1373 995 1404 licere
1022 1373 1135 1404 invehi
1162 1374 1194 1403 in
1222 1373 1391 1403 hominum
1408 1372 1503 1411 vitia,
1520 1381 1595 1403 cum

890 1424 962 1464 ipse
982 1424 1067 1465 jam,
1083 1426 1108 1455 si
1129 1425 1237 1455 minus
1255 1429 1370 1464 aetate,
1395 1428 1430 1455 at
1445 1423 1596 1455 moribus

891 1483 995 1505 senex
1013 1474 1076 1505 sibi
1093 1484 1168 1505 esse
1190 1475 1364 1504 videatur:
1392 1472 1456 1513 fas,
1474 1473 1599 1514 iuquit,

890 1524 972 1555 mihi
989 1531 1041 1555 est
1058 1534 1180 1564 pravos
1197 1533 1306 1555 mores
1334 1523 1597 1564 reprehendere,

891 1584 966 1605 curn
983 1574 1165 1606 considero
1183 1585 1264 1605 nieoe
1283 1575 1404 1605 mentis
1422 1574 1596 1614 canitiem,

890 1630 925 1656 et
941 1634 1052 1656 mcum
1070 1625 1207 1656 vivendi
1224 1635 1330 1666 genus
1345 1634 1513 1663 severum,
1529 1634 1598 1655 ma·

891 1680 1068 1716 turamque
1100 1676 1226 1707 relictis
1256 1676 1352 1716 nugis
1381 1676 1595 1716 sapientiam.

889 1725 958 1756 Alii
989 1731 1100 1757 tamen
1137 1726 1298 1757 videntur
1334 1726 1454 1757 melius
1483 1726 1596 1758 Persii

890 1786 1024 1807 sensum
1049 1777 1210 1817 assecuti,
1236 1777 1292 1818 qui
1308 1777 1404 1809 aiunt
1418 1778 1513 1809 illum
1536 1778 1595 1809 ho-

889 1826 997 1856 mines
1021 1836 1089 1857 suae
1116 1827 1229 1858 aetatis
1246 1836 1401 1868 carpere,
1417 1828 1472 1868 qui
1489 1831 1594 1859 aetate

889 1875 969 1906 licet
998 1876 1153 1915 provecti
1184 1881 1220 1907 et
1249 1876 1399 1908 moribus
1430 1877 1594 1918 vultuque

890 1936 1022 1965 graves,
1044 1928 1154 1958 adhuc
1179 1932 1293 1958 tamen
1313 1927 1504 1959 scribendis
1521 1938 1594 1958 ver-

890 1975 1019 2015 siculis,
1036 1976 1092 2016 qui
1114 1977 1278 2016 juvenum
1302 1977 1393 2008 lusus
1420 1981 1510 2018 suut,
1526 1978 1595 2009 lau-

888 2027 964 2058 dem
982 2028 1181 2067 captabant.

932 2081 971 2108 10
1012 2078 1168 2118 Nucibus]
1227 2078 1269 2110 Id
1301 2083 1366 2119 cst,
1404 2079 1593 2120 puerilibus

887 2128 976 2159 ludis
1010 2139 1049 2160 ac
1088 2130 1186 2170 nugis
1224 2130 1445 2171 quibuslibet.
1512 2131 1594 2162 Sue-

888 2183 959 2210 ton.
997 2179 1144 2220 August.
1171 2190 1248 2221 cap.
1280 2183 1332 2213 83.
1363 2181 1473 2214 refert
1500 2182 1591 2214 illum

889 2238 964 2259 cum
981 2230 1094 2270 pueris
1108 2230 1246 2262 minutis
1262 2231 1435 2262 interdum
1449 2232 1594 2264 nucibus

887 2278 1056 2310 lusitasse.

932 2331 970 2359 11
1000 2329 1079 2361 Cum
1094 2330 1231 2371 sapimus
1241 2331 1388 2373 patruos]
1428 2332 1594 2366 Quisunt

888 2385 1049 2421 nepotum
1066 2381 1141 2412 duri
1159 2392 1251 2422 saepc
1268 2383 1509 2423 castigatores.

931 2431 1104 2472 Ignoscite]
1129 2431 1236 2463 Sinite
1250 2442 1303 2463 me
1317 2438 1478 2474 corrupta
1489 2434 1592 2464 homi-

888 2489 966 2511 num
977 2481 1253 2522 judicianotare.

931 2531 1026 2572 Nolo]
1072 2533 1149 2564 Non
1163 2533 1284 2575 sinam,
1298 2534 1409 2576 inquit
1422 2534 1588 2566 monitor:

886 2581 930 2615 ab
945 2581 996 2614 his
1013 2582 1187 2614 abstineas
1195 2584 1317 2624 jubeo.

930 2636 971 2664 12
995 2633 1081 2669 Quid
1099 2633 1238 2673 faciam]
1283 2633 1482 2674 Respondet
1505 2633 1589 2666 Per-

887 2683 973 2723 sius3
996 2688 1033 2715 at
1047 2683 1127 2716 mihi
1141 2688 1333 2725 temperare
1349 2693 1415 2715 non
1432 2694 1584 2726 possum:
