1888 3032
279 171 335 212 64
790 179 833 208 Α.
871 178 1032 208 pensu
1068 179 1242 211 FLACC!

287 278 360 320 Da
380 291 535 333 pecus,
560 281 601 318 et
620 275 824 329 gregibus
845 273 1025 315 foetum!
1057 286 1164 327 quo,
1183 274 1387 328 pessime,
1408 278 1558 330 pacto,

227 361 231 365 ·
281 345 370 388 Tot
389 347 470 387 tibi
493 357 591 386 cum
614 344 657 383 in
677 342 867 383 fiammis
881 342 1080 396 junicum
1100 345 1276 382 omenta
1292 342 1567 396 liquescant?

280 413 337 455 Et
356 418 498 454 tamen
519 412 589 452 hic
611 411 728 452 extis
750 414 794 451 et
813 410 962 464 opimo
982 411 1154 451 vincere
1181 410 1290 451 ferto

279 480 492 521 Intendit:
517 480 613 534 jam
634 478 791 519 crescit
813 490 930 531 ager,
943 478 1037 532 jam
1060 478 1219 518 crescit
1240 478 1355 518 ovile
1373 491 1383 528 3

278 547 382 587 Jam
403 547 593 597 dabitur,
610 548 703 602 jam
722 548 814 602 jam
832 561 841 588 :
875 546 1014 587 donee
1036 546 1247 601 deceptus
1267 551 1310 588 et
1330 557 1491 599 exspes
1694 544 1751 584 00

280 614 590 668 Nequicquam
608 614 740 655 fundo
763 615 958 668 suspirat
976 627 1178 655 nummus
1202 614 1247 654 in
1268 615 1372 655 imo.

334 683 383 724 Si
403 683 484 724 tibi
515 687 702 723 crateras
723 683 885 736 argenti
905 683 1148 736 incusaque
1168 682 1321 736 pingui

278 749 401 791 Auro
423 750 541 791 dona
559 751 712 800 feram,
740 750 886 799 sudes,
915 753 957 790 et
975 753 1152 803 pectore
1173 750 1291 791 laevo

280 818 494 860 Excutiat
515 822 660 872 guttas
681 819 824 859 laetari
843 818 1153 872 praetrepidum
1172 831 1261 860 cor.

268 945 483 985 fortunatam,
498 947 624 977 concede
637 956 762 986 greges,
779 950 809 978 et
818 946 1057 983 soecunditatem
1071 947 1188 987 pecori.
1220 947 1302 986 Sed,
1320 956 1338 978 ο
1355 945 1592 987 improbissime,
1607 946 1753 987 quomodo

275 989 348 1019 haec
365 988 461 1027 fiant,
477 991 549 1020 dum
565 993 610 1020 tot
624 990 773 1020 intestina
779 991 984 1029 Juvcncarum
999 990 1162 1031 liquefiunt
1178 1001 1197 1021 a
1213 994 1243 1021 te
1264 991 1298 1021 in
1314 989 1410 1029 igne?
1454 990 1557 1030 Atque
1574 989 1626 1020 ille
1642 988 1754 1019 nihilo—

276 1031 377 1062 minus
390 1036 493 1072 sperat
512 1032 611 1062 victor
633 1042 696 1063 esse
722 1042 780 1072 per
800 1033 961 1072 intestina,
985 1036 1014 1064 et
1036 1034 1154 1072 pingue
1177 1033 1282 1064 libum.
1329 1033 1423 1063 Nunc
1440 1042 1516 1072 ager
1532 1032 1754 1063 incrementum

276 1074 373 1114 capit,
388 1085 468 1105 nunc
484 1075 586 1105 ovium
608 1085 689 1115 grex
703 1079 860 1114 augetur:
882 1077 983 1112 modo,
1007 1078 1056 1106 ait
1072 1076 1142 1115 ille,
1163 1077 1308 1116 protinus
1333 1077 1515 1107 concedetur
1537 1074 1628 1115 quod
1645 1078 1751 1114 opt03

276 1126 372 1157 usque
385 1118 458 1148 dum
474 1128 616 1148 nummus
630 1118 843 1155 defraudatus⁷
860 1122 890 1148 et
905 1119 971 1149 sine
981 1128 1034 1159 spe
1048 1119 1228 1158 ingemiscat
1238 1119 1366 1156 frustra
1382 1120 1415 1149 in
1428 1118 1533 1159 infimo
1549 1128 1630 1148 arcoe
1637 1117 1756 1155 fundO.

277 1160 319 1190 ,Si
332 1159 463 1200 offeram
479 1160 540 1190 tibi
563 1164 690 1200 pateras
711 1165 888 1200 argenteas,
912 1164 943 1191 et
967 1171 1095 1192 munera
1118 1171 1158 1192 ex
1181 1171 1257 1192 auro
1272 1163 1368 1192 solido
1384 1160 1559 1200 fabricata,
1582 1164 1620 1191 tu
1636 1160 1753 1191 statim

277 1203 418 1233 sudorem
434 1203 572 1243 emittas,
588 1206 618 1234 et
641 1204 744 1234 stillas
766 1203 908 1244 effundas
930 1214 946 1235 e
968 1204 1093 1235 thorace
1115 1204 1263 1235 sinistro.-
1288 1204 1463 1246 praecordia
1487 1211 1544 1235 tua
1565 1202 1754 1245 palpitantia

899 1300 1135 1312 ee‘aeeeeae‘ee

279 1352 407 1383 0.-48
431 1353 538 1384 Recte
555 1353 655 1391 ferto,
677 1363 743 1385 non
764 1353 866 1394 farto,
891 1355 981 1396 quod
1002 1356 1036 1386 in
1061 1356 1257 1396 depravatis
1281 1355 1455 1387 codicibus
1472 1355 1648 1385 inventum
1665 1354 1752 1385 male

278 1400 429 1426 tuentur.
463 1396 725 1428 Casaub021.—5o
750 1398 918 1429 Demersus
944 1399 1074 1430 B.—52
1101 1400 1267 1430 Craterras
1291 1399 1446 1430 scribunt
1472 1398 1601 1435 Latini,
1625 1402 1660 1428 et
1685 1397 1754 1428 for-

277 1442 371 1469 mant
387 1441 540 1478 crateri-a,
555 1443 713 1470 craterrae.
740 1441 1020 1472 Casaubon.—52
1037 1441 1218 1482 incussaque
1236 1443 1302 1473 Ms.
1320 1443 1360 1472 R.
1376 1445 1410 1471 et
1425 1441 1549 1471 C.—-53
1567 1439 1668 1470 Swdas
1684 1440 1751 1471 Ms.

278 1481 320 1512 R.
367 1481 436 1511 laevz·
460 1482 500 1512 B.
531 1492 592 1521 pro
615 1482 789 1513 icem-54
815 1483 970 1513 Excutias
994 1483 1077 1515 edit.
1095 1485 1215 1524 steph.
1241 1485 1483 1524 excuties-..per
1513 1483 1667 1523 trepidum
1684 1483 1752 1513 ΜΞ.

279 1522 324 1554 R.
351 1523 455 1554 loetari
478 1529 572 1555 recte
587 1525 817 1562 membranae;
844 1527 961 1557 melius
979 1537 1078 1567 quain
1095 1528 1238 1559 laetetur:
1261 1527 1341 1568 quid
1359 1526 1514 1557 usitatius
1536 1526 1599 1557 hoe
1627 1534 1754 1566 genere

278 1566 460 1598 locutionis
477 1566 648 1598 historicae
664 1577 727 1608 per
739 1567 942 1601 infinitivum
956 1570 967 1600 ?
991 1580 1093 1610 quam
1107 1570 1209 1611 poeta
1226 1570 1279 1601 hic
1296 1569 1548 1611 elegantissime
1562 1568 1753 1609 usurpavit.

948 1656 1088 1687 NOTAE

322 1728 365 1758 46
390 1726 470 1767 Quo,
482 1728 623 1769 pessime,
635 1730 743 1770 pacto]
763 1731 839 1763 Qua
856 1730 991 1762 ratione

279 1775 327 1807 vis
343 1786 482 1818 gregem
499 1781 591 1809 tuum
612 1789 781 1820 creseere,
802 1790 902 1821 quem
926 1780 991 1812 sre-

280 1828 463 1869 quentibus
479 1829 654 1861 sacrificiis
671 1835 799 1862 temere
816 1836 851 1863 et
868 1842 989 1872 perpe-

279 1888 351 1909 ram
367 1879 602 1920 multiplicatis
625 1882 762 1913 omnino
782 1882 810 1913 is
835 1883 989 1914 imminu-

279 1933 351 1960 tum
367 1934 403 1961 et
418 1930 653 1971 disperditum.

321 1983 362 2012 47
380 1981 546 2021 Flammis]
563 1983 692 2015 Quibus
707 1989 906 2016 cremantur
920 1985 987 2017 vic-

280 2031 384 2062 timoe.

324 2082 474 2122 Omenta]
513 2083 684 2115 Intestina
711 2090 791 2117 sunt
821 2086 988 2126 molliora,

278 2132 389 2173 inquit
406 2133 522 2164 Celsus
538 2145 544 2164 :
580 2134 712 2166 Plinius
738 2140 851 2166 autem
870 2146 920 2167 xr.
940 2140 990 2167 37.

280 2183 328 2213 ait
345 2192 418 2214 esse
436 2184 646 2214 membranas
665 2190 795 2227 tenues,
813 2197 887 2228 quae
911 2198 989 2217 ven-

280 2237 368 2263 trem
386 2233 578 2264 interiorem
597 2234 768 2274 integunt.

322 2282 524 2323 Liquescant]
553 2283 609 2314 Ob
627 2283 763 2325 adipem
787 2289 823 2316 et
849 2285 988 2326 pingue-

280 2333 393 2363 dinem
431 2333 603 2364 intestinis
635 2334 879 2374 adliaerentem,
914 2347 989 2378 quae

280 2383 387 2413 multa
403 2384 626 2415 adhibebatur
651 2395 669 2414 a
695 2385 988 2425 Sacrificantibus,

280 2437 319 2463 ut
335 2442 375 2463 ea
391 2434 601 2473 liquescente
619 2434 705 2474 ignis
725 2437 989 2477 accenderetur,

280 2488 318 2515 et
331 2493 448 2515 carnes
465 2484 563 2514 citius
577 2491 870 2516 consumerentur.

324 2537 365 2566 48
390 2535 435 2564 Et
449 2538 550 2564 tumen
567 2533 631 2573 hic]
656 2533 789 2566 Avarus
805 2536 862 2567 ille
879 2540 915 2567 et
931 2537 989 2567 im-

283 2585 356 2626 pius
376 2589 548 2625 precator.

332 2634 475 2674 mucore]
500 2635 592 2665 Deos
609 2634 804 2666 muneribus
818 2645 989 2676 expugna-

284 2695 332 2725 re,
348 2690 383 2716 et
400 2685 568 2726 quidlibet
584 2685 746 2726 consequi
761 2686 802 2716 ab
821 2686 897 2717 illis.

326 2736 436 2776 Ferto]
462 2736 560 2767 Furto
577 2746 670 2776 saepe
688 2735 821 2777 legitur.
869 2736 988 2767 Libum

1045 1736 1119 1763 erat
1136 1743 1154 1763 e
1171 1731 1276 1772 farre,
1298 1732 1389 1771 vino,
1413 1731 1525 1770 melle,
1541 1732 1603 1761 διε.
1620 1729 1752 1760 dictum

1045 1792 1063 1813 a
1081 1782 1273 1822 farciendo,
1288 1783 1377 1823 quod
1403 1792 1420 1813 e
1439 1781 1554 1812 multis
1575 1784 1650 1812 erat
1674 1789 1752 1810 con-

1043 1832 1168 1864 fertum
1198 1834 1310 1865 rebus.
1366 1831 1564 1872 Legendum
1587 1841 1660 1862 esse
1677 1840 1756 1862 con-

1046 1884 1190 1915 tendunt
1207 1883 1308 1923 ferto,
1336 1893 1393 1914 seu
1424 1883 1468 1913 ob
1490 1883 1657 1913 rationem
1674 1890 1753 1911 mox

1045 1935 1196 1974 allatam,
1213 1944 1272 1966 seu
1294 1934 1385 1976 quod
1404 1933 1447 1964 ad
1464 1942 1563 1964 sacra
1579 1942 1670 1973 saepe
1686 1929 1752 1962 fer-

1034 1991 1152 2025 vretur.

1086 2039 1129 2066 49
1152 2037 1227 2066 Jam
1243 2035 1350 2065 crescit
1364 2033 1453 2073 ager]
1488 2033 1605 2074 Inquit
1621 2042 1754 2072 avaruS,

1046 2086 1264 2126 semetipsum
1282 2094 1342 2124 spe
1361 2094 1447 2114 vana
1462 2083 1640 2115 deludens.

1089 2139 1127 2167 51
1154 2134 1316 2175 Suspirat]
1348 2134 1464 2174 Spirat
1488 2134 1585 2175 quasi
1610 2138 1646 2165 et
1666 2143 1752 2165 unus

1047 2191 1153 2217 restat
1179 2185 1325 2216 nondum
1346 2186 1451 2215 stulte
1475 2189 1682 2224 consumtus,
1715 2189 1751 2216 ut

1044 2237 1164 2268 ceteri.

1086 2291 1139 2319 52'
1153 2286 1278 2326 Incusa]
1306 2287 1347 2317 Iu
1364 2287 1486 2318 incude
1503 2285 1683 2326 fabricata,
1699 2285 1752 2315 vel

1044 2339 1176 2370 coelata.
1232 2337 1380 2370 Quidam
1411 2337 1682 2376 interpretantur
1706 2335 1755 2366 iu-

1043 2389 1148 2427 fecta,
1174 2387 1393 2426 infabricata,
1416 2392 1453 2418 ut
1475 2387 1518 2417 sit
1545 2395 1654 2417 massa
1678 2385 1752 2415 auri

1045 2440 1193 2470 nondum
1211 2439 1295 2469 cusi.

1087 2493 1127 2520 53
1154 2490 1284 2519 Pectore
1309 2489 1398 2528 Icevo]
1431 2487 1576 2517 Sinistra
1600 2486 1751 2525 pectoris

1045 2545 1156 2579 parte,
1173 2539 1204 2568 in
1222 2548 1286 2578 qua
1304 2538 1405 2567 situm
1423 2542 1471 2567 est
1486 2546 1556 2567 cor.
1603 2536 1750 2568 Quidam

1044 2588 1328 2628 interpretantur,
1364 2588 1524 2628 maligno,
1565 2596 1749 2626 perverso:

1045 2639 1105 2669 sed
1122 2638 1231 2669 minus
1250 2638 1371 2677 placet.

1087 2691 1128 2718 54
1154 2688 1305 2718 Excutiat
1319 2688 1442 2727 guttas]
1468 2687 1607 2717 Sudoris
1630 2688 1751 2726 stillas,

1044 2738 1086 2770 ob
1105 2738 1338 2769 vehementem
1355 2737 1466 2769 cordis
1491 2738 1749 2769 commotionem
