1888 3032
268 116 325 159 88

269 221 415 271 Heus,
436 222 565 269 bone,
584 224 628 260 tu
649 218 803 271 palles.

776 124 824 152 A.
858 120 1023 151 PERSII
1057 121 1231 151 FLACGI

863 219 875 236 ‘
891 216 1014 257 Nihil
1036 215 1131 258 est?

268 288 492 341 Quicquid
514 287 553 326 id
577 291 662 326 est:
694 286 828 337 surgit
848 284 979 325 tacite
1003 285 1082 324 tibi
1102 284 1222 324 lutea
1242 284 1385 337 pellis.

1189 215 1360 257 Videas
1379 220 1520 257 tamen
1542 215 1674 265 istud,

1675 283 1733 324 95

272 360 284 377 ‘
300 354 362 396 At
382 360 427 396 tu
449 355 636 394 deterius
657 353 823 406 palles:
853 364 907 391 ne
929 351 992 391 sis
1014 351 1118 390 mihi
1137 354 1275 391 tutor:

270 423 297 464 J
303 436 372 463 am
393 421 561 475 pridem
580 420 695 460 hunc
717 420 876 474 sepeli:
908 423 953 460 tu
974 417 1140 459 restas?

1201 418 1353 474 Perge,
1376 419 1549 459 tacebo.

265 565 352 601 time,
368 567 400 594 tu
416 565 551 604 pallidus
565 573 608 595 es.
654 564 748 594 Nihil
761 567 819 603 est,
834 564 954 605 inquit.
1000 564 1150 595 Attamen
1168 563 1327 594 considera
1342 563 1419 593 illud
1431 562 1637 602 quodcumque
1654 561 1731 591 illud

265 610 330 637 est:
354 616 395 636 en
411 607 491 636 cutis
503 606 664 637 subcrocea
679 607 793 638 sensim
814 607 873 638 tibi
895 607 1081 637 intumescit.

1128 607 1211 637 Tum
1230 607 1285 636 ille
1300 618 1306 636 :
1342 606 1402 635 Sea
1418 610 1428 635 1
1435 616 1452 634 ιι
1467 605 1552 644 pejus
1574 604 1731 644 pallescis:

265 659 302 680 ne
319 649 396 680 mihi
412 650 454 679 sis
468 653 607 680 curator:
621 650 692 688 jam
715 651 830 680 dudum
845 650 934 680 illum
951 653 1046 680 terroe
1063 650 1224 680 manduci:
1248 652 1280 679 tu
1299 659 1377 679 vero
1393 650 1547 687 superstes
1568 656 1608 676 es.
1652 646 1731 676 Pro-

931 739 1071 772 NOTAE

266 807 338 834 tera
361 808 397 834 et
420 808 564 842 matura,
580 804 896 836 convalescentibus
913 815 971 846 op-

265 854 361 893 tima,
379 855 505 895 quippe
534 865 608 895 qua>
640 861 717 895 post
741 866 861 887 anuum
881 857 971 898 vige-

266 905 386 935 simum
413 905 566 945 quintum
587 905 797 937 biberentur.
846 907 971 937 Casan-

266 954 372 986 bonus
389 965 430 986 ex
450 955 559 986 Plinio
573 956 773 997 Graecisque
789 957 948 989 Medicis,

307 1004 510 1045 Surrentina]
555 1006 749 1037 Surrentini
768 1008 871 1038 colles
887 1009 971 1040 salu-

264 1052 335 1086 bris
363 1054 430 1084 vini
462 1054 606 1095 feraces,
635 1066 742 1096 prope
768 1058 968 1089 Surrentum

266 1104 460 1143 Campania
487 1105 603 1134 urbem
621 1106 834 1137 maritimam.
879 1108 970 1138 Vide

266 1153 357 1185 Plin.
386 1164 460 1186 ΧΠ.
489 1159 520 1186 6.
551 1161 586 1187 et
613 1165 722 1188 xxul.
750 1161 780 1189 1.
812 1159 970 1189 ‘Surren-

265 1203 362 1243 tina,'
379 1205 501 1246 inquit,
522 1208 531 1223 ‘
546 1206 625 1237 vina
641 1213 746 1248 capnt
763 1209 854 1240 nullo
869 1209 970 1240 modo

266 1258 420 1295 tentant;
447 1261 483 1287 et
499 1257 663 1288 stomachi
682 1263 717 1288 et
733 1258 970 1290 intestinorum

263 1305 524 1338 rheumatismos
542 1308 729 1338 cohibent.'

304 1357 423 1388 Lotum
437 1358 513 1398 sibi]
552 1359 628 1390 Duo
646 1365 726 1390 sunt
742 1360 862 1401 aegroti
880 1361 968 1392 illius

263 1413 410 1448 peccata
425 1414 545 1440 contra
561 1410 767 1441 valetudinis
786 1411 968 1442 rationem:

262 1461 421 1501 primum,
450 1461 540 1502 quod
569 1461 698 1492 balneis
728 1466 861 1492 utatur:
888 1463 971 1494 alte-

265 1520 351 1551 rum,
369 1511 457 1551 quod
483 1511 598 1542 vinum
625 1511 733 1551 bibat,
750 1512 843 1553 quasi
860 1521 971 1543 sauuS.

268 1561 352 1592 Erat
380 1571 452 1593 mos
469 1561 643 1602 Anfiquis,
660 1563 794 1603 vesperi
811 1572 973 1594 exercere

264 1621 313 1651 se,
336 1611 415 1642 inde
433 1612 561 1651 lavare,
579 1617 699 1652 postea
715 1623 862 1644 coenare.
908 1614 972 1644 Ille

265 1661 520 1702 intempestive,
566 1662 847 1702 intemperanter,
886 1673 973 1704 prae-

266 1716 403 1752 poster-e
418 1712 538 1742 omnia.
584 1712 725 1743 Suetou.
752 1713 786 1743 in
804 1712 972 1753 Augusto,

265 1772 296 1793 c.
327 1765 379 1793 82.
414 1763 598 1802 ⁴Tantam‚’
628 1763 751 1803 inquit,
775 1763 972 1805 ‘iufirmita-

266 1818 334 1843 tem
356 1823 477 1854 magua
503 1823 585 1843 cura
611 1814 782 1855 tuebatur,
818 1815 972 1855 inprimis

256 1872 297 1893 av
320 1863 398 1894 andi
419 1863 582 1894 raritate.’

309 1917 350 1945 9-1
375 1914 478 1953 Heus,
509 1914 596 1954 bone,
625 1918 659 1945 tu
686 1915 797 1956 palles]
855 1916 974 1957 Inquit

268 1964 426 1996 Medicus
445 1965 592 1995 revisens
608 1964 775 1996 homiuem
793 1976 935 2007 aegrum.

310 2014 431 2055 Panes]
473 2016 589 2046 Pallor
606 2016 713 2046 morbi
727 2016 842 2048 index.

310 2065 402 2095 Nihil
425 2067 484 2106 est]
529 2066 729 2106 Respondet
760 2077 865 2107 aeger,
891 2067 974 2098 nihil

259 2114 338 2144 mali
358 2124 392 2145 se
418 2115 558 2155 habere,
583 2116 737 2157 adeoque
764 2117 894 2148 Medici
921 2127 972 2148 re-

262 2164 524 2204 prehensionem
561 2166 706 2206 spernit,
736 2171 771 2197 et
806 2166 970 2207 injectum

262 2214 326 2244 sibi
359 2215 513 2246 timorem
545 2216 668 2248 elevat.
714 2216 780 2249 Qui
811 2216 845 2247 in
876 2219 969 2258 gravi

262 2266 380 2297 morbo
411 2267 562 2298 dolorem
594 2277 659 2298 non
688 2269 805 2308 sentit,
843 2268 875 2299 in
910 2269 968 2300 illo

261 2325 339 2356 spes
366 2317 521 2348 sanitatis
544 2325 603 2349 aut
630 2319 755 2360 exigua
781 2325 841 2350 aut
863 2320 967 2352 nulla.

260 2365 505 2407 Hippocrates

306 2415 420 2446 Videas
448 2419 563 2454 tamen,
591 2417 661 2456 εγω]
706 2417 817 2448 Instat
835 2419 964 2458 peritus

258 2465 428 2504 Medicus,
457 2465 590 2496 scincet
621 2466 703 2496 nihil
741 2467 852 2505 times,
886 2478 963 2500 cum

251 2516 323 2556 jam
339 2515 531 2556 hydropisis
549 2515 675 2546 indicia
691 2516 815 2546 habeas
832 2517 960 2548 omnia:

257 2570 292 2596 et
310 2574 432 2605 corpus
448 2565 657 2603 intumescit,
675 2569 710 2596 et
728 2566 825 2606 pellis
843 2566 961 2599 flaves-

259 2615 316 2645 cit.

298 2669 337 2697 923
364 2666 474 2706 Surgit
489 2666 570 2698 lutea
583 2666 688 2708 peltis]
718 2667 819 2702 Quod
838 2678 959 2710 aquam

1025 805 1230 836 intercutem
1247 804 1416 844 designat.
1461 803 1624 842 Galenus,
1643 802 1733 842 AEgi-

1024 860 1116 892 neta,
1134 856 1156 885 l.
1175 864 1229 886 111.
1255 856 1384 892 Celsus,
1403 855 1423 884 l.
1441 863 1496 884 111.
1511 859 1543 883 et
1563 853 1629 883 alii.

1068 909 1110 937 90
1142 907 1186 936 At
1216 910 1250 936 tu
1278 906 1415 935 deterius
1443 905 1554 944 palles]
1598 902 1731 934 Probra

1019 957 1094 998 jam
1120 957 1246 988 evomit
1278 957 1310 986 in
1344 955 1519 986 Medicum
1550 963 1640 994 aeger
1666 959 1734 984 sto-

1025 1006 1210 1037 machatus.
1259 1006 1287 1045 I,
1315 1015 1395 1036 cura
1425 1005 1584 1045 teipsum,
1611 1003 1733 1044 inquit,

1026 1060 1122 1100 pejus
1150 1063 1390 1099 aegrotantem.
1450 1058 1524 1097 Ego
1556 1056 1668 1087 sanior
1698 1061 1733 1086 te

1026 1120 1112 1148 sum,
1137 1114 1172 1139 et
1198 1108 1430 1149 voluptatibus
1452 1107 1625 1138 abstinere
1642 1107 1733 1137 nolo.

1025 1160 1149 1190 Pallere
1171 1164 1285 1190 autem
1303 1158 1460 1189 Medicus
1477 1158 1614 1188 videtur
1629 1167 1734 1198 aegro,

1026 1210 1080 1240 vel
1109 1209 1188 1250 quia
1216 1214 1412 1246 veternoso,
1441 1209 1494 1239 vel
1522 1213 1559 1239 ut
1588 1212 1732 1248 arquato

1026 1260 1146 1290 morbo
1185 1259 1365 1290 laboranti.
1432 1258 1535 1298 Apud
1585 1257 1732 1289 Nonium

1027 1309 1244 1347 Marcellum,
1289 1311 1298 1326 ⁴
1316 1309 1425 1339 Varro
1464 1307 1732 1345 Eumenidibus3

1028 1364 1065 1390 ut
1093 1360 1242 1400 arquatis
1269 1364 1304 1390 et
1333 1361 1424 1390 lutea
1447 1369 1522 1399 quae
1551 1368 1616 1389 non
1643 1363 1733 1397 sunt,

1025 1414 1060 1440 et
1077 1419 1151 1450 quae
1179 1414 1270 1447 sunt,
1299 1410 1392 1440 lutea
1407 1409 1584 1440 videntur:
1609 1409 1656 1440 sie
1684 1410 1730 1440 in-

1026 1460 1115 1490 sanis
1131 1461 1202 1491 sani
1220 1464 1255 1492 et
1270 1459 1390 1491 furiosi
1406 1460 1564 1491 videntur
1585 1470 1659 1491 esse
1682 1460 1730 1490 in-

1027 1510 1123 1542 sani.²

1085 1562 1194 1592 Nesis
1223 1561 1301 1592 mihi
1330 1561 1431 1601 tutor]
1473 1561 1551 1592 Jam
1585 1561 1731 1601 pupillus

1027 1621 1093 1641 non
1121 1621 1206 1649 sum,
1230 1610 1319 1651 juris
1348 1610 1414 1641 mei
1442 1620 1528 1649 sum,
1550 1610 1732 1652 disciplina

1027 1666 1087 1692 tua
1111 1671 1176 1692 non
1205 1670 1301 1701 egeo.
1364 1661 1483 1701 Apage
1510 1671 1665 1693 severum
1695 1667 1732 1694 et

1026 1712 1206 1742 molestum
1222 1711 1435 1742 monitorem.

1069 1765 1110 1794 97
1134 1764 1210 1793 Jam
1232 1762 1355 1802 pridem
1382 1762 1461 1792 hunc
1475 1761 1583 1802 sepeli]
1627 1763 1730 1794 Tuto-

1026 1821 1097 1843 rem
1123 1813 1202 1843 olim
1229 1812 1331 1843 habui
1356 1812 1494 1842 similem
1522 1812 1582 1852 tui,
1608 1812 1730 1845 durum

1027 1863 1278 1902 castigatorem,
1303 1862 1360 1893 sed
1390 1863 1477 1893 hunc
1497 1862 1569 1902 jam
1597 1863 1730 1903 pridem

1027 1920 1198 1948 mortuum
1227 1915 1368 1956 gaudeo.
1417 1915 1503 1946 Haec
1532 1915 1632 1947 verba
1657 1916 1730 1956 qui-

1028 1966 1105 1997 dam
1131 1966 1325 1998 attribuunt
1341 1965 1492 2004 Medico,
1510 1966 1601 2006 quasi
1625 1965 1730 2006 dicat,

1027 2016 1111 2047 alius
1128 2020 1275 2056 aegrotus
1293 2026 1333 2046 eo
1351 2015 1478 2055 morbo,
1495 2025 1560 2056 quo
1584 2020 1620 2046 tu
1637 2015 1729 2047 labo-

1028 2076 1091 2106 raS,
1114 2067 1186 2107 jam
1212 2065 1338 2106 periit;
1364 2065 1442 2096 vide,
1473 2075 1514 2096 ne
1546 2066 1636 2097 idem
1666 2066 1729 2098 tibi

1027 2116 1217 2156 contingat.
1262 2115 1328 2146 Sed
1347 2116 1439 2156 prior
1453 2116 1625 2147 sententia
1643 2126 1728 2157 prae-

1024 2165 1177 2198 ferenda.
1718 2178 1721 2181 ’

1068 2218 1114 2248 Τιι
1137 2218 1248 2258 restas]
1291 2217 1385 2247 Vivis
1417 2217 1538 2256 adhuc,
1564 2221 1600 2248 et
1629 2217 1727 2258 vivis,

1023 2272 1062 2299 ut
1087 2268 1168 2299 mihi
1194 2268 1311 2308 gravia
1338 2267 1536 2307 pra‘eipia53
1570 2271 1606 2298 et
1633 2268 1727 2299 velut

1022 2319 1108 2349 alter
1126 2324 1217 2350 tutor
1240 2318 1321 2350 mihi
1343 2318 1434 2357 leges
1451 2317 1618 2357 imponas.
1664 2317 1741 2349 At-v

1021 2369 1076 2410 qui
1095 2373 1141 2407 te,
1158 2374 1284 2409 tuaque
1303 2372 1479 2408 praecvpta
1494 2365 1590 2398 flo'cei
1602 2366 1703 2398 facio.

1067 2419 1180 2457 Perge,
1198 2417 1318 2457 tacebo]
1367 2417 1459 2448 Nihil
1477 2417 1620 2456 amplius
1638 2427 1725 2457 prae·

1018 2469 1121 2509 cipio,
1148 2468 1259 2509 inquit
1287 2467 1459 2505 Medicus,
1477 2466 1646 2504 abscedo;
1676 2467 1726 2497 bi-

1019 2518 1073 2557 be,
1091 2519 1179 2556 lava,
1197 2518 1292 2557 genio
1310 2517 1459 2556 indulge.
1507 2516 1610 2546 Certe
1629 2517 1722 2549 brevi

1016 2567 1155 2605 senties,
1180 2566 1296 2607 quanti
1321 2566 1364 2596 sit
1380 2575 1430 2597 me
1449 2575 1514 2596 non
1537 2565 1720 2605 audivisse,

1016 2621 1052 2648 et
1082 2616 1231 2648 venienti
1264 2615 1414 2647 noluisse
1444 2615 1563 2647 morbo
1598 2624 1716 2647 occur-

1015 2676 1100 2700 rere.
