1888 3032
191 119 278 161 296
638 126 894 158 RECENSUS
941 127 1221 158 EDITlONUM

243 230 440 268 saubonus
469 229 661 267 recensuit
685 235 724 266 et
753 229 1031 266 commentario
1060 229 1158 266 libro
1178 230 1393 268 illustravit.
1416 231 1576 268 Parisiis.
1598 231 1648 269 H.

248 296 430 331 Dronurt.

198 359 292 397 1621
332 360 491 401 Parium,
513 364 551 395 4.
573 358 712 394 Asterii
730 357 866 394 Manlii
888 357 922 393 in
946 368 976 394 1.
997 364 1036 395 et
1055 368 1105 395 11.
1125 357 1240 395 Persii
1261 359 1436 409 Satyrum
1457 373 1652 397 commen·

247 423 364 459 tarius
385 428 423 459 et
442 429 557 459 notae.

198 484 297 524 1625
327 486 508 523 Norimb.
550 491 609 523 12.
647 485 796 523 Persius
829 499 865 523 c.
900 499 937 523 n.
973 486 1191 535 posthumis
1219 487 1280 524 Jo.
1311 486 1436 524 Bond.
1456 487 1504 524 V.
1526 486 1656 524 Fabri-

248 551 351 587 cium
373 551 398 588 l.
420 563 454 589 e.

198 614 294 653 1631
320 615 496 653 Norimb.
523 620 582 653 12.
607 616 756 653 Persius
772 629 808 653 c.
830 629 866 653 n.
889 615 1102 666 posthumis
1122 617 1157 654 J.
1180 616 1306 653 Boud.

201 679 298 717 1635
328 681 451 724 Jenae,
490 686 549 718 1¹2.
586 682 630 716 Α.
668 680 782 717 Persii
816 681 962 731 Satyrae
991 693 1026 717 c.
1049 693 1086 716 n.
1106 681 1142 717 J.
1166 681 1222 716 M.
1243 679 1422 718 Dillierri.
1455 679 1544 717 Vid.
1567 680 1655 718 Cat.

250 743 350 781 Bibi.
373 743 576 782 Zechianae
598 744 706 794 Lips.
733 744 847 783 1680.
871 757 910 794 p.
933 742 997 789 69.
1019 757 1056 782 n.
1082 742 1197 782 1168.

304 808 367 845 Ab
383 807 520 845 eodem
554 808 733 845 Dilherro
766 821 868 845 anno
903 821 983 858 seq.
1016 808 1181 858 Satyriei
1213 808 1377 846 minores
1398 808 1447 846 de
1467 808 1657 858 corruptis

251 872 385 910 soeculi
405 872 590 919 moribus,
607 873 691 910 Val.
714 872 826 916 Cato,
850 871 1064 918 Petronius,
1096 871 1269 922 Sulpicia
1289 872 1450 922 poetria,
1470 875 1545 910 &a
1565 871 1659 910 editi

253 943 356 975 sunt.

204 999 304 1039 1644
333 1001 523 1051 Friburgi,
545 1007 581 1038 8.
602 1002 769 1039 Persius.

204 1064 303 1101 1645
334 1065 497 1102 Amstel.
524 1071 568 1104 12
592 1065 683 1113 maj.
704 1064 857 1102 Persius
890 1078 924 1102 c.
955 1064 1171 1113 posthumis
1199 1064 1483 1103 commentariis
1501 1064 1661 1102 Joannis

253 1128 379 1173 Bond,
400 1129 539 1179 quibus
558 1142 692 1166 recens
708 1130 870 1167 accessit
890 1129 1005 1167 index
1022 1129 1227 1166 verborum
1244 1141 1253 1166 z
1284 1142 1386 1166 nune
1408 1128 1573 1179 primurn
1595 1142 1661 1166 ex-

252 1205 380 1229 cusus.
401 1192 567 1230 Amstel.
589 1193 694 1243 apud
715 1193 776 1230 Jo.
799 1193 1058 1231 Janssonium.

205 1254 303 1298 1647
335 1255 461 1293 Lond.
485 1262 520 1293 S.
542 1257 693 1294 Persius
722 1257 958 1302 Casauboni,
992 1268 1062 1294 111.
1085 1257 1229 1294 editio:
1261 1258 1309 1293 Α.
1330 1255 1449 1293 Persii
1470 1255 1527 1293 Fi.
1550 1256 1662 1306 Saty-

254 1331 379 1356 rarum
402 1319 532 1366 Liber,
555 1332 642 1357 cuni
665 1321 748 1369 ejus
762 1320 851 1364 vita,
868 1326 996 1358 vetere
1010 1321 1228 1365 scholiaste,
1246 1327 1284 1357 et
1305 1320 1424 1357 Isaaci
1441 1319 1663 1357 Casauboni

255 1382 370 1428 notis,
402 1383 467 1432 qui
500 1396 587 1420 euin
613 1383 809 1421 recensuit
836 1390 875 1421 et
903 1384 1175 1421 commentario
1204 1384 1303 1421 libro
1335 1383 1554 1427 illustravit,
1589 1396 1664 1420 uua

255 1459 344 1483 cum
365 1445 491 1495 ejusd.
520 1446 703 1484 Persiana
732 1447 883 1484 Horatii
911 1447 1135 1485 imitatione.
1182 1447 1312 1484 Editio
1331 1447 1551 1493 novissima,
1574 1460 1665 1485 auc-

254 1510 329 1547 tior
361 1516 399 1547 et
430 1510 671 1548 emendatior
699 1524 746 1548 ex
778 1510 897 1561 ipsius
930 1512 1100 1549 auctoris
1134 1511 1295 1549 codice:
1343 1524 1436 1549 cura
1470 1518 1508 1549 et
1545 1524 1663 1562 opera

257 1573 394 1612 Merici
426 1574 646 1611 Casauboni
692 1575 742 1613 Is.
783 1576 824 1612 F.
864 1576 1043 1613 Accessit
1087 1582 1125 1613 et
1157 1578 1401 1621 Graecorum,
1451 1576 1517 1613 ubi
1565 1588 1663 1625 opus

255 1644 349 1682 erat,
390 1638 669 1688 interpretatio,
712 1639 800 1677 item
845 1639 966 1677 Index
1009 1648 1227 1685 auctorum,
1274 1653 1412 1687 rerum,
1457 1640 1662 1677 verborum

255 1702 591 1752 locupletissimus.

812 1808 961 1846 AETAS
993 1810 1059 1847 IV.

491 1939 647 1969 PERSII
679 1939 1379 1968 CASAUBON10-SCHREVEL1ANA„

364 2039 428 2076 Ab
448 2051 508 2076 au.
534 2038 649 2078 1648.
672 2038 720 2076 ad
743 2044 915 2076 nostram
945 2051 1066 2088 usque
1097 2043 1248 2075 aetatem
1280 2034 1506 2085 procedens.

213 2133 308 2173 1658
338 2134 458 2172 Paris.
488 2140 523 2173 S.
546 2134 697 2172 Persius
729 2135 795 2172 lat.
823 2141 860 2171 et
892 2134 982 2184 gali.
1004 2147 1097 2171 avec
1131 2132 1200 2170 des
1220 2144 1442 2181 remarques
1462 2143 1533 2181 par
1551 2130 1585 2168 le
1605 2132 1663 2169 Sr.

259 2198 427 2236 Gesrier.

210 2260 310 2300 1664
340 2262 502 2300 Amstel.
548 2268 609 2300 12.
652 2262 815 2299 Elzevir.
857 2260 1011 2298 Persius
1046 2274 1081 2298 c.
1112 2258 1389 2297 commentario
1419 2258 1519 2295 Dav.
1548 2256 1666 2295 Wed-

261 2324 441 2362 derburni
469 2326 586 2371 scoti,
615 2325 916 2370 Aberdonensis‚
947 2324 1086 2362 edente
1116 2330 1205 2374 post
1223 2322 1348 2360 fratris
1369 2327 1531 2360 mortem
1552 2321 1667 2359 Alex.

259 2387 566 2426 WVedderburno.

211 2449 309 2489 1668
341 2452 501 2489 Amstel.
526 2458 586 2489 12.

211 2516 311 2559 1690
350 2514 528 2565 Neapoli.
578 2514 728 2551 Persius
771 2526 859 2550 cum
900 2515 1052 2550 Comm.
1095 2513 1214 2549 Henr.
1259 2511 1428 2556 Scalesii,
1472 2509 1570 2548 Ord.
1602 2510 1664 2547 Fr.

258 2593 369 2629 pecc.
400 2584 421 2617 3
453 2579 541 2617 voll.
581 2591 669 2629 quae
712 2576 858 2626 singula
887 2582 1070 2613 constant
1100 2580 1177 2612 500
1205 2587 1320 2625 pagg.
1378 2576 1477 2618 Quae
1506 2573 1568 2612 ed.
1598 2587 1667 2611 no-

260 2644 317 2680 bis
347 2657 423 2681 non
453 2643 621 2694 cognita,
651 2642 722 2680 nisi
763 2655 808 2679 ex
852 2642 887 2679 J.
919 2639 1020 2678 Rud.
1051 2638 1196 2678 Sinneri
1223 2638 1335 2689 praef.
1366 2638 1485 2676 Persii
1514 2638 1570 2676 sui
1599 2636 1662 2676 ed.

264 2705 377 2750 1765.
