1888 3032
661 178 821 210 PERSII

137 270 217 310 pula
232 279 429 313 corrumpas
439 272 652 313 ?—Grandes,
667 273 738 314 &sc-‚J
761 273 842 307 Qui·

138 322 199 352 bus
225 322 313 353 vires
349 323 502 363 corporis
532 333 599 355 non
628 324 840 365 reficiuntur,

137 372 196 402 sed
210 373 450 413 opprimuntur
472 375 573 405 variis
596 376 746 415 opsoniis
770 376 840 415 ple-

136 423 388 464 nae.—Patinae]
424 425 635 466 Metonymia
658 426 840 456 Continen-

137 472 179 502 tis
195 481 255 512 pro
281 474 467 514 (lomento,
485 475 519 506 id
542 481 607 514 est,
628 476 709 515 ipsae
735 475 841 516 dapes

137 524 268 563 regales
295 529 331 556 et
359 526 482 557 niniiae.
511 526 663 557 Turneb.
690 534 713 556 1.
743 528 841 557 18.—

139 573 312 614 Tucetnque
325 577 442 616 crassa]
464 576 598 606 Tuceta
614 575 704 616 apud
722 575 840 606 Gallos

137 624 326 665 Cisalpinos
344 626 470 656 bubula
492 626 630 665 dicitur,
647 625 841 657 condimen-

136 675 181 705 tis
205 675 409 716 quibusdam
425 676 546 707 crassis
569 676 686 715 oblita,
710 686 749 708 ac
773 686 840 707 ma-

136 732 272 757 cerata:
299 732 334 758 et
352 727 428 758 ideo
444 733 518 760 toto
535 739 623 760 anno
638 729 751 760 durat.
782 730 840 760 So-

135 776 184 806 let
200 776 302 807 etiam
320 779 459 818 porcina
476 779 687 820 eodemjnre
701 779 840 811 condita

136 828 273 868 servari,
298 835 355 860 aut
378 835 602 861 assaturarurn
621 831 711 871 jura.
747 831 840 862 Hinc

135 878 267 910 Plotius
286 880 422 921 Virgilii
451 881 576 912 amicus
594 882 626 912 in
642 882 762 913 eadem
790 891 840 912 re-

135 929 235 969 gione
253 931 443 962 nominatus
461 936 513 962 est
527 932 650 963 Tucca.
683 932 750 963 Vet.
767 931 839 964 sch.

134 979 368 1021 —Tucetaqnd
401 982 496 1012 Escae
514 982 628 1021 regiae,
644 988 682 1013 ut
700 983 747 1013 ait
765 983 840 1014 Ful·

135 1031 283 1071 gentius,
302 1041 406 1072 genus
428 1031 628 1071 farciminis,
645 1042 663 1062 e
680 1032 839 1063 carnibus

136 1081 241 1112 suillis
251 1082 405 1112 minutim
418 1082 746 1123 concisis—Cressa]
761 1083 839 1114 Pin·

136 1132 224 1172 guia,
239 1133 389 1173 copiosa.
435 1133 549 1164 Lubin.

178 1185 218 1213 43
246 1185 398 1223 Anmoere,
413 1183 479 1223 ἐξα]
509 1184 599 1216 Quia
614 1187 651 1214 tu
668 1183 839 1214 contraria

134 1238 248 1273 optas,
278 1239 314 1264 et
341 1235 513 1264 contraria
550 1233 647 1271 facis,
681 1235 840 1266 lubentes

134 1283 229 1315 Deos
245 1288 280 1316 et
296 1290 376 1316 vota
401 1290 461 1316 tua
486 1285 718 1325 exaudituros,
733 1285 838 1326 impe-

134 1334 247 1374 diunt,
272 1345 336 1375 quo
360 1336 468 1366 minus
493 1336 570 1373 illis,
592 1345 669 1376 quae
693 1336 839 1376 petiisti,

132 1393 327 1416 successum
341 1386 540 1426 largiantur.
585 1387 684 1417 Idem.

177 1437 220 1466 44
234 1435 400 1475 Rem,8sc.]
414 1436 838 1477 Transitjamadillos,qui

134 1486 251 1517 multis
275 1486 391 1516 hostiis
415 1486 512 1516 caesis
535 1486 671 1516 divitias
697 1492 838 1526 exopta-

135 1537 228 1576 bant,
245 1547 328 1578 quos
344 1536 497 1577 ejusdem
515 1536 670 1567 stultitiae
685 1536 838 1576 damnat,

134 1589 193 1630 qui
216 1589 424 1619 mactatione
451 1592 487 1619 et
512 1586 709 1628 profusione
737 1597 838 1628 pecu-

134 1638 228 1677 dum,
241 1639 426 1679 sperabant
450 1638 598 1678 pecudes
617 1647 693 1668 suas
711 1637 837 1676 augeri.

133 1689 272 1729 —Rem]
316 1689 541 1726 Familiarem,
567 1698 628 1729 pro
652 1688 772 1729 opibus
802 1692 839 1719 et

135 1739 264 1770 divitiis
288 1740 417 1780 posuit,
446 1743 483 1769 ut
511 1738 626 1770 Graeci
653 1738 838 1778 πρᾶγμα.-

135 1790 278 1831 struere]
304 1791 450 1830 Augere,
477 1798 694 1827 coacervare,
719 1789 838 1829 ampli-

136 1839 386 1871 ficare—Conso
405 1839 492 1880 bot-e]
517 1839 690 1871 Notabilis
707 1843 839 1869 contra-

136 1893 252 1924 rietas.
298 1893 447 1923 Divitias
463 1895 642 1931 exoptant,
663 1889 838 1920 sacrificiis

135 1943 342 1983 patrimonia
370 1940 835 1982 dilapidant.——Mercurium

134 1995 207 2035 que]
229 1993 329 2025 Illum
348 1994 474 2031 Deum,
488 1992 542 2033 qui
559 1991 659 2022 rebus
676 1991 837 2032 augendis

134 2048 171 2075 et
198 2044 294 2074 lucro
317 2053 466 2084 praeesse
493 2042 656 2079 creditur,
683 2040 776 2072 fibris
803 2046 839 2072 et

135 2093 307 2124 intestinis
347 2093 572 2129 victimarum,
608 2091 760 2126 arcessi-35
804 2090 838 2120 in

137 2144 300 2175 auxilium
327 2152 428 2174 vocas
445 2149 479 2173 et
505 2142 677 2182 imploras.
724 2140 839 2171 Lubin.

137 2195 187 2226 Ut
202 2195 324 2225 multus
342 2194 404 2224 tibi
424 2198 572 2234 quaestus
598 2193 770 2230 obveniat,
786 2193 839 2223 vel

136 2256 179 2276 ex
203 2244 442 2281 mercimoniis,
470 2248 527 2274 aut
551 2243 666 2274 nescio
689 2242 778 2274 unde
797 2253 839 2274 ex

136 2295 322 2336 inopinato.
370 2294 501 2325 casaub.

181 2349 220 2377 45
256 2346 409 2383 Arcess1's,
434 2343 503 2384 δῖα]
539 2343 646 2383 Fibra,
671 2352 730 2383 pro
753 2343 841 2373 extis

137 2400 173 2428 et
187 2395 478 2432 intestinis-.—Du‚
494 2394 561 2434 &ej
594 2394 841 2434 Prosopopoeia

137 2446 269 2484 rustici,
293 2445 492 2477 felicitatem
520 2454 536 2474 a
568 2445 740 2475 Mercurio
767 2453 841 2484 pre-

137 2497 258 2528 cantis.
307 2497 346 2527 ld
373 2502 436 2530 est,
464 2495 620 2527 Com-ed*³
639 2500 676 2525 nt
693 2495 841 2526 Penates

138 2547 192 2577 vel
222 2546 278 2577 Dii
312 2546 490 2577 domestici
519 2556 583 2586 res,
611 2544 776 2584 fortunas,
807 2551 842 2576 et

139 2594 321 2627 facultates
352 2606 441 2627 meas
467 2596 668 2635 secundent,
692 2603 726 2627 et
750 2607 840 2636 prus-

142 2649 276 2686 perent.
322 2646 362 2676 Id
386 2652 448 2686 est,
462 2648 530 2687 Da,
557 2653 593 2680 ut
617 2647 763 2679 Penates
789 2657 841 2678 me

140 2695 350 2727 fortunatum
366 2696 506 2729 faciant.
550 2698 664 2730 Lubin.

183 2749 226 2778 46
249 2746 315 2788 Da,
339 2745 408 2787 qt]
431 2747 474 2779 Id
488 2752 555 2789 est,
573 2749 630 2780 Da
657 2758 762 2790 pecus
785 2758 845 2780 nu-

882 177 990 210 SAT.
1025 179 1078 211 Η.

1511 173 1597 218 227

890 283 1070 313 merosum,
1084 275 1273 316 copiosum,
1285 279 1322 308 et
1344 275 1599 311 foecundum.—

892 325 971 363 Quo,
981 325 1051 366 δῖα]
1066 325 1254 357 Vehemens
1267 326 1377 358 Persii
1387 328 1421 359 in
1433 329 1598 362 rusticum

889 374 1099 415 objurgatio,
1115 385 1157 406 ex
1175 378 1455 417 repugnantibus.
1490 380 1599 413 Quasi

891 424 1002 455 dicat:
1039 426 1143 456 Visne
1157 426 1214 457 illa
1239 426 1440 467 amplificari
1464 439 1541 471 quae
1559 435 1599 462 tu

890 474 964 515 ipse
986 475 1133 506 minuis?
1164 476 1204 507 Id
1229 484 1293 517 est,
1309 479 1377 511 Qui
1394 478 1469 510 fieri
1486 485 1602 520 potest

890 530 928 556 ut
945 535 1029 566 grex
1046 532 1223 567 augeatur,
1237 537 1313 559 cum
1329 533 1365 559 tu
1377 529 1487 561 indies
1504 530 1599 562 illum

891 575 1093 607 imminuere
1111 582 1146 607 et
1161 583 1310 609 atterere
1328 579 1395 609 tuis
1411 579 1602 613 immodicis

889 627 1066 659 sacrificiis
1102 630 1240 661 studeas
1260 631 1328 661 ?-—
1345 632 1500 673 Pessime]
1541 633 1599 666 Sic

891 677 1005 710 Graeci
1021 678 1167 719 σχέτλιε.
1214 680 1313 712 Idem.

933 731 974 760 47
995 730 1070 769 Tot,
1085 731 1154 771 εμπ]
1171 731 1211 762 In
1229 730 1372 763 flammis
1391 733 1481 765 inter
1496 735 1600 767 sacri·

890 777 1291 823 ficandum.-Junifflm]
1320 783 1463 815 Junices
1489 784 1599 816 bobus

890 829 1048 871 minores,
1074 836 1110 862 et
1125 832 1241 863 vitulis
1261 833 1420 873 majores,
1437 836 1598 875 Juvencae

891 882 1231 922 tenerae.—Omenta]
1256 884 1476 923 Synecdoche
1494 886 1600 926 partis

890 929 1128 963 intestinorum
1157 942 1220 973 pro
1252 933 1332 973 ipsis
1361 935 1533 966 intestinis
1563 941 1602 968 et

890 981 991 1021 extis,
1008 991 1082 1022 quae
1105 984 1137 1013 in
1164 983 1336 1015 sacrificiis
1354 994 1423 1015 arae
1439 985 1600 1026 imposita

889 1032 1140 1064 cremabantur.
1186 1034 1351 1065 Veterum
1373 1035 1405 1065 in
1422 1035 1600 1068 sacrificiis

889 1082 1100 1113 consuetudo
1113 1088 1199 1122 erat,
1209 1089 1338 1125 utquas
1347 1085 1468 1116 hostiae
1481 1091 1598 1126 partes

889 1132 1079 1171 adolerent,
1095 1143 1152 1163 eas
1169 1141 1305 1165 omento
1320 1139 1355 1165 et
1371 1135 1472 1175 adipe
1487 1137 1599 1176 operi·

889 1186 979 1220 rent,
994 1186 1030 1212 ut
1047 1181 1181 1213 facilius
1195 1183 1370 1223 arderent,
1388 1184 1597 1225 pinguedine

888 1231 1002 1271 ignem
1041 1233 1430 1276 alente.—Liquescant]
1471 1236 1599 1269 Consu-

889 1288 1024 1314 mantur
1050 1284 1137 1324 ignis
1165 1286 1294 1316 calore.
1348 1285 1503 1318 Turneb.
1531 1297 1598 1320 vn.

888 1337 944 1366 23.

929 1386 972 1416 48
995 1386 1041 1416 At
1056 1388 1170 1424 tamen,
1185 1386 1255 1426 35⁸⁶]
1285 1387 1450 1419 Quamvis
1467 1388 1594 1421 insanis

887 1436 939 1467 his
962 1437 1135 1469 sacrificiis
1160 1438 1276 1469 videat
1293 1448 1471 1470 numerum
1494 1449 1600 1480 pecn-

889 1487 970 1518 dum
995 1489 1147 1528 quotidie
1178 1490 1390 1530 decrescere,
1418 1495 1532 1522 tamen
1561 1492 1597 1522 in

888 1536 1017 1567 insania
1046 1547 1106 1568 sua
1128 1544 1338 1579 perseverat,
1364 1545 1398 1570 et
1421 1545 1540 1580 sperat
1562 1550 1598 1572 se

889 1587 960 1618 voti
985 1588 1121 1619 tandem
1146 1595 1339 1628 compotem
1365 1589 1537 1630 futurum3
1561 1595 1598 1623 et

889 1638 1017 1668 tamdiu
1030 1643 1158 1678 sperat,
1172 1644 1206 1670 et
1221 1640 1345 1670 hostias
1359 1641 1474 1679 caedit,
1487 1641 1599 1673 donec

889 1688 1027 1720 tandem
1045 1694 1154 1720 totum
1183 1700 1322 1731 gregem
1347 1702 1443 1722 suum
1461 1693 1598 1733 penitus

888 1740 1253 1782 &hanswic—Extis]
1290 1742 1409 1780 Boum,
1430 1742 1599 1783 junicum,

889 1790 999 1820 ovium
1037 1795 1073 1821 et
1112 1791 1324 1822 victimarum
1365 1792 1600 1823 intestinis.—

891 1841 1001 1882 Ferto]
1023 1842 1080 1873 Sic
1098 1842 1290 1881 legendum,
1308 1852 1374 1873 non
1383 1842 1487 1881 farto.
1526 1843 1601 1875 Hu-

882 1892 940 1932 jus
962 1892 1116 1923 meminit
1135 1892 1219 1923 Cato
1248 1893 1289 1922 de
1316 1903 1349 1923 re
1377 1899 1460 1925 rust.
1477 1903 1506 1924 c.
1523 1896 1600 1925 134.

890 1942 957 1973 Sed
974 1942 1114 1973 Persius
1132 1940 1237 1973 ἁπλῶς
1255 1952 1315 1982 pro
1334 1952 1369 1972 re
1385 1943 1461 1974 Diis
1480 1943 1597 1974 oblata

889 1993 962 2024 heic
989 1993 1129 2033 accipit,
1155 2003 1220 2024 non
1245 2003 1308 2034 pro
1335 1994 1414 2025 libo.
1461 1995 1595 2026 casaub.

889 2044 969 2084 Sed,
989 2050 1027 2075 ut
1049 2044 1137 2075 Cato
1155 2045 1277 2085 inquit,
1302 2050 1450 2084 veteres,
1468 2051 1598 2077 struem

889 2094 1002 2132 farris,
1028 2095 1148 2132 tritici,
1165 2093 1267 2134 fabae,
1290 2095 1426 2125 seminis
1451 2096 1600 2136 rapacei,

893 2145 987 2176 thure
1015 2152 1047 2175 et
1082 2145 1160 2175 vino
1192 2145 1314 2176 additis
1344 2150 1422 2176 ante
1454 2155 1600 2177 messem

890 2196 1057 2237 parabant
1085 2197 1118 2226 in
1147 2205 1261 2236 porcae
1289 2195 1513 2235 praecidaneae
1541 2195 1603 2226 im·

891 2246 1121 2285 molationem,
1146 2251 1181 2276 et
1206 2246 1306 2279 Jano.
1323 2245 1401 2277 Jovi
1419 2251 1453 2276 et
1471 2244 1600 2277 Junoni

890 2296 1143 2334 sacrificabant,
1161 2307 1235 2336 qua>
1261 2297 1469 2328 diversarum
1489 2306 1600 2329 rerum

893 2348 1070 2388 congeries
1079 2347 1205 2384 fartum
1221 2347 1410 2379 dicebatur.
1445 2348 1601 2379 Cornutus

892 2397 978 2428 dicit
1005 2407 1077 2428 esse
1101 2407 1206 2438 genus
1232 2398 1325 2436 panis
1343 2399 1395 2428 vel
1422 2398 1492 2435 libi,
1510 2397 1602 2438 quod

893 2447 963 2478 Diis
990 2445 1137 2478 infertur
1161 2459 1179 2477 a
1205 2447 1428 2479 Pontificibus
1448 2449 1479 2478 in
1498 2448 1600 2479 saeri-

893 2497 988 2529 ficio:
1026 2497 1153 2529 dictum
1182 2509 1202 2529 a
1232 2497 1600 2538 ferenda—Vincere]

894 2548 1005 2578 Deum
1022 2558 1195 2588 superare,
1220 2554 1254 2579 et
1274 2550 1335 2578 sibi
1353 2549 1600 2587 obsequentem

892 2598 1048 2637 reddere,
1064 2600 1118 2629 vel
1136 2599 1177 2629 ad
1196 2598 1293 2629 finem
1321 2596 1520 2637 perducere,
1543 2595 1600 2627 vel

892 2650 966 2680 illas
981 2650 1199 2681 difficultates
1214 2657 1385 2687 superate.
1430 2645 1544 2677 Lubin.

935 2703 978 2732 49
999 2701 1085 2741 Jam,
1106 2699 1173 2740 fisa]
1195 2698 1285 2729 Satis
1309 2696 1423 2736 lepide
1442 2701 1598 2728 naturam

891 2750 1037 2783 hominis
1052 2750 1169 2790 cupidi
1184 2747 1359 2789 exprimit,
1377 2752 1413 2780 et
1434 2747 1532 2780 simul
1548 2747 1600 2780 in-
