<?xml version="1.0" encoding="UTF-8"?>
<!DOCTYPE html PUBLIC "-//W3C//DTD XHTML 1.0 Transitional//EN"
    "http://www.w3.org/TR/xhtml1/DTD/xhtml1-transitional.dtd">
<html xmlns="http://www.w3.org/1999/xhtml" xml:lang="en" lang="en">
 <head>
  <title>
</title>
<meta http-equiv="Content-Type" content="text/html;charset=utf-8" />
  <meta name='ocr-system' content='tesseract 3.04.00' />
  <meta name='ocr-capabilities' content='ocr_page ocr_carea ocr_par ocr_line ocrx_word'/>
</head>
<body>
  <div class='ocr_page' id='page_1' title='image "./operaomnia00persuoft_0043.png"; bbox 0 0 1888 3032; ppageno 0'>
   <div class='ocr_carea' id='block_1_1' title="bbox 713 81 1573 123">
    <p class='ocr_par' dir='ltr' id='par_1_1' title="bbox 713 81 1573 123">
     <span class='ocr_line' id='line_1_1' title="bbox 713 81 1573 123; baseline 0 -1"><span class='ocrx_word' id='word_1_1' title='bbox 713 90 897 123; x_wconf 57' lang='lat' dir='ltr'>suma</span> <span class='ocrx_word' id='word_1_2' title='bbox 938 91 969 122; x_wconf 85' lang='lat'>1.</span> <span class='ocrx_word' id='word_1_3' title='bbox 1518 81 1573 123; x_wconf 81' lang='lat'>31</span> 
     </span>
    </p>
   </div>
   <div class='ocr_carea' id='block_1_2' title="bbox 110 187 1434 583">
    <p class='ocr_par' dir='ltr' id='par_1_2' title="bbox 110 187 1402 299">
     <span class='ocr_line' id='line_1_2' title="bbox 111 187 1402 245; baseline 0.001 -13"><span class='ocrx_word' id='word_1_4' title='bbox 111 192 125 211; x_wconf 88' lang='lat'><em>‘</em></span> <span class='ocrx_word' id='word_1_5' title='bbox 141 189 199 231; x_wconf 70' lang='lat' dir='ltr'>At</span> <span class='ocrx_word' id='word_1_6' title='bbox 219 189 446 245; x_wconf 87' lang='lat' dir='ltr'>pulchrum</span> <span class='ocrx_word' id='word_1_7' title='bbox 469 194 535 231; x_wconf 86' lang='lat' dir='ltr'>est</span> <span class='ocrx_word' id='word_1_8' title='bbox 555 189 690 242; x_wconf 85' lang='lat' dir='ltr'>digito</span> <span class='ocrx_word' id='word_1_9' title='bbox 710 189 957 240; x_wconf 82' lang='lat' dir='ltr'>monstrari,</span> <span class='ocrx_word' id='word_1_10' title='bbox 977 191 1020 230; x_wconf 88' lang='lat' dir='ltr'>et</span> <span class='ocrx_word' id='word_1_11' title='bbox 1039 187 1188 240; x_wconf 86' lang='lat' dir='ltr'>dicier,</span> <span class='ocrx_word' id='word_1_12' title='bbox 1208 188 1299 230; x_wconf 90' lang='lat' dir='ltr'>Hic</span> <span class='ocrx_word' id='word_1_13' title='bbox 1319 191 1402 233; x_wconf 82' lang='lat' dir='ltr'>est!</span> 
     </span>
     <span class='ocr_line' id='line_1_3' title="bbox 110 256 1032 299; baseline -0.001 0"><span class='ocrx_word' id='word_1_14' title='bbox 110 257 218 299; x_wconf 88' lang='lat' dir='ltr'>Ten&#39;</span> <span class='ocrx_word' id='word_1_15' title='bbox 238 257 494 298; x_wconf 82' lang='lat' dir='ltr'><strong>cirratorum</strong></span> <span class='ocrx_word' id='word_1_16' title='bbox 515 260 687 298; x_wconf 88' lang='lat' dir='ltr'>centum</span> <span class='ocrx_word' id='word_1_17' title='bbox 708 257 875 298; x_wconf 75' lang='lat' dir='ltr'>dictata</span> <span class='ocrx_word' id='word_1_18' title='bbox 895 256 1032 298; x_wconf 88' lang='lat' dir='ltr'>fuisse</span> 
     </span>
    </p>

    <p class='ocr_par' dir='ltr' id='par_1_3' title="bbox 114 324 1300 447">
     <span class='ocr_line' id='line_1_4' title="bbox 114 324 1300 378; baseline 0.002 -12"><span class='ocrx_word' id='word_1_19' title='bbox 114 325 201 366; x_wconf 90' lang='lat' dir='ltr'>Pro</span> <span class='ocrx_word' id='word_1_20' title='bbox 220 324 356 366; x_wconf 89' lang='lat' dir='ltr'>nihilo</span> <span class='ocrx_word' id='word_1_21' title='bbox 376 324 586 378; x_wconf 66' lang='lat' dir='ltr'>pendas‘e’</span> <span class='ocrx_word' id='word_1_22' title='bbox 647 324 765 365; x_wconf 88' lang='lat' dir='ltr'>Ecce</span> <span class='ocrx_word' id='word_1_23' title='bbox 784 324 893 364; x_wconf 91' lang='lat' dir='ltr'>inter</span> <span class='ocrx_word' id='word_1_24' title='bbox 913 324 1078 378; x_wconf 85' lang='lat' dir='ltr'>pocula</span> <span class='ocrx_word' id='word_1_25' title='bbox 1098 330 1300 378; x_wconf 87' lang='lat' dir='ltr'>quaemnt</span> 
     </span>
     <span class='ocr_line' id='line_1_5' title="bbox 114 390 1184 447; baseline -0.003 -14"><span class='ocrx_word' id='word_1_26' title='bbox 114 391 363 434; x_wconf 86' lang='lat' dir='ltr'>Romulidae</span> <span class='ocrx_word' id='word_1_27' title='bbox 385 393 540 442; x_wconf 64' lang='lat' dir='ltr'>saturi,</span> <span class='ocrx_word' id='word_1_28' title='bbox 557 392 663 447; x_wconf 92' lang='lat' dir='ltr'>quid</span> <span class='ocrx_word' id='word_1_29' title='bbox 682 392 756 432; x_wconf 83' lang='lat' dir='ltr'>dia</span> <span class='ocrx_word' id='word_1_30' title='bbox 774 390 984 445; x_wconf 82' lang='lat' dir='ltr'>po&#39;e‘mata</span> <span class='ocrx_word' id='word_1_31' title='bbox 1002 395 1184 433; x_wconf 84' lang='lat' dir='ltr'>narrent.</span> 
     </span>
    </p>

    <p class='ocr_par' dir='ltr' id='par_1_4' title="bbox 114 459 1434 583">
     <span class='ocr_line' id='line_1_6' title="bbox 114 459 1434 515; baseline 0.003 -15"><span class='ocrx_word' id='word_1_32' title='bbox 114 459 205 500; x_wconf 90' lang='lat' dir='ltr'>Hic</span> <span class='ocrx_word' id='word_1_33' title='bbox 227 460 401 514; x_wconf 81' lang='lat' dir='ltr'>aliquiS,</span> <span class='ocrx_word' id='word_1_34' title='bbox 418 462 490 502; x_wconf 87' lang='lat' dir='ltr'>cui</span> <span class='ocrx_word' id='word_1_35' title='bbox 511 462 673 502; x_wconf 87' lang='lat' dir='ltr'>circum</span> <span class='ocrx_word' id='word_1_36' title='bbox 693 460 898 500; x_wconf 81' lang='lat' dir='ltr'>humeros</span> <span class='ocrx_word' id='word_1_37' title='bbox 918 459 1199 513; x_wconf 85' lang='lat' dir='ltr'>hyacinthina</span> <span class='ocrx_word' id='word_1_38' title='bbox 1217 461 1334 503; x_wconf 86' lang='lat' dir='ltr'>laena</span> <span class='ocrx_word' id='word_1_39' title='bbox 1353 467 1434 515; x_wconf 83' lang='lat' dir='ltr'>est,</span> 
     </span>
     <span class='ocr_line' id='line_1_7' title="bbox 114 526 1204 583; baseline 0.001 -15"><span class='ocrx_word' id='word_1_40' title='bbox 114 527 412 569; x_wconf 82' lang='lat' dir='ltr'>Rancidulum</span> <span class='ocrx_word' id='word_1_41' title='bbox 432 527 642 583; x_wconf 85' lang='lat' dir='ltr'>quiddam</span> <span class='ocrx_word' id='word_1_42' title='bbox 662 527 797 567; x_wconf 82' lang='lat' dir='ltr'>balba</span> <span class='ocrx_word' id='word_1_43' title='bbox 816 526 869 567; x_wconf 87' lang='lat' dir='ltr'>de</span> <span class='ocrx_word' id='word_1_44' title='bbox 890 539 991 567; x_wconf 81' lang='lat' dir='ltr'>nare</span> <span class='ocrx_word' id='word_1_45' title='bbox 1011 526 1204 578; x_wconf 79' lang='lat' dir='ltr'>locutus,</span> 
     </span>
    </p>
   </div>
   <div class='ocr_carea' id='block_1_3' title="bbox 1519 327 1575 369">
    <p class='ocr_par' dir='ltr' id='par_1_5' title="bbox 1519 327 1575 369">
     <span class='ocr_line' id='line_1_8' title="bbox 1519 327 1575 369; baseline 0 0"><span class='ocrx_word' id='word_1_46' title='bbox 1519 327 1575 369; x_wconf 83' lang='lat'>30</span> 
     </span>
    </p>
   </div>
   <div class='ocr_carea' id='block_1_4' title="bbox 112 677 1580 846">
    <p class='ocr_par' dir='ltr' id='par_1_6' title="bbox 112 677 1580 846">
     <span class='ocr_line' id='line_1_9' title="bbox 113 677 1580 719; baseline 0.002 -11"><span class='ocrx_word' id='word_1_47' title='bbox 113 677 243 717; x_wconf 80' lang='lat' dir='ltr'>ostendi,</span> <span class='ocrx_word' id='word_1_48' title='bbox 254 681 284 709; x_wconf 79' lang='lat' dir='ltr'>et</span> <span class='ocrx_word' id='word_1_49' title='bbox 299 677 374 717; x_wconf 77' lang='lat' dir='ltr'>dici,</span> <span class='ocrx_word' id='word_1_50' title='bbox 390 677 449 708; x_wconf 82' lang='lat' dir='ltr'>Ille</span> <span class='ocrx_word' id='word_1_51' title='bbox 461 681 516 709; x_wconf 76' lang='lat' dir='ltr'>est.</span> <span class='ocrx_word' id='word_1_52' title='bbox 563 678 615 709; x_wconf 83' lang='lat' dir='ltr'>An</span> <span class='ocrx_word' id='word_1_53' title='bbox 623 678 714 719; x_wconf 79' lang='lat' dir='ltr'>parvi</span> <span class='ocrx_word' id='word_1_54' title='bbox 727 678 861 709; x_wconf 60' lang='lat' dir='ltr'>:estimes</span> <span class='ocrx_word' id='word_1_55' title='bbox 868 677 972 716; x_wconf 66' lang='lat' dir='ltr'>fuisse</span> <span class='ocrx_word' id='word_1_56' title='bbox 985 678 1105 708; x_wconf 77' lang='lat' dir='ltr'>tradita</span> <span class='ocrx_word' id='word_1_57' title='bbox 1119 680 1241 709; x_wconf 79' lang='lat' dir='ltr'>centum</span> <span class='ocrx_word' id='word_1_58' title='bbox 1264 688 1445 719; x_wconf 88' lang='lat' dir='ltr'>puerorum</span> <span class='ocrx_word' id='word_1_59' title='bbox 1466 679 1580 711; x_wconf 73' lang='lat' dir='ltr'>cincin-</span> 
     </span>
     <span class='ocr_line' id='line_1_10' title="bbox 114 718 1580 762; baseline 0.003 -13"><span class='ocrx_word' id='word_1_60' title='bbox 114 718 278 752; x_wconf 77' lang='lat' dir='ltr'>natorum?</span> <span class='ocrx_word' id='word_1_61' title='bbox 303 721 354 751; x_wconf 83' lang='lat' dir='ltr'>En</span> <span class='ocrx_word' id='word_1_62' title='bbox 376 720 460 751; x_wconf 83' lang='lat' dir='ltr'>inter</span> <span class='ocrx_word' id='word_1_63' title='bbox 480 721 590 752; x_wconf 78' lang='lat' dir='ltr'>culices</span> <span class='ocrx_word' id='word_1_64' title='bbox 615 722 777 761; x_wconf 82' lang='lat' dir='ltr'>inquirunt</span> <span class='ocrx_word' id='word_1_65' title='bbox 805 721 941 752; x_wconf 80' lang='lat' dir='ltr'>Romani</span> <span class='ocrx_word' id='word_1_66' title='bbox 964 721 1074 761; x_wconf 90' lang='lat' dir='ltr'>epulis</span> <span class='ocrx_word' id='word_1_67' title='bbox 1090 721 1211 761; x_wconf 78' lang='lat' dir='ltr'>satiati,</span> <span class='ocrx_word' id='word_1_68' title='bbox 1233 722 1306 762; x_wconf 86' lang='lat' dir='ltr'>quid</span> <span class='ocrx_word' id='word_1_69' title='bbox 1321 723 1426 752; x_wconf 73' lang='lat' dir='ltr'>diviua</span> <span class='ocrx_word' id='word_1_70' title='bbox 1441 723 1580 753; x_wconf 79' lang='lat' dir='ltr'>carmina</span> 
     </span>
     <span class='ocr_line' id='line_1_11' title="bbox 112 763 1579 804; baseline 0.002 -12"><span class='ocrx_word' id='word_1_71' title='bbox 112 763 301 793; x_wconf 75' lang='lat' dir='ltr'>contineant.</span> <span class='ocrx_word' id='word_1_72' title='bbox 345 763 416 793; x_wconf 71' lang='lat' dir='ltr'>Illic</span> <span class='ocrx_word' id='word_1_73' title='bbox 439 764 577 802; x_wconf 75' lang='lat' dir='ltr'>quidam,</span> <span class='ocrx_word' id='word_1_74' title='bbox 593 765 651 802; x_wconf 44' lang='lat' dir='ltr'>,cui</span> <span class='ocrx_word' id='word_1_75' title='bbox 673 765 757 795; x_wconf 80' lang='lat' dir='ltr'>circa</span> <span class='ocrx_word' id='word_1_76' title='bbox 771 765 912 804; x_wconf 79' lang='lat' dir='ltr'>scapulas</span> <span class='ocrx_word' id='word_1_77' title='bbox 927 767 972 794; x_wconf 77' lang='lat' dir='ltr'>est</span> <span class='ocrx_word' id='word_1_78' title='bbox 989 767 1111 803; x_wconf 82' lang='lat' dir='ltr'>tegmen</span> <span class='ocrx_word' id='word_1_79' title='bbox 1128 764 1251 794; x_wconf 88' lang='lat' dir='ltr'>coloris</span> <span class='ocrx_word' id='word_1_80' title='bbox 1270 764 1480 804; x_wconf 74' lang='lat' dir='ltr'>hyacinthini,</span> <span class='ocrx_word' id='word_1_81' title='bbox 1502 765 1579 795; x_wconf 71' lang='lat' dir='ltr'>reci-</span> 
     </span>
     <span class='ocr_line' id='line_1_12' title="bbox 113 804 1578 846; baseline 0.002 -10"><span class='ocrx_word' id='word_1_82' title='bbox 113 808 184 836; x_wconf 74' lang='lat' dir='ltr'>tans</span> <span class='ocrx_word' id='word_1_83' title='bbox 198 805 315 846; x_wconf 72' lang='lat' dir='ltr'>aliquid</span> <span class='ocrx_word' id='word_1_84' title='bbox 323 804 505 844; x_wconf 78' lang='lat' dir='ltr'>foetidtdum</span> <span class='ocrx_word' id='word_1_85' title='bbox 517 808 553 837; x_wconf 85' lang='lat' dir='ltr'>de</span> <span class='ocrx_word' id='word_1_86' title='bbox 568 816 642 837; x_wconf 79' lang='lat' dir='ltr'>naso</span> <span class='ocrx_word' id='word_1_87' title='bbox 655 806 838 838; x_wconf 78' lang='lat' dir='ltr'>balbutienti</span> <span class='ocrx_word' id='word_1_88' title='bbox 851 817 862 843; x_wconf 87' lang='lat'>,·</span> <span class='ocrx_word' id='word_1_89' title='bbox 883 807 910 837; x_wconf 83' lang='lat' dir='ltr'>si</span> <span class='ocrx_word' id='word_1_90' title='bbox 930 807 1036 838; x_wconf 88' lang='lat' dir='ltr'>veluti</span> <span class='ocrx_word' id='word_1_91' title='bbox 1049 806 1202 846; x_wconf 79' lang='lat' dir='ltr'>guttatim</span> <span class='ocrx_word' id='word_1_92' title='bbox 1212 806 1324 845; x_wconf 79' lang='lat' dir='ltr'>fumlit</span> <span class='ocrx_word' id='word_1_93' title='bbox 1339 817 1470 839; x_wconf 83' lang='lat' dir='ltr'>amores</span> <span class='ocrx_word' id='word_1_94' title='bbox 1487 807 1578 840; x_wconf 72' lang='lat' dir='ltr'>Phic-</span> 
     </span>
    </p>
   </div>
   <div class='ocr_carea' id='block_1_5' title="bbox 772 913 917 946">
    <p class='ocr_par' dir='ltr' id='par_1_7' title="bbox 772 913 917 946">
     <span class='ocr_line' id='line_1_13' title="bbox 772 913 917 946; baseline 0 -1"><span class='ocrx_word' id='word_1_95' title='bbox 772 913 917 946; x_wconf 71' lang='lat' dir='ltr'><strong>NOTAE</strong></span> 
     </span>
    </p>
   </div>
   <div class='ocr_carea' id='block_1_6' title="bbox 117 988 1584 1030">
    <p class='ocr_par' dir='ltr' id='par_1_8' title="bbox 117 988 1584 1030">
     <span class='ocr_line' id='line_1_14' title="bbox 117 988 1584 1030; baseline 0.001 -11"><span class='ocrx_word' id='word_1_96' title='bbox 117 988 270 1030; x_wconf 82' lang='lat' dir='ltr'>graviter</span> <span class='ocrx_word' id='word_1_97' title='bbox 284 990 442 1030; x_wconf 83' lang='lat' dir='ltr'>explicat.</span> <span class='ocrx_word' id='word_1_98' title='bbox 486 990 596 1021; x_wconf 88' lang='lat' dir='ltr'>Porro</span> <span class='ocrx_word' id='word_1_99' title='bbox 609 989 749 1020; x_wconf 79' lang='lat' dir='ltr'>Persius</span> <span class='ocrx_word' id='word_1_100' title='bbox 764 988 821 1019; x_wconf 78' lang='lat' dir='ltr'>hic</span> <span class='ocrx_word' id='word_1_101' title='bbox 875 991 907 1020; x_wconf 81' lang='lat'>2.</span> <span class='ocrx_word' id='word_1_102' title='bbox 932 988 941 1006; x_wconf 83' lang='lat'>‘</span> <span class='ocrx_word' id='word_1_103' title='bbox 956 988 1092 1020; x_wconf 80' lang='lat' dir='ltr'>Discite</span> <span class='ocrx_word' id='word_1_104' title='bbox 1109 998 1175 1020; x_wconf 90' lang='lat' dir='ltr'>non</span> <span class='ocrx_word' id='word_1_105' title='bbox 1192 988 1281 1019; x_wconf 86' lang='lat' dir='ltr'>inter</span> <span class='ocrx_word' id='word_1_106' title='bbox 1295 989 1411 1021; x_wconf 85' lang='lat' dir='ltr'>lances</span> <span class='ocrx_word' id='word_1_107' title='bbox 1434 999 1584 1021; x_wconf 74' lang='lat' dir='ltr'>mensas-</span> 
     </span>
    </p>
   </div>
   <div class='ocr_carea' id='block_1_7' title="bbox 117 1039 841 2690">
    <p class='ocr_par' dir='ltr' id='par_1_9' title="bbox 117 1039 823 1374">
     <span class='ocr_line' id='line_1_15' title="bbox 117 1039 822 1079; baseline -0.003 -9"><span class='ocrx_word' id='word_1_108' title='bbox 117 1039 269 1070; x_wconf 85' lang='lat' dir='ltr'>imitatus</span> <span class='ocrx_word' id='word_1_109' title='bbox 294 1044 347 1070; x_wconf 89' lang='lat' dir='ltr'>est</span> <span class='ocrx_word' id='word_1_110' title='bbox 363 1039 542 1078; x_wconf 85' lang='lat' dir='ltr'>Lucilium,</span> <span class='ocrx_word' id='word_1_111' title='bbox 570 1039 667 1079; x_wconf 84' lang='lat' dir='ltr'>cujus</span> <span class='ocrx_word' id='word_1_112' title='bbox 684 1048 822 1079; x_wconf 86' lang='lat' dir='ltr'>corrup-</span> 
     </span>
     <span class='ocr_line' id='line_1_16' title="bbox 118 1088 823 1130; baseline -0.001 -10"><span class='ocrx_word' id='word_1_113' title='bbox 118 1093 188 1121; x_wconf 88' lang='lat' dir='ltr'>tum</span> <span class='ocrx_word' id='word_1_114' title='bbox 225 1090 352 1129; x_wconf 84' lang='lat' dir='ltr'>passim</span> <span class='ocrx_word' id='word_1_115' title='bbox 381 1089 489 1120; x_wconf 86' lang='lat' dir='ltr'>locum</span> <span class='ocrx_word' id='word_1_116' title='bbox 525 1089 654 1130; x_wconf 88' lang='lat' dir='ltr'>optime</span> <span class='ocrx_word' id='word_1_117' title='bbox 685 1088 823 1119; x_wconf 85' lang='lat' dir='ltr'>videtur</span> 
     </span>
     <span class='ocr_line' id='line_1_17' title="bbox 118 1139 821 1179; baseline 0.001 -9"><span class='ocrx_word' id='word_1_118' title='bbox 118 1139 310 1171; x_wconf 86' lang='lat' dir='ltr'>restituisse</span> <span class='ocrx_word' id='word_1_119' title='bbox 338 1139 530 1179; x_wconf 87' lang='lat' dir='ltr'>Marcilius,</span> <span class='ocrx_word' id='word_1_120' title='bbox 555 1140 623 1171; x_wconf 90' lang='lat' dir='ltr'>sic:</span> <span class='ocrx_word' id='word_1_121' title='bbox 669 1140 678 1157; x_wconf 90' lang='lat'>‘</span> <span class='ocrx_word' id='word_1_122' title='bbox 696 1139 736 1170; x_wconf 84' lang='lat' dir='ltr'>Id</span> <span class='ocrx_word' id='word_1_123' title='bbox 768 1150 821 1171; x_wconf 89' lang='lat' dir='ltr'>me</span> 
     </span>
     <span class='ocr_line' id='line_1_18' title="bbox 119 1189 821 1230; baseline 0 -10"><span class='ocrx_word' id='word_1_124' title='bbox 119 1189 208 1221; x_wconf 92' lang='lat' dir='ltr'>Nolo</span> <span class='ocrx_word' id='word_1_125' title='bbox 237 1189 325 1220; x_wconf 83' lang='lat' dir='ltr'>scire</span> <span class='ocrx_word' id='word_1_126' title='bbox 352 1189 430 1220; x_wconf 88' lang='lat' dir='ltr'>mihi</span> <span class='ocrx_word' id='word_1_127' title='bbox 456 1189 551 1230; x_wconf 83' lang='lat' dir='ltr'>cujus</span> <span class='ocrx_word' id='word_1_128' title='bbox 576 1199 647 1220; x_wconf 90' lang='lat' dir='ltr'>sum</span> <span class='ocrx_word' id='word_1_129' title='bbox 673 1189 821 1220; x_wconf 87' lang='lat' dir='ltr'>consciu’</span> 
     </span>
     <span class='ocr_line' id='line_1_19' title="bbox 119 1238 823 1279; baseline -0.001 -8"><span class='ocrx_word' id='word_1_130' title='bbox 119 1239 222 1279; x_wconf 79' lang='lat' dir='ltr'>solus,</span> <span class='ocrx_word' id='word_1_131' title='bbox 260 1240 314 1271; x_wconf 82' lang='lat' dir='ltr'>Ne</span> <span class='ocrx_word' id='word_1_132' title='bbox 346 1239 504 1270; x_wconf 88' lang='lat' dir='ltr'>damnum</span> <span class='ocrx_word' id='word_1_133' title='bbox 534 1238 669 1271; x_wconf 83' lang='lat' dir='ltr'>faciam.</span> <span class='ocrx_word' id='word_1_134' title='bbox 729 1240 823 1270; x_wconf 87' lang='lat' dir='ltr'>Scire</span> 
     </span>
     <span class='ocr_line' id='line_1_20' title="bbox 119 1292 823 1324; baseline -0.001 -1"><span class='ocrx_word' id='word_1_135' title='bbox 119 1296 173 1323; x_wconf 89' lang='lat' dir='ltr'>est</span> <span class='ocrx_word' id='word_1_136' title='bbox 200 1293 334 1323; x_wconf 83' lang='lat' dir='ltr'>nescire</span> <span class='ocrx_word' id='word_1_137' title='bbox 364 1292 426 1323; x_wconf 89' lang='lat' dir='ltr'>nisi</span> <span class='ocrx_word' id='word_1_138' title='bbox 456 1292 491 1324; x_wconf 90' lang='lat' dir='ltr'>id</span> <span class='ocrx_word' id='word_1_139' title='bbox 521 1302 576 1324; x_wconf 89' lang='lat' dir='ltr'>me</span> <span class='ocrx_word' id='word_1_140' title='bbox 612 1292 705 1324; x_wconf 85' lang='lat' dir='ltr'>Scire</span> <span class='ocrx_word' id='word_1_141' title='bbox 739 1292 823 1323; x_wconf 77' lang='lat' dir='ltr'>alius</span> 
     </span>
     <span class='ocr_line' id='line_1_21' title="bbox 118 1342 258 1374; baseline -0.007 0"><span class='ocrx_word' id='word_1_142' title='bbox 118 1342 258 1374; x_wconf 67' lang='lat' dir='ltr'>scierit!</span> 
     </span>
    </p>

    <p class='ocr_par' dir='ltr' id='par_1_10' title="bbox 122 1393 828 1587">
     <span class='ocr_line' id='line_1_22' title="bbox 164 1393 825 1434; baseline 0.002 -10"><span class='ocrx_word' id='word_1_143' title='bbox 164 1395 206 1424; x_wconf 81' lang='lat'>28</span> <span class='ocrx_word' id='word_1_144' title='bbox 229 1393 275 1425; x_wconf 74' lang='lat' dir='ltr'>At</span> <span class='ocrx_word' id='word_1_145' title='bbox 287 1394 450 1434; x_wconf 80' lang='lat' dir='ltr'>pulchrum</span> <span class='ocrx_word' id='word_1_146' title='bbox 464 1397 519 1431; x_wconf 79' lang='lat' dir='ltr'>est,</span> <span class='ocrx_word' id='word_1_147' title='bbox 538 1394 605 1434; x_wconf 55' lang='grc' dir='ltr'>ἔμε]</span> <span class='ocrx_word' id='word_1_148' title='bbox 649 1394 825 1434; x_wconf 88' lang='lat' dir='ltr'>Prolepsis</span> 
     </span>
     <span class='ocr_line' id='line_1_23' title="bbox 122 1444 828 1476; baseline -0.001 -1"><span class='ocrx_word' id='word_1_149' title='bbox 122 1449 175 1476; x_wconf 79' lang='lat' dir='ltr'>est</span> <span class='ocrx_word' id='word_1_150' title='bbox 200 1444 340 1476; x_wconf 87' lang='lat' dir='ltr'>ironica.</span> <span class='ocrx_word' id='word_1_151' title='bbox 385 1445 637 1476; x_wconf 83' lang='lat' dir='ltr'>Demosthenes</span> <span class='ocrx_word' id='word_1_152' title='bbox 666 1444 828 1476; x_wconf 84' lang='lat' dir='ltr'>noscitari</span> 
     </span>
     <span class='ocr_line' id='line_1_24' title="bbox 123 1495 827 1536; baseline -0.003 -8"><span class='ocrx_word' id='word_1_153' title='bbox 123 1505 166 1528; x_wconf 71' lang='lat' dir='ltr'>se</span> <span class='ocrx_word' id='word_1_154' title='bbox 182 1505 202 1527; x_wconf 83' lang='lat' dir='ltr'>a</span> <span class='ocrx_word' id='word_1_155' title='bbox 217 1495 425 1527; x_wconf 85' lang='lat' dir='ltr'>mulierculis</span> <span class='ocrx_word' id='word_1_156' title='bbox 454 1501 489 1527; x_wconf 89' lang='lat' dir='ltr'>et</span> <span class='ocrx_word' id='word_1_157' title='bbox 516 1495 622 1536; x_wconf 80' lang='lat' dir='ltr'>digito</span> <span class='ocrx_word' id='word_1_158' title='bbox 645 1496 827 1527; x_wconf 85' lang='lat' dir='ltr'>monstrari</span> 
     </span>
     <span class='ocr_line' id='line_1_25' title="bbox 122 1545 726 1587; baseline 0 -10"><span class='ocrx_word' id='word_1_159' title='bbox 122 1545 318 1577; x_wconf 75' lang='lat' dir='ltr'>laetabatur.</span> <span class='ocrx_word' id='word_1_160' title='bbox 341 1546 429 1577; x_wconf 87' lang='lat' dir='ltr'>Tull.</span> <span class='ocrx_word' id='word_1_161' title='bbox 443 1547 540 1578; x_wconf 87' lang='lat' dir='ltr'>Tnsc.</span> <span class='ocrx_word' id='word_1_162' title='bbox 558 1550 678 1587; x_wconf 86' lang='lat' dir='ltr'>quaest.</span> <span class='ocrx_word' id='word_1_163' title='bbox 695 1551 726 1577; x_wconf 92' lang='lat'>5.</span> 
     </span>
    </p>

    <p class='ocr_par' dir='ltr' id='par_1_11' title="bbox 124 1596 836 2345">
     <span class='ocr_line' id='line_1_26' title="bbox 167 1596 829 1637; baseline 0.002 -10"><span class='ocrx_word' id='word_1_164' title='bbox 167 1599 209 1628; x_wconf 81' lang='lat'>29</span> <span class='ocrx_word' id='word_1_165' title='bbox 236 1596 308 1627; x_wconf 85' lang='lat' dir='ltr'>Ten&#39;</span> <span class='ocrx_word' id='word_1_166' title='bbox 335 1597 535 1637; x_wconf 64' lang='lat' dir='ltr'>tim-ntorum,</span> <span class='ocrx_word' id='word_1_167' title='bbox 564 1597 633 1637; x_wconf 54' lang='lat' dir='ltr'>Esau]</span> <span class='ocrx_word' id='word_1_168' title='bbox 694 1597 733 1628; x_wconf 91' lang='lat' dir='ltr'>Id</span> <span class='ocrx_word' id='word_1_169' title='bbox 765 1601 829 1636; x_wconf 87' lang='lat' dir='ltr'>est,</span> 
     </span>
     <span class='ocr_line' id='line_1_27' title="bbox 125 1647 831 1693; baseline 0.003 -15"><span class='ocrx_word' id='word_1_170' title='bbox 125 1647 264 1693; x_wconf 70' lang='lat' dir='ltr'>parvine</span> <span class='ocrx_word' id='word_1_171' title='bbox 278 1647 425 1678; x_wconf 77' lang='lat' dir='ltr'>aestimes</span> <span class='ocrx_word' id='word_1_172' title='bbox 437 1649 590 1679; x_wconf 85' lang='lat' dir='ltr'>carmina</span> <span class='ocrx_word' id='word_1_173' title='bbox 606 1649 749 1690; x_wconf 89' lang='lat' dir='ltr'>alicujus</span> <span class='ocrx_word' id='word_1_174' title='bbox 767 1649 831 1680; x_wconf 90' lang='lat' dir='ltr'>Po-</span> 
     </span>
     <span class='ocr_line' id='line_1_28' title="bbox 125 1697 830 1740; baseline 0.001 -11"><span class='ocrx_word' id='word_1_175' title='bbox 125 1697 192 1729; x_wconf 65' lang='lat' dir='ltr'>etae</span> <span class='ocrx_word' id='word_1_176' title='bbox 220 1707 291 1728; x_wconf 74' lang='lat' dir='ltr'>esse</span> <span class='ocrx_word' id='word_1_177' title='bbox 318 1697 450 1729; x_wconf 87' lang='lat' dir='ltr'>dictata</span> <span class='ocrx_word' id='word_1_178' title='bbox 477 1709 496 1729; x_wconf 86' lang='lat' dir='ltr'>a</span> <span class='ocrx_word' id='word_1_179' title='bbox 522 1699 766 1740; x_wconf 85' lang='lat' dir='ltr'>ludimagistris</span> <span class='ocrx_word' id='word_1_180' title='bbox 796 1700 830 1730; x_wconf 91' lang='lat' dir='ltr'>in</span> 
     </span>
     <span class='ocr_line' id='line_1_29' title="bbox 124 1748 832 1790; baseline 0.001 -10"><span class='ocrx_word' id='word_1_181' title='bbox 124 1748 262 1786; x_wconf 85' lang='lat' dir='ltr'>scholis,</span> <span class='ocrx_word' id='word_1_182' title='bbox 292 1752 331 1779; x_wconf 88' lang='lat' dir='ltr'>ut</span> <span class='ocrx_word' id='word_1_183' title='bbox 361 1758 403 1779; x_wconf 90' lang='lat' dir='ltr'>ea</span> <span class='ocrx_word' id='word_1_184' title='bbox 440 1749 598 1790; x_wconf 85' lang='lat' dir='ltr'>discipuli</span> <span class='ocrx_word' id='word_1_185' title='bbox 637 1751 832 1782; x_wconf 83' lang='lat' dir='ltr'>memoriter</span> 
     </span>
     <span class='ocr_line' id='line_1_30' title="bbox 127 1799 830 1841; baseline 0 -10"><span class='ocrx_word' id='word_1_186' title='bbox 127 1799 274 1831; x_wconf 83' lang='lat' dir='ltr'>discant.</span> <span class='ocrx_word' id='word_1_187' title='bbox 318 1799 414 1830; x_wconf 82' lang='lat' dir='ltr'>Nero</span> <span class='ocrx_word' id='word_1_188' title='bbox 429 1810 506 1831; x_wconf 89' lang='lat' dir='ltr'>suos</span> <span class='ocrx_word' id='word_1_189' title='bbox 523 1810 640 1831; x_wconf 85' lang='lat' dir='ltr'>versus</span> <span class='ocrx_word' id='word_1_190' title='bbox 657 1810 720 1841; x_wconf 90' lang='lat' dir='ltr'>per</span> <span class='ocrx_word' id='word_1_191' title='bbox 736 1800 830 1831; x_wconf 90' lang='lat' dir='ltr'>scho-</span> 
     </span>
     <span class='ocr_line' id='line_1_31' title="bbox 127 1849 832 1891; baseline 0 -10"><span class='ocrx_word' id='word_1_192' title='bbox 127 1850 177 1881; x_wconf 86' lang='lat' dir='ltr'>las</span> <span class='ocrx_word' id='word_1_193' title='bbox 195 1849 318 1880; x_wconf 84' lang='lat' dir='ltr'>dictari</span> <span class='ocrx_word' id='word_1_194' title='bbox 341 1849 524 1889; x_wconf 85' lang='lat' dir='ltr'>imperasse</span> <span class='ocrx_word' id='word_1_195' title='bbox 547 1850 663 1881; x_wconf 85' lang='lat' dir='ltr'>aiunt:</span> <span class='ocrx_word' id='word_1_196' title='bbox 688 1851 779 1891; x_wconf 91' lang='lat' dir='ltr'>quod</span> <span class='ocrx_word' id='word_1_197' title='bbox 797 1855 832 1882; x_wconf 92' lang='lat' dir='ltr'>et</span> 
     </span>
     <span class='ocr_line' id='line_1_32' title="bbox 127 1899 830 1931; baseline 0.003 -2"><span class='ocrx_word' id='word_1_198' title='bbox 127 1899 185 1930; x_wconf 87' lang='lat' dir='ltr'>alii</span> <span class='ocrx_word' id='word_1_199' title='bbox 211 1899 306 1930; x_wconf 87' lang='lat' dir='ltr'>velut</span> <span class='ocrx_word' id='word_1_200' title='bbox 333 1899 495 1930; x_wconf 89' lang='lat' dir='ltr'>decorum</span> <span class='ocrx_word' id='word_1_201' title='bbox 520 1899 585 1930; x_wconf 85' lang='lat' dir='ltr'>sibi</span> <span class='ocrx_word' id='word_1_202' title='bbox 613 1899 830 1931; x_wconf 80' lang='lat' dir='ltr'>affectarunt.</span> 
     </span>
     <span class='ocr_line' id='line_1_33' title="bbox 128 1950 832 1982; baseline -0.003 0"><span class='ocrx_word' id='word_1_203' title='bbox 128 1950 296 1982; x_wconf 83' lang='lat' dir='ltr'>Eusebius</span> <span class='ocrx_word' id='word_1_204' title='bbox 314 1950 335 1981; x_wconf 92' lang='lat' dir='ltr'>l.</span> <span class='ocrx_word' id='word_1_205' title='bbox 350 1959 401 1981; x_wconf 78' lang='lat' dir='ltr'>1x.</span> <span class='ocrx_word' id='word_1_206' title='bbox 429 1955 546 1981; x_wconf 85' lang='lat' dir='ltr'>narrat</span> <span class='ocrx_word' id='word_1_207' title='bbox 562 1950 749 1981; x_wconf 81' lang='lat' dir='ltr'>Maximum</span> <span class='ocrx_word' id='word_1_208' title='bbox 767 1950 832 1981; x_wconf 91' lang='lat' dir='ltr'>Im-</span> 
     </span>
     <span class='ocr_line' id='line_1_34' title="bbox 127 2000 833 2042; baseline -0.003 -10"><span class='ocrx_word' id='word_1_209' title='bbox 127 2005 323 2042; x_wconf 87' lang='lat' dir='ltr'>peratorem</span> <span class='ocrx_word' id='word_1_210' title='bbox 339 2000 473 2031; x_wconf 88' lang='lat' dir='ltr'>libellos</span> <span class='ocrx_word' id='word_1_211' title='bbox 487 2000 648 2041; x_wconf 85' lang='lat' dir='ltr'>quosdam</span> <span class='ocrx_word' id='word_1_212' title='bbox 661 2001 694 2030; x_wconf 92' lang='lat' dir='ltr'>iu</span> <span class='ocrx_word' id='word_1_213' title='bbox 707 2000 833 2032; x_wconf 76' lang='lat' dir='ltr'>Christi</span> 
     </span>
     <span class='ocr_line' id='line_1_35' title="bbox 130 2051 833 2084; baseline 0 -2"><span class='ocrx_word' id='word_1_214' title='bbox 130 2051 334 2084; x_wconf 83' lang='lat' dir='ltr'>derisionem</span> <span class='ocrx_word' id='word_1_215' title='bbox 366 2051 528 2082; x_wconf 87' lang='lat' dir='ltr'>confictos</span> <span class='ocrx_word' id='word_1_216' title='bbox 559 2051 694 2082; x_wconf 89' lang='lat' dir='ltr'>nomine</span> <span class='ocrx_word' id='word_1_217' title='bbox 725 2051 833 2082; x_wconf 80' lang='lat' dir='ltr'>Pilati</span> 
     </span>
     <span class='ocr_line' id='line_1_36' title="bbox 132 2101 833 2143; baseline 0.003 -12"><span class='ocrx_word' id='word_1_218' title='bbox 132 2110 193 2143; x_wconf 85' lang='lat' dir='ltr'>per</span> <span class='ocrx_word' id='word_1_219' title='bbox 207 2101 304 2132; x_wconf 88' lang='lat' dir='ltr'>ludos</span> <span class='ocrx_word' id='word_1_220' title='bbox 320 2101 535 2133; x_wconf 82' lang='lat' dir='ltr'>circumferri</span> <span class='ocrx_word' id='word_1_221' title='bbox 551 2103 687 2143; x_wconf 83' lang='lat' dir='ltr'>legique</span> <span class='ocrx_word' id='word_1_222' title='bbox 703 2112 833 2143; x_wconf 81' lang='lat' dir='ltr'>praece-</span> 
     </span>
     <span class='ocr_line' id='line_1_37' title="bbox 132 2151 835 2193; baseline 0.003 -11"><span class='ocrx_word' id='word_1_223' title='bbox 132 2152 233 2193; x_wconf 88' lang='lat' dir='ltr'>pisse.</span> <span class='ocrx_word' id='word_1_224' title='bbox 278 2152 324 2182; x_wconf 89' lang='lat' dir='ltr'>D.</span> <span class='ocrx_word' id='word_1_225' title='bbox 355 2151 497 2183; x_wconf 86' lang='lat' dir='ltr'>Hieron.</span> <span class='ocrx_word' id='word_1_226' title='bbox 526 2153 617 2184; x_wconf 86' lang='lat' dir='ltr'>huuc</span> <span class='ocrx_word' id='word_1_227' title='bbox 644 2153 755 2183; x_wconf 89' lang='lat' dir='ltr'>Persii</span> <span class='ocrx_word' id='word_1_228' title='bbox 789 2153 835 2184; x_wconf 91' lang='grc' dir='ltr'>Ιο-</span> 
     </span>
     <span class='ocr_line' id='line_1_38' title="bbox 132 2202 835 2243; baseline 0 -9"><span class='ocrx_word' id='word_1_229' title='bbox 132 2212 223 2242; x_wconf 86' lang='lat' dir='ltr'>cum,</span> <span class='ocrx_word' id='word_1_230' title='bbox 251 2206 288 2233; x_wconf 88' lang='lat' dir='ltr'>ut</span> <span class='ocrx_word' id='word_1_231' title='bbox 315 2207 349 2232; x_wconf 87' lang='lat' dir='ltr'>et</span> <span class='ocrx_word' id='word_1_232' title='bbox 376 2202 458 2233; x_wconf 85' lang='lat' dir='ltr'>alios</span> <span class='ocrx_word' id='word_1_233' title='bbox 485 2212 591 2243; x_wconf 82' lang='lat' dir='ltr'>saepe,</span> <span class='ocrx_word' id='word_1_234' title='bbox 617 2203 668 2234; x_wconf 86' lang='lat' dir='ltr'>bis</span> <span class='ocrx_word' id='word_1_235' title='bbox 696 2208 755 2234; x_wconf 88' lang='lat' dir='ltr'>aut</span> <span class='ocrx_word' id='word_1_236' title='bbox 782 2208 835 2234; x_wconf 88' lang='lat' dir='ltr'>ter</span> 
     </span>
     <span class='ocr_line' id='line_1_39' title="bbox 133 2252 836 2294; baseline -0.001 -9"><span class='ocrx_word' id='word_1_237' title='bbox 133 2258 286 2294; x_wconf 85' lang='lat' dir='ltr'>usurpat,</span> <span class='ocrx_word' id='word_1_238' title='bbox 302 2253 462 2284; x_wconf 82' lang='lat' dir='ltr'>adversus</span> <span class='ocrx_word' id='word_1_239' title='bbox 480 2252 653 2284; x_wconf 87' lang='lat' dir='ltr'>Ruffinum</span> <span class='ocrx_word' id='word_1_240' title='bbox 670 2254 734 2290; x_wconf 79' lang='lat' dir='ltr'>bis,</span> <span class='ocrx_word' id='word_1_241' title='bbox 750 2258 784 2284; x_wconf 85' lang='lat' dir='ltr'>et</span> <span class='ocrx_word' id='word_1_242' title='bbox 802 2254 836 2284; x_wconf 91' lang='lat' dir='ltr'>in</span> 
     </span>
     <span class='ocr_line' id='line_1_40' title="bbox 134 2304 631 2345; baseline -0.004 -9"><span class='ocrx_word' id='word_1_243' title='bbox 134 2304 318 2345; x_wconf 82' lang='lat' dir='ltr'>Apologet.</span> <span class='ocrx_word' id='word_1_244' title='bbox 334 2304 375 2334; x_wconf 88' lang='lat' dir='ltr'>ad</span> <span class='ocrx_word' id='word_1_245' title='bbox 392 2304 631 2335; x_wconf 76' lang='lat' dir='ltr'>Dominionem.</span> 
     </span>
    </p>

    <p class='ocr_par' dir='ltr' id='par_1_12' title="bbox 135 2354 837 2496">
     <span class='ocr_line' id='line_1_41' title="bbox 180 2354 837 2395; baseline -0.002 -10"><span class='ocrx_word' id='word_1_246' title='bbox 180 2355 394 2395; x_wconf 77' lang='lat' dir='ltr'>Cirratorum]</span> <span class='ocrx_word' id='word_1_247' title='bbox 430 2354 471 2385; x_wconf 90' lang='lat' dir='ltr'>Id</span> <span class='ocrx_word' id='word_1_248' title='bbox 489 2360 552 2394; x_wconf 86' lang='lat' dir='ltr'>est,</span> <span class='ocrx_word' id='word_1_249' title='bbox 569 2354 728 2385; x_wconf 89' lang='lat' dir='ltr'>nobilium</span> <span class='ocrx_word' id='word_1_250' title='bbox 740 2354 837 2395; x_wconf 85' lang='lat' dir='ltr'>juve—</span> 
     </span>
     <span class='ocr_line' id='line_1_42' title="bbox 135 2406 837 2445; baseline 0 -9"><span class='ocrx_word' id='word_1_251' title='bbox 135 2415 226 2445; x_wconf 87' lang='lat' dir='ltr'>num,</span> <span class='ocrx_word' id='word_1_252' title='bbox 248 2414 389 2445; x_wconf 87' lang='lat' dir='ltr'>quorum</span> <span class='ocrx_word' id='word_1_253' title='bbox 414 2406 531 2436; x_wconf 81' lang='lat' dir='ltr'>cirrati</span> <span class='ocrx_word' id='word_1_254' title='bbox 556 2406 666 2436; x_wconf 88' lang='lat' dir='ltr'>solent</span> <span class='ocrx_word' id='word_1_255' title='bbox 692 2414 765 2436; x_wconf 85' lang='lat' dir='ltr'>esse</span> <span class='ocrx_word' id='word_1_256' title='bbox 782 2415 837 2436; x_wconf 85' lang='lat' dir='ltr'>ca-</span> 
     </span>
     <span class='ocr_line' id='line_1_43' title="bbox 135 2455 665 2496; baseline 0.002 -10"><span class='ocrx_word' id='word_1_257' title='bbox 135 2456 222 2496; x_wconf 87' lang='lat' dir='ltr'>pilli,</span> <span class='ocrx_word' id='word_1_258' title='bbox 238 2455 273 2486; x_wconf 90' lang='lat' dir='ltr'>id</span> <span class='ocrx_word' id='word_1_259' title='bbox 285 2460 349 2494; x_wconf 87' lang='lat' dir='ltr'>est,</span> <span class='ocrx_word' id='word_1_260' title='bbox 363 2456 558 2494; x_wconf 86' lang='lat' dir='ltr'>cincinnati,</span> <span class='ocrx_word' id='word_1_261' title='bbox 573 2456 665 2487; x_wconf 88' lang='lat' dir='ltr'>torti.</span> 
     </span>
    </p>

    <p class='ocr_par' dir='ltr' id='par_1_13' title="bbox 141 2505 841 2690">
     <span class='ocr_line' id='line_1_44' title="bbox 180 2505 838 2546; baseline 0.002 -11"><span class='ocrx_word' id='word_1_262' title='bbox 180 2508 221 2536; x_wconf 78' lang='lat'>30</span> <span class='ocrx_word' id='word_1_263' title='bbox 248 2506 326 2536; x_wconf 85' lang='lat' dir='ltr'>Ecce</span> <span class='ocrx_word' id='word_1_264' title='bbox 354 2505 437 2536; x_wconf 76' lang='lat' dir='ltr'>inter</span> <span class='ocrx_word' id='word_1_265' title='bbox 462 2505 586 2546; x_wconf 80' lang='lat' dir='ltr'>pocula]</span> <span class='ocrx_word' id='word_1_266' title='bbox 642 2505 838 2546; x_wconf 88' lang='lat' dir='ltr'>Respondet</span> 
     </span>
     <span class='ocr_line' id='line_1_45' title="bbox 141 2556 838 2595; baseline -0.003 -7"><span class='ocrx_word' id='word_1_267' title='bbox 141 2556 290 2595; x_wconf 84' lang='lat' dir='ltr'>Persius,</span> <span class='ocrx_word' id='word_1_268' title='bbox 305 2561 339 2587; x_wconf 90' lang='lat' dir='ltr'>et</span> <span class='ocrx_word' id='word_1_269' title='bbox 354 2557 456 2588; x_wconf 87' lang='lat' dir='ltr'>docet</span> <span class='ocrx_word' id='word_1_270' title='bbox 468 2556 567 2588; x_wconf 89' lang='lat' dir='ltr'>flocci</span> <span class='ocrx_word' id='word_1_271' title='bbox 582 2556 752 2588; x_wconf 84' lang='lat' dir='ltr'>faciendas</span> <span class='ocrx_word' id='word_1_272' title='bbox 767 2567 838 2587; x_wconf 83' lang='lat' dir='ltr'>esse</span> 
     </span>
     <span class='ocr_line' id='line_1_46' title="bbox 141 2606 839 2648; baseline 0.003 -13"><span class='ocrx_word' id='word_1_273' title='bbox 141 2615 198 2635; x_wconf 82' lang='lat' dir='ltr'>eas</span> <span class='ocrx_word' id='word_1_274' title='bbox 214 2606 340 2646; x_wconf 85' lang='lat' dir='ltr'>laudes,</span> <span class='ocrx_word' id='word_1_275' title='bbox 364 2617 438 2648; x_wconf 82' lang='lat' dir='ltr'>quae</span> <span class='ocrx_word' id='word_1_276' title='bbox 463 2608 585 2637; x_wconf 76' lang='lat' dir='ltr'>dantur</span> <span class='ocrx_word' id='word_1_277' title='bbox 600 2607 688 2638; x_wconf 85' lang='lat' dir='ltr'>inter</span> <span class='ocrx_word' id='word_1_278' title='bbox 705 2608 839 2647; x_wconf 90' lang='lat' dir='ltr'>pocula.</span> 
     </span>
     <span class='ocr_line' id='line_1_47' title="bbox 142 2656 841 2690; baseline 0 -1"><span class='ocrx_word' id='word_1_279' title='bbox 142 2656 243 2689; x_wconf 82' lang='lat' dir='ltr'>Quod</span> <span class='ocrx_word' id='word_1_280' title='bbox 259 2662 360 2689; x_wconf 83' lang='lat' dir='ltr'>antea</span> <span class='ocrx_word' id='word_1_281' title='bbox 375 2658 540 2690; x_wconf 84' lang='lat' dir='ltr'>Horatius</span> <span class='ocrx_word' id='word_1_282' title='bbox 556 2656 690 2689; x_wconf 87' lang='lat' dir='ltr'>fecerat</span> <span class='ocrx_word' id='word_1_283' title='bbox 711 2658 782 2690; x_wconf 89' lang='lat' dir='ltr'>Sat.</span> <span class='ocrx_word' id='word_1_284' title='bbox 800 2667 841 2689; x_wconf 84' lang='grc' dir='ltr'>ιι.</span> 
     </span>
    </p>
   </div>
   <div class='ocr_carea' id='block_1_8' title="bbox 876 1040 1600 2694">
    <p class='ocr_par' dir='ltr' id='par_1_14' title="bbox 876 1040 1587 1431">
     <span class='ocr_line' id='line_1_48' title="bbox 877 1040 1582 1081; baseline 0.001 -11"><span class='ocrx_word' id='word_1_285' title='bbox 877 1050 943 1081; x_wconf 84' lang='lat' dir='ltr'>que</span> <span class='ocrx_word' id='word_1_286' title='bbox 981 1040 1146 1078; x_wconf 80' lang='lat' dir='ltr'>nitentes,</span> <span class='ocrx_word' id='word_1_287' title='bbox 1184 1040 1267 1070; x_wconf 90' lang='lat' dir='ltr'>Cum</span> <span class='ocrx_word' id='word_1_288' title='bbox 1305 1045 1422 1081; x_wconf 86' lang='lat' dir='ltr'>stupet</span> <span class='ocrx_word' id='word_1_289' title='bbox 1457 1041 1582 1071; x_wconf 77' lang='lat' dir='ltr'>insanis</span> 
     </span>
     <span class='ocr_line' id='line_1_49' title="bbox 876 1090 1584 1131; baseline -0.001 -9"><span class='ocrx_word' id='word_1_290' title='bbox 876 1091 965 1123; x_wconf 85' lang='lat' dir='ltr'>acies</span> <span class='ocrx_word' id='word_1_291' title='bbox 982 1090 1185 1131; x_wconf 76' lang='lat' dir='ltr'>fulgoribus,</span> <span class='ocrx_word' id='word_1_292' title='bbox 1203 1096 1238 1121; x_wconf 89' lang='lat' dir='ltr'>et</span> <span class='ocrx_word' id='word_1_293' title='bbox 1255 1100 1330 1121; x_wconf 88' lang='lat' dir='ltr'>cum</span> <span class='ocrx_word' id='word_1_294' title='bbox 1353 1090 1505 1122; x_wconf 87' lang='lat' dir='ltr'>Acclivis</span> <span class='ocrx_word' id='word_1_295' title='bbox 1522 1090 1584 1121; x_wconf 81' lang='lat' dir='ltr'>fal-</span> 
     </span>
     <span class='ocr_line' id='line_1_50' title="bbox 877 1141 1583 1173; baseline 0 0"><span class='ocrx_word' id='word_1_296' title='bbox 877 1142 922 1173; x_wconf 84' lang='lat' dir='ltr'>sis</span> <span class='ocrx_word' id='word_1_297' title='bbox 953 1142 1082 1172; x_wconf 86' lang='lat' dir='ltr'>animus</span> <span class='ocrx_word' id='word_1_298' title='bbox 1113 1142 1255 1172; x_wconf 84' lang='lat' dir='ltr'>meliora</span> <span class='ocrx_word' id='word_1_299' title='bbox 1286 1141 1443 1172; x_wconf 78' lang='lat' dir='ltr'>recusat.¹</span> <span class='ocrx_word' id='word_1_300' title='bbox 1504 1142 1583 1173; x_wconf 73' lang='lat' dir='ltr'>Mos</span> 
     </span>
     <span class='ocr_line' id='line_1_51' title="bbox 878 1190 1584 1231; baseline -0.003 -8"><span class='ocrx_word' id='word_1_301' title='bbox 878 1197 953 1223; x_wconf 87' lang='lat' dir='ltr'>erat</span> <span class='ocrx_word' id='word_1_302' title='bbox 977 1192 1109 1222; x_wconf 85' lang='lat' dir='ltr'>scilicet</span> <span class='ocrx_word' id='word_1_303' title='bbox 1137 1190 1225 1231; x_wconf 85' lang='lat' dir='ltr'>apud</span> <span class='ocrx_word' id='word_1_304' title='bbox 1254 1197 1387 1222; x_wconf 83' lang='lat' dir='ltr'>veteres</span> <span class='ocrx_word' id='word_1_305' title='bbox 1414 1191 1448 1221; x_wconf 89' lang='lat' dir='ltr'>in</span> <span class='ocrx_word' id='word_1_306' title='bbox 1471 1191 1584 1221; x_wconf 84' lang='lat' dir='ltr'>convi-</span> 
     </span>
     <span class='ocr_line' id='line_1_52' title="bbox 878 1241 1584 1283; baseline -0.001 -10"><span class='ocrx_word' id='word_1_307' title='bbox 878 1242 941 1273; x_wconf 79' lang='lat' dir='ltr'>viis</span> <span class='ocrx_word' id='word_1_308' title='bbox 954 1242 1080 1283; x_wconf 86' lang='lat' dir='ltr'>aliquid</span> <span class='ocrx_word' id='word_1_309' title='bbox 1095 1251 1135 1272; x_wconf 77' lang='lat' dir='ltr'>ex</span> <span class='ocrx_word' id='word_1_310' title='bbox 1148 1241 1336 1272; x_wconf 83' lang='lat' dir='ltr'>illustribus</span> <span class='ocrx_word' id='word_1_311' title='bbox 1349 1241 1466 1272; x_wconf 69' lang='lat' dir='ltr'>Poetis</span> <span class='ocrx_word' id='word_1_312' title='bbox 1480 1246 1584 1283; x_wconf 86' lang='lat' dir='ltr'>atque</span> 
     </span>
     <span class='ocr_line' id='line_1_53' title="bbox 880 1290 1586 1330; baseline -0.001 -6"><span class='ocrx_word' id='word_1_313' title='bbox 880 1291 1090 1324; x_wconf 85' lang='lat' dir='ltr'>Auctoribus</span> <span class='ocrx_word' id='word_1_314' title='bbox 1123 1290 1258 1330; x_wconf 84' lang='lat' dir='ltr'>afferre,</span> <span class='ocrx_word' id='word_1_315' title='bbox 1289 1292 1378 1322; x_wconf 88' lang='lat' dir='ltr'>unde</span> <span class='ocrx_word' id='word_1_316' title='bbox 1408 1291 1586 1323; x_wconf 84' lang='lat' dir='ltr'>fabulandi</span> 
     </span>
     <span class='ocr_line' id='line_1_54' title="bbox 880 1341 1587 1382; baseline -0.001 -9"><span class='ocrx_word' id='word_1_317' title='bbox 880 1342 970 1373; x_wconf 89' lang='lat' dir='ltr'>inter</span> <span class='ocrx_word' id='word_1_318' title='bbox 985 1341 1104 1372; x_wconf 81' lang='lat' dir='ltr'>doctos</span> <span class='ocrx_word' id='word_1_319' title='bbox 1120 1341 1254 1372; x_wconf 86' lang='lat' dir='ltr'>occasio</span> <span class='ocrx_word' id='word_1_320' title='bbox 1271 1341 1494 1382; x_wconf 73' lang='lat' dir='ltr'>praeberetur.</span> <span class='ocrx_word' id='word_1_321' title='bbox 1527 1342 1587 1373; x_wconf 86' lang='lat' dir='ltr'>Vi-</span> 
     </span>
     <span class='ocr_line' id='line_1_55' title="bbox 882 1391 1296 1431; baseline -0.002 -8"><span class='ocrx_word' id='word_1_322' title='bbox 882 1392 924 1423; x_wconf 87' lang='lat' dir='ltr'>de</span> <span class='ocrx_word' id='word_1_323' title='bbox 939 1391 1142 1423; x_wconf 80' lang='lat' dir='ltr'>Athenaeum</span> <span class='ocrx_word' id='word_1_324' title='bbox 1158 1391 1296 1431; x_wconf 85' lang='lat' dir='ltr'>passim.</span> 
     </span>
    </p>

    <p class='ocr_par' dir='ltr' id='par_1_15' title="bbox 883 1441 1592 1887">
     <span class='ocr_line' id='line_1_56' title="bbox 926 1441 1588 1482; baseline 0.002 -9"><span class='ocrx_word' id='word_1_325' title='bbox 926 1446 965 1474; x_wconf 81' lang='lat'>31</span> <span class='ocrx_word' id='word_1_326' title='bbox 1005 1443 1180 1472; x_wconf 63' lang='lat' dir='ltr'>Romulidae</span> <span class='ocrx_word' id='word_1_327' title='bbox 1216 1441 1332 1482; x_wconf 80' lang='lat' dir='ltr'>saturi]</span> <span class='ocrx_word' id='word_1_328' title='bbox 1386 1441 1588 1474; x_wconf 80' lang='lat' dir='ltr'>Romulidas</span> 
     </span>
     <span class='ocr_line' id='line_1_57' title="bbox 884 1493 1586 1534; baseline 0.001 -11"><span class='ocrx_word' id='word_1_329' title='bbox 884 1498 983 1524; x_wconf 83' lang='lat' dir='ltr'>vocat</span> <span class='ocrx_word' id='word_1_330' title='bbox 1013 1493 1151 1532; x_wconf 86' lang='lat' dir='ltr'>ironice,</span> <span class='ocrx_word' id='word_1_331' title='bbox 1183 1494 1278 1534; x_wconf 84' lang='lat' dir='ltr'>quasi</span> <span class='ocrx_word' id='word_1_332' title='bbox 1307 1494 1450 1524; x_wconf 86' lang='lat' dir='ltr'>Romulo</span> <span class='ocrx_word' id='word_1_333' title='bbox 1486 1494 1586 1524; x_wconf 86' lang='lat' dir='ltr'>valde</span> 
     </span>
     <span class='ocr_line' id='line_1_58' title="bbox 883 1544 1590 1577; baseline 0 -2"><span class='ocrx_word' id='word_1_334' title='bbox 883 1544 1065 1575; x_wconf 77' lang='lat' dir='ltr'>absimiles.</span> <span class='ocrx_word' id='word_1_335' title='bbox 1095 1544 1185 1576; x_wconf 83' lang='lat' dir='ltr'>Geli.</span> <span class='ocrx_word' id='word_1_336' title='bbox 1203 1553 1253 1575; x_wconf 79' lang='lat' dir='ltr'>xx.</span> <span class='ocrx_word' id='word_1_337' title='bbox 1272 1547 1323 1577; x_wconf 81' lang='grc'>14.</span> <span class='ocrx_word' id='word_1_338' title='bbox 1340 1544 1448 1576; x_wconf 83' lang='lat' dir='ltr'>refert</span> <span class='ocrx_word' id='word_1_339' title='bbox 1466 1545 1590 1575; x_wconf 85' lang='lat' dir='ltr'>Romu-</span> 
     </span>
     <span class='ocr_line' id='line_1_59' title="bbox 884 1594 1590 1635; baseline 0.001 -10"><span class='ocrx_word' id='word_1_340' title='bbox 884 1595 953 1625; x_wconf 93' lang='lat' dir='ltr'>lum</span> <span class='ocrx_word' id='word_1_341' title='bbox 976 1594 1019 1625; x_wconf 88' lang='lat' dir='ltr'>ad</span> <span class='ocrx_word' id='word_1_342' title='bbox 1035 1595 1153 1635; x_wconf 79' lang='lat' dir='ltr'>epulas</span> <span class='ocrx_word' id='word_1_343' title='bbox 1168 1600 1326 1626; x_wconf 82' lang='lat' dir='ltr'>vocatum</span> <span class='ocrx_word' id='word_1_344' title='bbox 1354 1605 1421 1626; x_wconf 92' lang='lat' dir='ltr'>non</span> <span class='ocrx_word' id='word_1_345' title='bbox 1446 1596 1590 1626; x_wconf 80' lang='lat' dir='ltr'>multum</span> 
     </span>
     <span class='ocr_line' id='line_1_60' title="bbox 884 1644 1590 1686; baseline 0 -11"><span class='ocrx_word' id='word_1_346' title='bbox 884 1644 1024 1682; x_wconf 88' lang='lat' dir='ltr'>bibisse,</span> <span class='ocrx_word' id='word_1_347' title='bbox 1053 1645 1133 1686; x_wconf 86' lang='lat' dir='ltr'>quia</span> <span class='ocrx_word' id='word_1_348' title='bbox 1162 1645 1328 1686; x_wconf 82' lang='lat' dir='ltr'>postridie</span> <span class='ocrx_word' id='word_1_349' title='bbox 1359 1655 1458 1676; x_wconf 87' lang='lat' dir='ltr'>mane</span> <span class='ocrx_word' id='word_1_350' title='bbox 1486 1654 1590 1686; x_wconf 79' lang='lat' dir='ltr'>nego-</span> 
     </span>
     <span class='ocr_line' id='line_1_61' title="bbox 885 1694 1591 1728; baseline 0.003 -3"><span class='ocrx_word' id='word_1_351' title='bbox 885 1694 967 1725; x_wconf 83' lang='lat' dir='ltr'>tium</span> <span class='ocrx_word' id='word_1_352' title='bbox 983 1695 1138 1726; x_wconf 84' lang='lat' dir='ltr'>haberet.</span> <span class='ocrx_word' id='word_1_353' title='bbox 1172 1695 1259 1727; x_wconf 89' lang='lat' dir='ltr'>Vide</span> <span class='ocrx_word' id='word_1_354' title='bbox 1277 1696 1437 1728; x_wconf 84' lang='lat' dir='ltr'>Juvenal.</span> <span class='ocrx_word' id='word_1_355' title='bbox 1451 1696 1524 1727; x_wconf 82' lang='lat' dir='ltr'>Sat.</span> <span class='ocrx_word' id='word_1_356' title='bbox 1541 1703 1591 1727; x_wconf 78' lang='lat' dir='ltr'>vl.</span> 
     </span>
     <span class='ocr_line' id='line_1_62' title="bbox 884 1745 1592 1787; baseline 0 -11"><span class='ocrx_word' id='word_1_357' title='bbox 884 1749 960 1777; x_wconf 75' lang='lat'>433.</span> <span class='ocrx_word' id='word_1_358' title='bbox 979 1751 1014 1776; x_wconf 90' lang='lat' dir='ltr'>et</span> <span class='ocrx_word' id='word_1_359' title='bbox 1031 1755 1102 1787; x_wconf 91' lang='lat' dir='ltr'>seq.</span> <span class='ocrx_word' id='word_1_360' title='bbox 1125 1745 1184 1777; x_wconf 82' lang='lat' dir='ltr'>ubi</span> <span class='ocrx_word' id='word_1_361' title='bbox 1202 1750 1237 1778; x_wconf 85' lang='lat' dir='ltr'>et</span> <span class='ocrx_word' id='word_1_362' title='bbox 1253 1747 1410 1777; x_wconf 87' lang='lat' dir='ltr'>mulieres</span> <span class='ocrx_word' id='word_1_363' title='bbox 1427 1746 1462 1776; x_wconf 91' lang='lat' dir='ltr'>in</span> <span class='ocrx_word' id='word_1_364' title='bbox 1478 1746 1592 1777; x_wconf 84' lang='lat' dir='ltr'>convi-</span> 
     </span>
     <span class='ocr_line' id='line_1_63' title="bbox 886 1795 1592 1837; baseline 0 -11"><span class='ocrx_word' id='word_1_365' title='bbox 886 1797 940 1827; x_wconf 82' lang='lat' dir='ltr'>vio</span> <span class='ocrx_word' id='word_1_366' title='bbox 968 1796 1138 1837; x_wconf 88' lang='lat' dir='ltr'>judicium</span> <span class='ocrx_word' id='word_1_367' title='bbox 1174 1796 1325 1828; x_wconf 84' lang='lat' dir='ltr'>ferentes</span> <span class='ocrx_word' id='word_1_368' title='bbox 1364 1797 1407 1828; x_wconf 87' lang='lat' dir='ltr'>de</span> <span class='ocrx_word' id='word_1_369' title='bbox 1448 1795 1592 1837; x_wconf 86' lang='lat' dir='ltr'>Virgilio</span> 
     </span>
     <span class='ocr_line' id='line_1_64' title="bbox 886 1847 1344 1887; baseline 0 -10"><span class='ocrx_word' id='word_1_370' title='bbox 886 1847 1027 1887; x_wconf 82' lang='lat' dir='ltr'>aliisque</span> <span class='ocrx_word' id='word_1_371' title='bbox 1044 1847 1162 1878; x_wconf 81' lang='lat' dir='ltr'>Poe&#39;tis</span> <span class='ocrx_word' id='word_1_372' title='bbox 1179 1847 1344 1887; x_wconf 82' lang='lat' dir='ltr'>coarguit.</span> 
     </span>
    </p>

    <p class='ocr_par' dir='ltr' id='par_1_16' title="bbox 888 1896 1596 2292">
     <span class='ocr_line' id='line_1_65' title="bbox 931 1896 1594 1937; baseline -0.005 -9"><span class='ocrx_word' id='word_1_373' title='bbox 931 1900 971 1928; x_wconf 79' lang='lat'>32</span> <span class='ocrx_word' id='word_1_374' title='bbox 989 1896 1222 1937; x_wconf 61' lang='lat' dir='ltr'>Hyacinthum]</span> <span class='ocrx_word' id='word_1_375' title='bbox 1238 1897 1351 1927; x_wconf 83' lang='lat' dir='ltr'>Vestis</span> <span class='ocrx_word' id='word_1_376' title='bbox 1369 1896 1521 1936; x_wconf 87' lang='lat' dir='ltr'>pretiosa</span> <span class='ocrx_word' id='word_1_377' title='bbox 1535 1903 1594 1925; x_wconf 89' lang='lat' dir='ltr'>no-</span> 
     </span>
     <span class='ocr_line' id='line_1_66' title="bbox 888 1946 1592 1988; baseline -0.004 -10"><span class='ocrx_word' id='word_1_378' title='bbox 888 1952 940 1978; x_wconf 84' lang='lat' dir='ltr'>tat</span> <span class='ocrx_word' id='word_1_379' title='bbox 962 1948 1155 1988; x_wconf 87' lang='lat' dir='ltr'>quempiam</span> <span class='ocrx_word' id='word_1_380' title='bbox 1173 1947 1321 1978; x_wconf 88' lang='lat' dir='ltr'>nobilem</span> <span class='ocrx_word' id='word_1_381' title='bbox 1340 1957 1378 1977; x_wconf 86' lang='lat' dir='ltr'>ac</span> <span class='ocrx_word' id='word_1_382' title='bbox 1394 1946 1592 1977; x_wconf 83' lang='lat' dir='ltr'>delicatum.</span> 
     </span>
     <span class='ocr_line' id='line_1_67' title="bbox 889 1995 1594 2038; baseline -0.001 -10"><span class='ocrx_word' id='word_1_383' title='bbox 889 1998 943 2028; x_wconf 92' lang='lat' dir='ltr'>De</span> <span class='ocrx_word' id='word_1_384' title='bbox 960 2007 1080 2028; x_wconf 80' lang='lat' dir='ltr'>cruore</span> <span class='ocrx_word' id='word_1_385' title='bbox 1098 1997 1269 2038; x_wconf 74' lang='lat' dir='ltr'>hyacinthi</span> <span class='ocrx_word' id='word_1_386' title='bbox 1285 1997 1317 2028; x_wconf 91' lang='lat' dir='ltr'>in</span> <span class='ocrx_word' id='word_1_387' title='bbox 1333 1995 1450 2028; x_wconf 89' lang='lat' dir='ltr'>florem</span> <span class='ocrx_word' id='word_1_388' title='bbox 1469 2006 1594 2037; x_wconf 88' lang='lat' dir='ltr'>purpu-</span> 
     </span>
     <span class='ocr_line' id='line_1_68' title="bbox 888 2046 1594 2080; baseline -0.003 0"><span class='ocrx_word' id='word_1_389' title='bbox 888 2057 982 2080; x_wconf 90' lang='lat' dir='ltr'>reum</span> <span class='ocrx_word' id='word_1_390' title='bbox 997 2058 1093 2079; x_wconf 84' lang='lat' dir='ltr'>verso</span> <span class='ocrx_word' id='word_1_391' title='bbox 1112 2048 1213 2079; x_wconf 87' lang='lat' dir='ltr'>Ovid.</span> <span class='ocrx_word' id='word_1_392' title='bbox 1230 2048 1373 2079; x_wconf 77' lang='lat' dir='ltr'>Metam.</span> <span class='ocrx_word' id='word_1_393' title='bbox 1390 2048 1449 2078; x_wconf 90' lang='lat' dir='ltr'>lib.</span> <span class='ocrx_word' id='word_1_394' title='bbox 1468 2056 1504 2078; x_wconf 79' lang='lat' dir='ltr'>x.</span> <span class='ocrx_word' id='word_1_395' title='bbox 1521 2046 1594 2078; x_wconf 83' lang='lat' dir='ltr'>fab.</span> 
     </span>
     <span class='ocr_line' id='line_1_69' title="bbox 889 2097 1594 2140; baseline -0.004 -10"><span class='ocrx_word' id='word_1_396' title='bbox 889 2104 920 2131; x_wconf 90' lang='lat'>5.</span> <span class='ocrx_word' id='word_1_397' title='bbox 966 2101 1103 2140; x_wconf 83' lang='lat' dir='ltr'>Legunt</span> <span class='ocrx_word' id='word_1_398' title='bbox 1124 2099 1192 2136; x_wconf 91' lang='lat' dir='ltr'>alii,</span> <span class='ocrx_word' id='word_1_399' title='bbox 1220 2099 1387 2130; x_wconf 81' lang='lat' dir='ltr'>Ianthina:</span> <span class='ocrx_word' id='word_1_400' title='bbox 1422 2097 1594 2138; x_wconf 77' lang='lat' dir='ltr'>vestisque</span> 
     </span>
     <span class='ocr_line' id='line_1_70' title="bbox 890 2148 1596 2188; baseline -0.004 -8"><span class='ocrx_word' id='word_1_401' title='bbox 890 2150 957 2181; x_wconf 88' lang='lat' dir='ltr'>erit</span> <span class='ocrx_word' id='word_1_402' title='bbox 968 2149 1112 2181; x_wconf 82' lang='lat' dir='ltr'>violacei</span> <span class='ocrx_word' id='word_1_403' title='bbox 1129 2149 1266 2187; x_wconf 79' lang='lat' dir='ltr'>coloris,</span> <span class='ocrx_word' id='word_1_404' title='bbox 1284 2159 1347 2180; x_wconf 88' lang='lat' dir='ltr'>nec</span> <span class='ocrx_word' id='word_1_405' title='bbox 1365 2148 1472 2179; x_wconf 83' lang='lat' dir='ltr'>minus</span> <span class='ocrx_word' id='word_1_406' title='bbox 1485 2148 1596 2188; x_wconf 89' lang='lat' dir='ltr'>splen-</span> 
     </span>
     <span class='ocr_line' id='line_1_71' title="bbox 890 2199 1596 2237; baseline -0.007 -5"><span class='ocrx_word' id='word_1_407' title='bbox 890 2202 980 2233; x_wconf 86' lang='lat' dir='ltr'>dida.</span> <span class='ocrx_word' id='word_1_408' title='bbox 1005 2201 1163 2233; x_wconf 85' lang='lat' dir='ltr'>Graecum</span> <span class='ocrx_word' id='word_1_409' title='bbox 1182 2207 1233 2232; x_wconf 81' lang='lat' dir='ltr'>est</span> <span class='ocrx_word' id='word_1_410' title='bbox 1250 2210 1371 2231; x_wconf 87' lang='lat' dir='ltr'>nomen</span> <span class='ocrx_word' id='word_1_411' title='bbox 1389 2200 1430 2230; x_wconf 84' lang='lat' dir='ltr'>ab</span> <span class='ocrx_word' id='word_1_412' title='bbox 1445 2200 1493 2229; x_wconf 71' lang='grc' dir='ltr'>ἴον</span> <span class='ocrx_word' id='word_1_413' title='bbox 1503 2199 1596 2237; x_wconf 75' lang='lat' dir='ltr'>viola,</span> 
     </span>
     <span class='ocr_line' id='line_1_72' title="bbox 889 2251 1365 2292; baseline -0.004 -10"><span class='ocrx_word' id='word_1_414' title='bbox 889 2256 925 2282; x_wconf 89' lang='lat' dir='ltr'>et</span> <span class='ocrx_word' id='word_1_415' title='bbox 941 2251 1107 2292; x_wconf 62' lang='grc' dir='ltr'><em>ἅνθοςβοε.</em></span> <span class='ocrx_word' id='word_1_416' title='bbox 1139 2251 1289 2282; x_wconf 78' lang='lat' dir='ltr'>Perinde</span> <span class='ocrx_word' id='word_1_417' title='bbox 1302 2254 1365 2281; x_wconf 89' lang='lat' dir='ltr'>est.</span> 
     </span>
    </p>

    <p class='ocr_par' dir='ltr' id='par_1_17' title="bbox 891 2302 1599 2484">
     <span class='ocr_line' id='line_1_73' title="bbox 933 2302 1598 2341; baseline -0.005 -9"><span class='ocrx_word' id='word_1_418' title='bbox 933 2302 1046 2341; x_wconf 81' lang='lat' dir='ltr'>Loena]</span> <span class='ocrx_word' id='word_1_419' title='bbox 1070 2302 1112 2332; x_wconf 90' lang='lat' dir='ltr'>In</span> <span class='ocrx_word' id='word_1_420' title='bbox 1134 2302 1271 2332; x_wconf 82' lang='lat' dir='ltr'>Tuscul.</span> <span class='ocrx_word' id='word_1_421' title='bbox 1297 2306 1434 2341; x_wconf 83' lang='lat' dir='ltr'>tegmen</span> <span class='ocrx_word' id='word_1_422' title='bbox 1456 2302 1598 2330; x_wconf 82' lang='lat' dir='ltr'>vocatur</span> 
     </span>
     <span class='ocr_line' id='line_1_74' title="bbox 891 2348 1599 2392; baseline -0.006 -9"><span class='ocrx_word' id='word_1_423' title='bbox 891 2361 911 2382; x_wconf 88' lang='lat' dir='ltr'>a</span> <span class='ocrx_word' id='word_1_424' title='bbox 932 2352 1064 2383; x_wconf 87' lang='lat' dir='ltr'>Tullio:</span> <span class='ocrx_word' id='word_1_425' title='bbox 1090 2356 1210 2392; x_wconf 88' lang='lat' dir='ltr'>estque</span> <span class='ocrx_word' id='word_1_426' title='bbox 1241 2351 1343 2381; x_wconf 84' lang='lat' dir='ltr'>vestis</span> <span class='ocrx_word' id='word_1_427' title='bbox 1373 2348 1599 2388; x_wconf 80' lang='lat' dir='ltr'>accubitoria‚</span> 
     </span>
     <span class='ocr_line' id='line_1_75' title="bbox 891 2402 1598 2443; baseline -0.006 -9"><span class='ocrx_word' id='word_1_428' title='bbox 891 2402 988 2443; x_wconf 84' lang='lat' dir='ltr'>cujus</span> <span class='ocrx_word' id='word_1_429' title='bbox 1004 2403 1038 2433; x_wconf 89' lang='lat' dir='ltr'>in</span> <span class='ocrx_word' id='word_1_430' title='bbox 1055 2403 1218 2433; x_wconf 86' lang='lat' dir='ltr'>conviviis</span> <span class='ocrx_word' id='word_1_431' title='bbox 1242 2412 1319 2433; x_wconf 87' lang='lat' dir='ltr'>usus</span> <span class='ocrx_word' id='word_1_432' title='bbox 1335 2406 1422 2440; x_wconf 87' lang='lat' dir='ltr'>erat,</span> <span class='ocrx_word' id='word_1_433' title='bbox 1446 2405 1481 2432; x_wconf 91' lang='lat' dir='ltr'>et</span> <span class='ocrx_word' id='word_1_434' title='bbox 1496 2409 1598 2440; x_wconf 83' lang='lat' dir='ltr'>supra</span> 
     </span>
     <span class='ocr_line' id='line_1_76' title="bbox 894 2453 1382 2484; baseline -0.002 -1"><span class='ocrx_word' id='word_1_435' title='bbox 894 2457 1022 2484; x_wconf 89' lang='lat' dir='ltr'>vestem</span> <span class='ocrx_word' id='word_1_436' title='bbox 1038 2453 1148 2484; x_wconf 81' lang='lat' dir='ltr'>albam</span> <span class='ocrx_word' id='word_1_437' title='bbox 1163 2453 1382 2484; x_wconf 85' lang='lat' dir='ltr'>induebatur.</span> 
     </span>
    </p>

    <p class='ocr_par' dir='ltr' id='par_1_18' title="bbox 896 2498 1600 2644">
     <span class='ocr_line' id='line_1_77' title="bbox 935 2498 1600 2543; baseline -0.009 -9"><span class='ocrx_word' id='word_1_438' title='bbox 935 2506 976 2534; x_wconf 80' lang='lat'>33</span> <span class='ocrx_word' id='word_1_439' title='bbox 1014 2503 1235 2543; x_wconf 77' lang='lat' dir='ltr'>Rancidulum]</span> <span class='ocrx_word' id='word_1_440' title='bbox 1273 2502 1427 2542; x_wconf 87' lang='lat' dir='ltr'>Metaph.</span> <span class='ocrx_word' id='word_1_441' title='bbox 1449 2511 1468 2531; x_wconf 86' lang='lat' dir='ltr'>a</span> <span class='ocrx_word' id='word_1_442' title='bbox 1491 2498 1600 2531; x_wconf 87' lang='lat' dir='ltr'>carni-</span> 
     </span>
     <span class='ocr_line' id='line_1_78' title="bbox 896 2548 1599 2594; baseline -0.009 -10"><span class='ocrx_word' id='word_1_443' title='bbox 896 2555 956 2584; x_wconf 87' lang='lat' dir='ltr'>bus</span> <span class='ocrx_word' id='word_1_444' title='bbox 971 2553 1013 2584; x_wconf 84' lang='lat' dir='ltr'>ad</span> <span class='ocrx_word' id='word_1_445' title='bbox 1026 2554 1276 2594; x_wconf 84' lang='lat' dir='ltr'>corruptionem</span> <span class='ocrx_word' id='word_1_446' title='bbox 1293 2551 1528 2592; x_wconf 82' lang='lat' dir='ltr'>vergentibus:</span> <span class='ocrx_word' id='word_1_447' title='bbox 1544 2548 1599 2579; x_wconf 85' lang='lat' dir='ltr'>hic</span> 
     </span>
     <span class='ocr_line' id='line_1_79' title="bbox 896 2603 1375 2644; baseline -0.008 -9"><span class='ocrx_word' id='word_1_448' title='bbox 896 2604 1041 2635; x_wconf 89' lang='lat' dir='ltr'>denotat</span> <span class='ocrx_word' id='word_1_449' title='bbox 1055 2603 1185 2644; x_wconf 83' lang='lat' dir='ltr'>aliquid</span> <span class='ocrx_word' id='word_1_450' title='bbox 1201 2603 1375 2633; x_wconf 79' lang='lat' dir='ltr'>insulsum.</span> 
     </span>
    </p>

    <p class='ocr_par' dir='ltr' id='par_1_19' title="bbox 940 2649 1599 2694">
     <span class='ocr_line' id='line_1_80' title="bbox 940 2649 1599 2694; baseline -0.011 -7"><span class='ocrx_word' id='word_1_451' title='bbox 940 2655 1043 2687; x_wconf 79' lang='lat' dir='ltr'>Bulba</span> <span class='ocrx_word' id='word_1_452' title='bbox 1068 2657 1106 2686; x_wconf 85' lang='lat' dir='ltr'>de</span> <span class='ocrx_word' id='word_1_453' title='bbox 1130 2654 1219 2694; x_wconf 82' lang='lat' dir='ltr'>nare]</span> <span class='ocrx_word' id='word_1_454' title='bbox 1246 2653 1375 2685; x_wconf 89' lang='lat' dir='ltr'>Durior</span> <span class='ocrx_word' id='word_1_455' title='bbox 1401 2650 1501 2692; x_wconf 90' lang='lat' dir='ltr'>paulo</span> <span class='ocrx_word' id='word_1_456' title='bbox 1525 2649 1599 2681; x_wconf 81' lang='lat' dir='ltr'>haec</span> 
     </span>
    </p>
   </div>
  </div>
 </body>
</html>
