1888 3032
198 89 283 130 170
706 97 753 126 A.
789 94 952 125 pensu
990 94 1163 127 reticet

198 194 296 236 Nec
318 193 521 235 rhombos
543 192 642 232 ideo
662 191 830 232 libertis
851 204 1014 245 ponere
1033 191 1198 241 lautus,

198 262 296 303 Nec
317 266 486 302 tenuem
509 260 647 300 solers
670 258 890 300 turdarum
913 273 1044 300 nosse
1066 260 1262 301 salivam.

198 329 350 371 Messe
373 334 495 368 tenus
518 329 698 381 propria
721 328 841 377 vive;
874 332 916 367 et
937 328 1150 379 granaria,
1173 327 1239 368 fas
1259 331 1338 378 est,
1614 329 1672 370 25

198 397 365 439 Emole.

430 394 549 446 Quid
567 396 770 437 metuas?
806 394 946 444 Ocea,
969 400 1011 436 et
1032 409 1156 448 seges
1178 396 1313 436 altera
1332 396 1378 436 in
1397 394 1533 437 herba
1554 400 1634 437 est.

198 509 339 541 rhombos
365 508 499 549 libertis,
520 518 616 549 ‘neque
639 508 761 549 peritus
785 508 967 548 dignoscere
990 507 1134 539 subtilem
1158 508 1322 538 turdorum
1343 516 1493 547 saporem.
1546 507 1674 538 Vescere

201 563 293 593 nsque
319 553 359 583 ud
385 555 469 583 tuum
497 561 637 593 messem,
655 556 684 583 et
701 553 776 583 mole
797 552 919 591 horrea,
947 551 1030 582 licet.
1078 551 1167 586 Quid
1189 548 1323 582 timeas?
1356 550 1472 581 Glebas
1494 550 1674 582 comminue.

806 653 942 664 eeeeeee

948 653 1043 664 eeeee

203 741 328 773 C.-24
352 745 459 773 tenues
483 742 598 773 salivas
620 743 688 773 ΜΞ.
708 742 784 773 Gal.
810 746 844 774 et
865 742 904 774 C.
922 743 1083 773 turdorum
1100 741 1192 773 Edit.
1218 741 1339 782 Steph.
1365 743 1473 771 tenues
1499 739 1557 770 sol.
1585 739 1677 769 turd-

290 795 417 824 vapores

201 816 266 854 ηοξ·
289 828 404 859 sulii-as

428 806 511 848 (sic)
527 807 594 839 Ms.
612 807 743 839 R.—26
766 805 906 839 metuis?
930 818 991 838 occ.
1009 817 1046 838 en
1063 807 1101 838 C.

872 916 1012 948 NOTAE

202 978 440 1020 patrimonium
458 980 490 1010 iu
508 980 614 1011 malos
629 981 731 1011 etiam
748 990 837 1012 usus.

247 1029 397 1070 Peragit]
436 1030 477 1061 Id
509 1035 572 1071 est,
603 1031 754 1073 conficit,
782 1031 915 1071 atterit,

203 1080 389 1121 disperdit.

252 1132 334 1163 Utar
362 1142 431 1170 ego,
458 1131 546 1170 utar]
582 1133 656 1173 Ego
686 1133 826 1164 Persius
850 1143 914 1164 nec

203 1180 380 1213 effundere
399 1182 497 1213 velim
522 1184 609 1214 male
638 1184 728 1215 bona
749 1194 835 1223 mea,
852 1195 915 1216 nec

203 1232 340 1264 sordide
358 1233 398 1264 iis
417 1243 578 1274 parcere:
609 1234 669 1265 sed
688 1239 766 1266 utar
782 1235 822 1266 iis
839 1246 914 1277 qnae

204 1284 280 1315 usui
307 1288 438 1315 tantum
467 1295 543 1316 esse
567 1290 780 1324 consecrata,
798 1285 914 1317 Graeei

204 1334 346 1374 proprio
363 1335 498 1365 nomine
525 1334 673 1375 χρήματα
697 1336 916 1376 appellando,

205 1384 294 1415 bene
319 1384 501 1415 admodum
525 1386 724 1418 ostendunt.
772 1387 917 1417 Sanctus

206 1434 354 1476 August.
372 1446 531 1475 magnum
553 1436 585 1467 iu
603 1447 643 1468 eo
661 1438 783 1467 malum
802 1437 918 1477 docet,

206 1485 235 1516 si
263 1488 354 1517 utare
378 1485 535 1526 fruendis,
559 1490 613 1517 aut
631 1487 758 1525 fruaris
783 1488 918 1519 utendis.

207 1535 334 1568 Horat.
362 1537 474 1577 Epist.
508 1546 549 1567 11.
575 1541 605 1568 2.
642 1540 650 1555 ⁴
678 1538 779 1577 Utar,
808 1542 843 1569 et
875 1548 918 1569 ex

204 1586 353 1626 modico,
375 1591 539 1628 qnantum
566 1597 618 1618 res
638 1593 770 1628 poscet,
794 1598 919 1619 acervo

206 1636 365 1668 Tollain.’

250 1688 291 1716 23
327 1687 394 1716 Nec
423 1686 563 1717 rhombos
591 1686 674 1726 ideo]
709 1687 824 1718 Nolim
845 1697 918 1718 esse

207 1736 293 1767 adeo
311 1737 476 1767 inmensa
491 1737 700 1778 splendidus,
713 1742 751 1767 ut
768 1737 920 1768 libertini

209 1787 344 1827 generis
360 1787 566 1827 hominibus,
591 1787 697 1818 servis
724 1788 756 1818 in
783 1787 921 1818 liberta-

208 1842 279 1867 tem
292 1837 437 1877 assertis
448 1837 566 1867 aliisve
582 1835 708 1867 infimae
725 1837 839 1877 sortis,
853 1837 924 1878 opi-

208 1896 293 1927 para
309 1891 437 1918 struam
454 1887 622 1918 convivia.

253 1938 423 1978 Rhombos]
446 1939 533 1969 Sunt
558 1939 670 1979 pisces
693 1938 854 1980 exquisiti
870 1949 921 1969 sa-

211 1989 303 2030 poris
319 1992 354 2020 et
371 1989 484 2029 magni
509 1989 597 2030 apud
617 1989 785 2020 Romanos
802 1990 920 2030 pretii:

212 2038 298 2070 dicti
316 2049 334 2069 a
351 2039 496 2070 rotunda
513 2040 607 2080 quusi
626 2038 735 2079 figura
752 2051 759 2078 3
795 2039 923 2070 liabent

212 2089 301 2119 enini
319 2089 477 2119 dextrum
502 2090 588 2120 latus
615 2089 863 2130 resupinatum,
888 2094 925 2120 nt

213 2139 262 2170 ait
278 2139 369 2170 Plin.
388 2148 441 2169 lx.
458 2143 511 2171 20.
557 2139 646 2170 Vide
664 2140 825 2172 Juvenal.
849 2141 924 2172 Sat.

213 2199 265 2222 iv.
284 2200 332 2222 vs.
351 2193 404 2222 39.
422 2195 458 2221 et
476 2191 547 2221 Sat.
566 2198 620 2221 xi.
641 2201 687 2221 vs.
707 2194 781 2222 121.
807 2191 922 2232 ibique

213 2245 389 2272 annotata.
422 2241 546 2272 Horat.
579 2242 649 2273 Sat.
683 2251 708 2272 1.
740 2245 771 2273 2.
806 2242 924 2273 ‘Num

214 2291 367 2322 esuriens
384 2290 516 2322 fastidis
533 2291 657 2332 omnia,
674 2297 800 2332 praeter
817 2293 925 2323 Pavo-

214 2350 292 2371 nem
315 2341 558 2383 rhombumque
571 2342 593 2373 ?'
641 2343 686 2373 Et
716 2343 789 2373 Sat.
822 2352 863 2374 11.
896 2346 926 2374 2.

217 2392 227 2407 ⁴
245 2390 357 2423 Quid?
391 2396 460 2421 tum
490 2392 646 2423 rhombos
673 2394 783 2424 minus
810 2403 928 2436 aequor

218 2442 352 2473 alebat?
380 2442 492 2473 'rums
509 2448 584 2473 erat
601 2444 783 2475 rhombus!

261 2494 304 2523 24
329 2491 396 2522 Nec
411 2493 533 2521 tenuem
547 2493 642 2522 solers
660 2495 822 2523 turdarum
844 2503 930 2524 nosse

216 2541 362 2582 aulicam]
402 2541 519 2573 Nolim
547 2551 684 2583 quoque
713 2542 818 2583 palati
855 2552 929 2572 esse

219 2604 324 2636 supra
349 2593 485 2625 modunl
513 2592 663 2633 delicati,
679 2597 717 2623 ut
734 2593 926 2625 discernam

222 2645 400 2680 turdorum
416 2653 587 2689 saporem,
602 2644 802 2688 dignoscens
816 2654 926 2677 mares

969 991 988 1012 a
1005 979 1164 1019 firminis,
1182 979 1366 1020 sylvestres
1385 977 1427 1009 ab
1454 976 1494 1008 iis
1518 974 1574 1017 qui
1601 977 1680 1006 sunt

969 1032 1003 1062 in
1030 1030 1159 1062 aviario
1187 1028 1339 1068 educati,
1366 1027 1680 1059 cellariosaterra-

970 1082 1037 1120 riis,
1066 1086 1180 1122 pastos
1201 1080 1364 1121 junipero
1390 1079 1432 1110 ab
1459 1078 1552 1109 aliis:
1589 1075 1680 1119 quod

971 1137 1095 1163 norunt
1117 1133 1125 1148 ‘
1144 1130 1281 1172 quidam
1312 1131 1399 1170 gulae
1427 1129 1548 1169 dediti,
1573 1132 1681 1159 tantae

971 1181 1173 1213 subtilitatis
1192 1181 1343 1222 palatum
1358 1180 1538 1219 habentes,
1556 1183 1594 1210 ut
1610 1178 1683 1218 dig-

970 1236 1112 1263 noscant
1135 1230 1277 1262 turdos.'
1323 1230 1432 1261 Vetus
1461 1229 1681 1261 Scholiastes:

972 1283 1028 1325 qni
1054 1288 1089 1314 et
1114 1282 1224 1313 addit:
1258 1283 1266 1299 ‘
1288 1281 1467 1315 turdarum
1487 1280 1577 1311 dixit
1604 1279 1687 1310 abu·

971 1335 1054 1373 sive,
1086 1343 1160 1374 pro,
1191 1329 1394 1364 turdorum.'
1434 1333 1484 1363 Ut
1518 1330 1684 1362 Horatius

972 1385 1091 1425 ponit:
1129 1386 1138 1402 ⁴
1165 1385 1261 1414 Peue
1293 1393 1436 1422 macros,
1474 1383 1568 1421 arsit,
1606 1382 1684 1413 dnm

973 1437 1094 1468 turdos
1123 1441 1239 1467 versat
1262 1436 1297 1466 in
1323 1434 1418 1476 igni.'
1467 1434 1567 1466 Turdi
1594 1434 1686 1465 inter

974 1487 1129 1519 volatilia
1169 1486 1401 1518 celebrantur.
1446 1486 1538 1516 Plin.
1569 1493 1604 1516 x.
1632 1486 1686 1516 24.

975 1537 1161 1570 Atlienaeus
1184 1547 1224 1569 11.
1254 1540 1307 1568 24.
1340 1546 1382 1566 ex
1409 1535 1597 1566 Aristotele
1622 1535 1687 1566 tria

975 1592 1134 1620 recenset
1170 1587 1346 1618 turdorum
1387 1595 1524 1626 genera.
1562 1586 1687 1617 Horat.

976 1639 1090 1679 Epist.
1131 1647 1156 1669 1.
1193 1641 1244 1669 15.
1291 1638 1300 1654 ‘
1327 1636 1443 1667 Obeso
1481 1637 1530 1667 nil
1568 1636 1689 1668 melius

975 1688 1102 1720 turdo.'
1137 1688 1288 1719 Martial.
1307 1687 1407 1727 Epig.
1431 1695 1512 1717 xm.
1527 1689 1580 1718 92.
1604 1688 1613 1704 ‘
1632 1687 1689 1718 In-

977 1744 1029 1770 ter
1058 1748 1137 1769 aves
1169 1737 1301 1778 turdus,
1332 1737 1359 1767 si
1387 1737 1462 1778 quis
1487 1747 1540 1767 me
1568 1737 1687 1778 judice

977 1794 1088 1820 certet
1110 1801 1117 1820 :
1165 1789 1263 1820 Inter
1302 1787 1541 1829 quadrupedes
1579 1787 1688 1828 gloria

978 1839 1085 1880 prima
1102 1838 1225 1880 lepus.'

1021 1890 1175 1930 Salii-am]
1199 1888 1286 1921 Quia
1317 1898 1417 1929 sapor
1440 1887 1581 1919 salivam
1609 1887 1690 1928 ciet,

976 1940 1055 1971 hinc
1072 1949 1133 1980 pro
1151 1949 1271 1980 sapore
1290 1939 1396 1970 saliva
1418 1939 1569 1979 ponitur.
1615 1940 1688 1970 Do-

978 1996 1057 2022 cent
1074 1992 1182 2021 Varro
1198 1991 1220 2020 l.
1237 1999 1317 2021 vul.
1332 1989 1375 2020 de
1394 1989 1490 2029 Ling.
1505 1990 1580 2020 Lat.
1598 1988 1690 2020 Plin.

979 2042 1002 2073 l.
1025 2050 1136 2072 xxiii.
1156 2040 1317 2080 Propert.
1335 2039 1432 2079 Eleg.
1451 2047 1501 2069 iv.
1518 2041 1549 2069 9.

1022 2095 1062 2122 25
1090 2092 1193 2121 Messe
1214 2094 1303 2120 tenus
1315 2091 1444 2130 propria
1460 2088 1543 2128 vive]
1577 2089 1691 2122 Quan-

981 2147 1053 2174 tum
1082 2151 1124 2172 ex
1150 2141 1241 2181 agris
1271 2150 1336 2171 uno
1354 2150 1441 2171 anno
1457 2139 1599 2181 colligis,
1622 2144 1694 2172 tan-

981 2191 1131 2224 tumdem
1151 2190 1311 2231 impende
1329 2190 1391 2222 tibi
1406 2195 1442 2221 et
1459 2190 1533 2222 aliis
1550 2202 1557 2221 :
1594 2190 1692 2222 nihil·

980 2252 1045 2284 que
1064 2242 1200 2272 reserva
1217 2242 1250 2271 in
1269 2245 1469 2282 sequentem
1488 2250 1622 2271 annum.

1027 2293 1188 2325 Granni-iu
1204 2292 1312 2332 emole]
1339 2292 1457 2323 Grana
1473 2291 1596 2332 prioris
1613 2291 1692 2322 anni

981 2346 1088 2376 mole:
1126 2348 1236 2383 utere,
1255 2348 1417 2384 quantum
1437 2342 1518 2373 satis
1542 2342 1606 2373 erit
1629 2341 1692 2373 tibi

984 2406 1023 2426 ac
1047 2393 1187 2425 familiae
1216 2398 1303 2431 tuae;
1337 2392 1504 2432 reliquum
1521 2400 1603 2421 vero
1629 2391 1692 2421 lar-

985 2446 1057 2485 gire
1086 2443 1331 2484 indigentibus,
1379 2443 1443 2472 Fas
1469 2444 1535 2472 est:
1558 2451 1692 2482 aeqnum

985 2499 1038 2525 est
1061 2499 1095 2524 et
1112 2494 1213 2524 decet
1231 2493 1278 2522 sic
1297 2497 1331 2522 te
1349 2499 1450 2531 agere
1475 2490 1599 2522 divinae
1617 2501 1693 2532 pro·

985 2543 1146 2574 videntiae
1164 2541 1407 2572 confidentem.

1025 2596 1067 2624 26
1115 2592 1200 2627 Quid
1238 2590 1370 2630 metuas]
1422 2589 1476 2621 An
1515 2590 1691 2626 dubitabis

982 2644 1087 2676 horna
1106 2652 1212 2676 messe
1238 2642 1299 2684 uti,
1318 2646 1353 2673 et
1369 2641 1534 2673 insumere
1553 2651 1692 2685 conges-
