1888 3032
669 146 830 177 PERSH

133 242 289 281 πρόσωπα.
315 241 582 273 Casaubon.—--1d
601 243 759 282 caniciem,
771 240 840 280 ἔξω]

133 294 239 324 Senes
263 293 427 324 describit
445 303 464 323 a
480 293 594 333 Signo,
611 292 645 323 id
659 298 726 331 est,
741 291 841 324 Cani-

134 344 192 382 tie,
209 348 244 374 et
262 342 416 374 Effectu:
441 343 474 374 id
488 348 550 382 est,
565 343 654 374 tristi
669 347 704 374 et
720 352 838 373 severa

132 395 214 425 vita.
254 394 581 433 Lubin.—Nostrum·‚
597 393 666 434 85c.]
716 393 840 433 Figura

131 445 255 476 Graeca
268 450 332 485 est,
346 455 404 485 pro
418 451 566 476 nostram
583 445 683 475 vitam
695 443 837 474 tristem.

136 497 206 529 Vet.
222 496 295 527 Sela.

175 550 214 578 10
241 548 284 577 Et
301 546 438 586 nucibus,
453 545 518 586 ἐξα]
560 545 637 576 Νοῃ
655 548 837 576 contentus

132 598 235 637 poeta
252 598 454 638 simpliciter
476 596 602 633 dicere,
626 595 729 626 vitam
751 595 838 625 male

129 649 171 679 ab
210 649 292 689 ipsis
331 647 506 678 collocari:
546 646 690 686 amplius
726 645 837 685 addit,

130 704 237 730 totam
255 709 273 729 a
290 697 486 730 carceribus
503 696 545 727 ad
563 701 707 734 metam3
742 695 834 736 quod

129 750 202 789 ipse
219 748 375 789 designat
400 754 555 779 extrema
581 747 670 777 illius
692 755 835 787 ponens,

126 799 389 829 adolescentiam
406 803 441 829 et
455 802 675 828 senectutem.
718 796 836 827 Virilia

127 859 210 889 ergo
226 850 337 880 studia
352 854 387 880 et
404 850 584 880 transitum
608 860 627 880 a
649 848 835 889 puerilibus

126 898 224 939 nugis
253 899 295 929 ad
328 899 476 930 virorum
505 909 615 939 curas,
652 899 715 938 hac
748 898 835 939 peri-

129 950 243 989 phrasi
270 950 450 990 expressit.
513 949 616 980 Nuces
644 949 757 990 itaque
788 959 835 979 re-

127 1001 264 1040 linquere
290 1000 391 1039 dixit,
417 1009 478 1041 pro
496 999 546 1030 vir
568 998 655 1039 fieri,
673 1005 707 1030 et
724 999 834 1030 virilia

125 1051 264 1091 negotia
279 1061 470 1092 capessere.
512 1050 832 1082 Cusanbon.-Nuci-

127 1100 338 1141 bzwsacimus]
363 1101 446 1133 Cuni
461 1101 591 1133 videam
607 1111 663 1133 eos
678 1101 832 1142 improbe

127 1162 240 1191 agore,
254 1154 310 1194 qui
324 1153 464 1184 nucibus
482 1158 515 1183 et
531 1153 717 1193 puerilibus
735 1153 834 1192 nugis

127 1202 254 1233 relictis
299 1203 425 1233 virilem
468 1203 649 1234 sumserint
693 1207 829 1243 togam:

126 1258 161 1283 et
186 1262 269 1294 quos
293 1252 366 1293 jam
391 1262 492 1283 canos
517 1252 705 1283 existentes
731 1262 833 1292 sapu—

125 1303 189 1333 isse
219 1303 386 1343 oportuit,
409 1312 473 1334 nec
505 1302 722 1341 carminibus,
757 1312 832 1343 quae

121 1354 286 1427 ιῐιιῖειιιιη]
315 1355 407 1386 lusus
425 1359 515 1395 sunt,
532 1354 712 1385 immorari.
751 1354 832 1385 Far-

128 1408 165 1427 ntl
191 1421 199 1428 .

170 1450 207 1478 ll
236 1448 324 1486 Cum,
340 1447 408 1487 Esca]
447 1447 502 1478 Sic
531 1447 670 1478 Cicero:
703 1445 830 1485 Objur-

126 1497 218 1530 ‘savit
253 1498 406 1536 Caelium,
444 1502 481 1528 ut
512 1497 648 1538 quidam
692 1502 832 1536 patruus

128 1548 269 1578 Censor.
288 1547 356 1578 Vet.
371 1546 670 1586 Scla.—Cun1‚‹5·c.]
699 1547 832 1578 Quarta

127 1607 242 1628 senum
267 1602 347 1628 nota
374 1598 416 1628 ab
445 1596 606 1637 adjuncta
631 1598 829 1627 severitate.

126 1648 210 1678 Cum
236 1657 349 1678 sumus
375 1657 534 1678 censores
556 1652 590 1678 et
609 1647 831 1687 castigatores

125 1698 306 1737 minorum,
333 1707 408 1728 cum
429 1698 573 1737 honesti,
599 1697 713 1728 tetrici
729 1701 764 1727 et
781 1706 832 1726 se-

125 1747 195 1778 veri
209 1757 338 1778 morum
349 1757 505 1779 censores
520 1757 646 1787 sumus,
659 1751 695 1778 et
706 1746 768 1777 viri
781 1756 831 1777 se-

128 1799 199 1829 xeri
228 1799 414 1830 existimari
442 1799 605 1830 volumus.
662 1798 745 1828 Cum
773 1797 833 1827 illa

121 1849 194 1889 jam
217 1854 322 1880 aetate
340 1859 466 1887 sumus,
493 1853 530 1879 et
556 1848 587 1878 in
616 1847 755 1878 aliorum
777 1847 833 1886 ju-

127 1899 259 1930 niorum
278 1899 382 1930 vitam
400 1903 433 1929 et
448 1908 558 1930 mores
573 1898 763 1929 accuratius
778 1897 833 1927 ‹le-

124 1950 282 1981 beremus
309 1947 697 1991 inquirere.—Sapi1nus]
744 1948 832 1978 Tan-

124 2005 195 2032 tum
232 2001 378 2032 adsimus
417 2005 579 2042 quantum
615 1998 742 2039 patrui,
780 1998 833 2029 vel

124 2062 202 2084 cum
233 2056 513 2093 repraesentamus
540 2054 576 2080 et
605 2048 699 2090 quasi
738 2048 834 2080 redo-

894 145 998 175 SA'r.
1034 145 1064 175 1.
1517 130 1602 172 197

894 239 999 273 Quasi
1024 238 1137 270 dicat:
1167 238 1265 269 Tunc
1283 236 1417 268 demum
1435 235 1533 266 video
1550 234 1600 266 fas

893 300 981 329 esse,
1005 296 1086 321 tunc
1105 290 1203 320 video
1221 298 1352 329 aequum
1370 296 1454 325 esse,
1480 291 1517 317 ut
1542 287 1602 316 Sa-

894 346 1003 381 tyram
1032 340 1193 371 scribam:
1229 339 1321 379 Ergo
1344 338 1503 378 Satyram
1521 336 1602 368 scri-

892 391 981 421 bam.
1005 390 1264 429 Lubin.—T1mc,
1287 388 1371 428 cum]
1419 387 1518 418 Tunc
1547 386 1597 417 fas

892 451 966 473 esse
984 442 1116 482 judico,
1138 441 1257 472 urbem
1282 441 1421 471 Romam
1447 438 1596 478 satyrico

893 493 964 522 sale
978 491 1163 523 defricare.
1203 490 1400 522 Orationem
1413 488 1598 528 abrumpit,

893 542 988 582 quasi
1008 551 1078 581 prae
1093 542 1268 572 stomacho
1283 541 1378 581 plura
1391 549 1458 570 non
1473 544 1598 579 posset.

892 591 1283 630 casaubon—*Ignoscitffi
1317 589 1400 629 uolo]
1449 590 1599 620 Excusat

890 651 971 682 ergo
985 651 1020 672 se
1032 645 1068 672 et
1080 647 1167 681 orat,
1180 646 1217 672 ut
1231 640 1295 671 sibi
1310 640 1438 670 nolenti
1452 639 1599 680 quidem,

889 692 949 723 sed
980 697 1100 723 coacto
1127 692 1284 733 Satyram
1313 691 1527 722 conscribere
1550 690 1599 731 ig-

888 748 1046 775 noscant.
1095 743 1136 774 Id
1167 747 1229 782 est,
1261 741 1434 784 Ignoscite
1463 741 1554 780 mihi,
1579 752 1598 772 ο

888 793 1044 833 Romani,
1069 803 1133 834 ego
1158 793 1235 823 nolo
1254 792 1390 834 quidem
1407 790 1465 821 sed
1483 800 1598 830 cogor.

887 843 1005 875 Lubin.
1050 843 1115 874 Vel
1140 843 1272 874 veniam
1288 841 1370 873 facti
1388 841 1489 882 petit,
1506 841 1595 882 quod

887 895 973 925 alter
988 894 1093 925 verbo
1111 897 1225 934 negat.

931 948 971 975 12
997 943 1223 983 Quidfaciam‚
1240 944 1309 984 ⁸5⁶]
1347 942 1454 975 Quasi
1482 941 1593 972 dicat:

886 995 957 1034 Ego
973 996 1050 1026 nolo
1066 994 1218 1035 quidem,
1245 993 1305 1024 sed
1323 1001 1448 1034 cogor:
1474 991 1595 1032 probat

885 1045 931 1076 id.
979 1044 1070 1078 Quid
1095 1044 1184 1075 euim
1202 1042 1338 1083 faciam,
1357 1041 1524 1084 quomodo
1542 1052 1594 1073 me

885 1095 1068 1126 continebo
1097 1099 1133 1126 et
1160 1093 1372 1134 temperabo,
1399 1093 1424 1123 si
1442 1093 1475 1123 in
1493 1093 1594 1123 risum

885 1156 956 1177 sum
974 1146 1145 1185 lascivior,
1156 1146 1183 1175 si
1200 1155 1272 1175 sum
1286 1149 1322 1174 ut
1336 1154 1420 1180 sum,
1436 1143 1478 1173 ad
1493 1143 1593 1173 risum

884 1198 1078 1238 Satyricum
1095 1195 1264 1237 profusior
1279 1194 1510 1234 ἓ-Ρείαἶαηίἰ,
1524 1194 1593 1234 &c.]

886 1247 1061 1278 Cachinno
1092 1256 1215 1277 nomen
1245 1250 1309 1282 est,
1338 1250 1374 1276 et
1400 1245 1595 1276 declinatur

886 1307 947 1338 per
967 1307 1083 1328 omues
1105 1307 1216 1336 casus,
1242 1296 1292 1327 hic
1311 1296 1478 1334 Cachinno,
1503 1295 1594 1333 hujus

887 1348 1105 1379 Cachinnonz's.
1154 1347 1343 1378 Cachinnus
1357 1351 1405 1377 est
1419 1355 1495 1376 cum
1508 1355 1592 1376 voce

884 1399 970 1429 risus
988 1398 1158 1438 lascivior,
1184 1408 1283 1439 quem
1300 1396 1416 1428 Graeci
1432 1395 1448 1413 ³¹¹
1464 1393 1593 1435 μονογέ·

884 1461 993 1488 ροντας
1005 1449 1136 1480 dicunt.
1174 1450 1220 1480 Et
1230 1447 1415 1479 secundum
1427 1446 1591 1487 Physicos

885 1500 983 1539 dixit,
1008 1500 1065 1540 qui
1083 1499 1222 1530 tradunt
1238 1497 1390 1528 homines
1415 1497 1531 1536 splene
1549 1496 1591 1526 ri-

884 1549 979 1589 dere,
995 1548 1075 1579 felle
1092 1548 1203 1588 irasci,
1215 1548 1332 1589 jecore
1347 1555 1471 1585 amare,
1487 1545 1590 1576 corde

884 1609 1016 1640 sapere,
1033 1600 1190 1639 pulmone
1202 1597 1342 1639 jactari.
1388 1597 1458 1628 Vet.
1473 1595 1592 1626 Seli.—

884 1650 1047 1681 Petulantt'
1071 1649 1189 1690 splene]
1241 1647 1418 1689 Improbo,
1448 1646 1593 1678 inconti-

883 1701 992 1739 nenti,
1017 1700 1168 1741 procaci,
1190 1698 1330 1736 lascivo,
1352 1702 1387 1729 et
1403 1696 1495 1738 quasi
1512 1706 1590 1728 cum

883 1751 1057 1792 voluptate
1071 1749 1212 1780 aliorum
1229 1748 1312 1778 vitia
1323 1746 1488 1778 irridente
1502 1746 1590 1786 sple-

882 1801 1112 1840 ne.-—Splene]
1165 1798 1268 1831 Quasi
1297 1797 1441 1836 diceret,
1463 1796 1590 1827 ‘Natu-

883 1861 954 1881 ram
971 1850 1122 1890 expellas
1146 1848 1253 1888 furca,
1279 1852 1390 1878 tamen
1415 1856 1522 1888 usque
1538 1856 1589 1877 re-

883 1899 1022 1931 curret!
1068 1899 1124 1930 Sic
1141 1898 1229 1929 enim
1254 1897 1322 1935 ait;
1357 1896 1485 1928 factum
1510 1905 1545 1927 se
1569 1906 1589 1927 a

884 1955 1007 1981 natura
1023 1949 1278 1986 cachinnonem,
1301 1947 1415 1988 itaque
1432 1946 1513 1977 velit
1530 1955 1589 1977 no-

884 2001 925 2031 lit
940 2000 1055 2031 oblata
1081 2009 1118 2030 re
1147 1999 1300 2036 ridicula,
1330 1997 1430 2028 risum
1452 1996 1515 2028 sibi
1531 2006 1588 2027 ne-

884 2050 1028 2082 cessario
1052 2049 1188 2081 oboriri.
1233 2048 1382 2079 Petulaus
1408 2048 1503 2088 splen,
1530 2047 1587 2088 qui

124 2105 233 2135 temus
262 2109 413 2144 patruos,
436 2102 469 2133 id
496 2108 562 2141 est,
588 2109 757 2139 censores,
774 2099 834 2130 ob·
875 2102 970 2142 justo
984 2100 1092 2141 majus
1109 2099 1257 2140 spatium
1270 2102 1367 2139 petat
1377 2104 1413 2130 et
1426 2103 1588 2138 occupet.

120 2155 331 2195 jurgatores.
369 2152 549 2183 Horatius:
585 2151 661 2182 ‘Ne
691 2151 734 2180 sis
773 2159 832 2190 pa-

125 2210 222 2235 truus
234 2201 542 2242 milii.'——S‹1pimns]
565 2200 768 2232 Subtnmida
778 2204 832 2231 est

125 2254 342 2296 reprehensio
369 2254 402 2284 in
431 2253 540 2293 prima
564 2261 718 2292 persona.
773 2251 830 2282 Vi-

122 2306 247 2336 dentur
269 2305 342 2335 haec
364 2304 488 2342 omnia,
514 2303 556 2333 ab
582 2311 687 2343 usque
703 2303 756 2332 sed
773 2301 830 2339 sas

121 2360 206 2394 tnnc,
221 2365 287 2386 non
305 2356 421 2395 inepte
436 2354 503 2384 dici
517 2363 615 2394 posse
630 2363 671 2383 ex
686 2362 832 2393 persona

123 2406 316 2445 Monitoris,
343 2406 478 2446 po'etam
504 2404 683 2443 monentis,
706 2413 749 2434 ne
767 2403 830 2434 sibi

117 2455 254 2496 juvenis
281 2455 473 2487 censoriam
503 2454 647 2494 arripiat
678 2453 829 2493 virgam3

123 2506 261 2546 majoris
279 2505 352 2538 fore
370 2505 584 2537 auctoritatis
601 2510 636 2536 et
657 2504 829 2545 ponderis,

123 2556 150 2586 si
167 2557 299 2596 quando
316 2567 478 2588 canorum
495 2561 529 2587 et
543 2566 704 2587 annorum
721 2555 828 2597 gravi-

124 2609 196 2635 tate
223 2607 422 2645 spectabilis
444 2611 479 2638 ct
500 2606 679 2645 verendus,
695 2606 729 2637 in
745 2606 829 2637 vitia

123 2654 314 2690 invehatur.
340 2657 621 2696 Farnab.——Tunc,
644 2657 731 2697 tunc]
765 2657 828 2687 Est

122 2705 217 2748 quasi
243 2707 413 2738 conclusio
428 2708 610 2749 syllogismi
631 2707 826 2749 superioris.

885 2149 1239 2190 Casuum—Cachinna]
1270 2148 1477 2180 Nominandi
1494 2157 1584 2178 casu.

882 2202 994 2233 Homo
1022 2201 1138 2231 irrisor
1163 2205 1198 2230 et
1223 2200 1255 2229 in
1280 2198 1381 2229 risum
1406 2196 1584 2238 profusior.

881 2253 927 2283 Et
954 2251 1019 2281 hue
1050 2260 1156 2291 usque
1184 2249 1217 2279 in
1247 2258 1371 2288 genere
1399 2248 1584 2278 vanitatem

881 2301 1027 2333 omnium
1045 2301 1270 2331 Romanorum
1287 2298 1410 2339 arguit.
1434 2297 1583 2329 Lubinus.

926 2355 964 2383 13
989 2351 1170 2389 Scribimus,
1185 2348 1255 2390 ξω]
1302 2349 1380 2381 dam
1409 2348 1443 2379 in
1469 2348 1585 2389 specie

881 2402 1066 2444 partitione
1098 2400 1191 2432 facta
1213 2399 1435 2440 reprehendit
1458 2399 1585 2430 Poetas

879 2458 915 2484 et
946 2453 1125 2491 Oratores,
1164 2461 1348 2492 eorumque
1387 2451 1583 2487 auditores;

880 2508 915 2534 et
937 2503 1033 2533 initio
1058 2502 1193 2543 quidem
1218 2502 1357 2541 Poeias,
1382 2505 1582 2541 argumento

878 2559 988 2585 sumto
1005 2564 1024 2584 a
1038 2552 1118 2594 fine,
1146 2552 1236 2593 quod
1252 2552 1442 2582 scriberent
1466 2549 1507 2579 ad
1524 2559 1583 2589 po-

878 2605 948 2645 puli
966 2604 1148 2644 applausus
1164 2601 1394 2641 aucupandos.
1447 2599 1489 2629 Id
1516 2603 1580 2638 est,

878 2655 949 2686 Nos
965 2653 1085 2685 Poetae
1113 2656 1150 2684 et
1173 2655 1323 2683 oratores
1348 2648 1486 2679 Romani
1506 2658 1581 2688 pas-

875 2705 938 2736 sim
955 2704 1148 2742 scribimus,
1165 2707 1200 2733 et
1227 2709 1345 2741 prorsa
1370 2704 1405 2730 et
1422 2708 1519 2730 vorsu
1535 2697 1581 2730 fa-
