1888 3032
219 107 307 149 :286
691 113 900 144 No'rrrlA
935 112 1215 143 LITERARIA

221 223 309 268 post
329 215 496 254 auctoris
517 220 680 251 mortem
701 212 870 257 abolitis,
900 217 1034 261 utpote
1067 211 1233 262 indignis
1262 212 1364 259 luce,
1400 213 1503 250 solus
1537 211 1585 250 ad
1616 224 1685 249 nos

220 283 389 332 pervenit
412 281 507 317 IIbrr
523 292 586 316 sex
607 278 826 315 Satirarum
849 280 859 296 ¹
883 276 1032 331 doctus·
1046 282 1084 314 et
1104 282 1275 326 argutus,
1306 277 1370 313 sed
1391 290 1479 314 cum
1500 275 1650 314 acerbis
1670 277 1688 294 2

221 347 363 384 salibus
385 346 533 395 plenus,
555 350 635 381 tum
657 343 706 380 ita
728 342 932 387 obscurus,
949 347 991 378 ut
1005 347 1212 392 propterea
1231 340 1421 392 aliquibus
1442 339 1687 391 abjiciendus

219 424 299 449 esse
320 410 527 447 videretur.

828 547 1078 586 CODICES.

276 687 461 727 Codicem
483 687 600 725 Persii
620 686 807 736 scriptum
826 685 1136 735 antiquissimum
1166 683 1205 721 in
1237 683 1480 721 Bibliotheca
1497 681 1688 732 praedica-

219 759 348 790 torum
357 751 717 788 vindobonensium
736 756 932 794 memorat,
947 763 993 786 ex
1007 761 1131 798 eoque
1146 761 1296 785 versum
1312 748 1423 785 affert
1437 746 1633 784 Vadianus
1648 746 1688 783 in

222 816 396 867 Epistola
415 816 464 852 ad
486 815 591 853 Rud.
613 814 850 865 Agricolam,
874 827 951 864 qua
970 814 1086 851 Melae
1108 825 1178 849 suo
1195 812 1390 862 praefatur.
1431 810 1627 849 Juvenalis
1649 816 1689 848 et

220 881 335 918 Persii
356 887 482 917 autem
502 879 628 917 codex
651 892 724 916 scr.
756 878 792 915 iu
827 878 927 915 Bibl.
951 876 1179 914 Gersdorfia
1210 877 1248 912 in
1272 874 1522 925 Ephemerid.
1544 874 1686 912 literar.

220 945 327 995 Lips.
353 950 468 988 1710.
489 949 738 988 memoratur,
774 943 943 992 itemque
977 940 1129 979 Ludov.
1165 939 1375 978 Cendratae
1404 947 1507 976 notae
1528 939 1627 976 Mss.
1647 937 1687 974 in

222 1011 303 1047 Sat.
326 1021 354 1047 1.
375 1016 413 1046 et
435 1021 485 1047 11.
506 1009 544 1045 in
564 1007 809 1045 Bibliotheca
829 1005 1138 1056 Rhedigeriana:
1168 1005 1204 1041 in
1230 1004 1376 1042 Labbei
1395 1010 1524 1041 autem
1544 1002 1689 1040 Biblio-

220 1073 332 1110 theca
366 1086 464 1110 nova
499 1073 597 1110 Mss.
629 1084 670 1121 Ρ.
700 1069 766 1109 68.
788 1075 996 1109 comment.
1022 1070 1061 1107 in
1090 1070 1261 1107 Persium
1295 1069 1518 1119 Cantalycii
1551 1081 1572 1105 e
1598 1068 1689 1106 Sec.

221 1137 346 1175 xm.3

890 1241 922 1272 N
929 1241 1030 1272 OTAE

265 1348 282 1377 1
300 1346 342 1376 P.
362 1345 519 1376 Pithoeus
545 1349 705 1386 testatur,
728 1346 762 1377 in
786 1347 926 1388 antiquo

221 1396 290 1427 Ms.
319 1396 469 1436 singulas
499 1397 640 1437 paginas
670 1397 757 1428 hanc
785 1398 927 1438 inscrip-

220 1446 347 1477 tionem
360 1456 430 1486 prae
446 1456 481 1477 se
497 1447 637 1477 tulisse:
653 1447 662 1463 ‘
676 1447 926 1478 'l‘hebaidorum

219 1496 332 1527 Persii
349 1495 484 1535 Satira,’
503 1497 582 1526 etin
596 1501 749 1528 extremo
766 1509 772 1528 :
792 1498 800 1513 ‘
812 1498 928 1538 Expli—

220 1547 292 1578 cuit
314 1547 427 1578 Persii
450 1547 703 1578 Thebaidoruin
726 1549 838 1579 Satira
854 1548 928 1579 feli-

219 1598 331 1629 citer.'

264 1651 283 1679 2
301 1648 394 1679 Hinc
418 1648 525 1679 Severi
554 1650 821 1689 appellationem
847 1650 928 1680 Per-

221 1698 290 1729 sius
308 1699 398 1737 tulit,
417 1705 454 1730 ut
472 1699 623 1729 Lucilius
639 1710 656 1730 a
673 1700 840 1732 Juvenale
858 1700 927 1730 dic-

220 1753 275 1780 tus
294 1754 348 1779 est
364 1751 485 1788 ardens,
503 1750 658 1780 Catullus
670 1751 828 1780 doctus-ab
847 1750 927 1780 Ovi-

221 1798 289 1838 dio,
317 1798 480 1829 Horatius
504 1810 523 1829 a
543 1799 661 1830 Persio
678 1799 765 1837 wiser
787 1801 926 1838 dicitur,

219 1849 397 1880 Lucretius
424 1859 443 1879 a
466 1850 604 1880 Lucano
628 1851 773 1891 difficilia.
799 1850 927 1882 Confer

220 1901 319 1932 Baelii
333 1901 487 1932 Lexicon
504 1902 535 1931 in
554 1902 688 1941 Persio,
714 1902 770 1943 qui
786 1910 929 1942 propter

220 1951 425 1992 singularem
456 1953 642 1983 carminum
680 1952 928 1983 obscuritatem

218 2011 285 2033 non
300 2001 437 2033 dubitat
454 2003 652 2034 Latinorum
666 2003 925 2043 Lycophronein

221 2053 409 2092 appellare.
449 2054 570 2093 Neque
588 2054 741 2093 ignotum
759 2058 822 2094 est,
836 2053 925 2094 quod

220 2102 347 2142 passim
379 2108 539 2134 narratur
569 2103 611 2133 de
643 2104 676 2133 S.
703 2104 925 2144 Hieronymo,

220 2152 355 2193 quinon
374 2154 512 2193 capiens
525 2155 597 2196 ejus
611 2155 786 2193 tenebras,
804 2156 812 2171 ‘
827 2155 926 2184 iutel-

218 2203 359 2233 leeturis
374 2204 509 2244 ignibus
522 2204 579 2235 illa
591 2205 709 2242 deditss
719 2205 926 2245 abjectoque

218 2253 304 2284 libro
322 2256 330 2271 ‘
348 2255 374 2284 si
391 2265 457 2288 uon
476 2256 524 2285 vis
540 2256 707 2294 intelligi‚’
727 2255 825 2294 dixit,
840 2256 849 2271 ‘
861 2265 926 2285 non

220 2303 324 2334 debes
341 2305 427 2342 lezi?
472 2306 588 2341 Minus
603 2306 765 2346 praeclare
783 2305 824 2335 de
841 2305 925 2335 Per-

220 2352 269 2383 sio
295 2355 397 2384 sentit
424 2356 594 2385 Vavassor
616 2355 702 2385 libro
731 2355 772 2386 de
794 2355 926 2386 ludicra

220 2402 370 2434 dictione
389 2415 418 2441 μ.
439 2408 512 2434 239.
533 2416 581 2445 sq.

264 2453 570 2484 3C0n11u=1ni⁴·avit
595 2459 630 2484 et
658 2455 834 2485 nobiscum
864 2466 925 2496 pro

219 2503 431 2542 benignitate
447 2514 507 2533 sua
524 2505 661 2544 egregia
681 2506 739 2534 vir
757 2506 923 2537 illustriss.

220 2557 257 2584 et
284 2558 444 2593 patronus
476 2554 572 2583 nobis
600 2563 729 2584 summo
762 2555 924 2585 colendus

213 2613 338 2643 opere,
350 2604 580 2643 Heideggerus,
593 2603 808 2644 amplissimae
824 2604 924 2644 Reip.

219 2653 416 2691 Turicensis
448 2664 468 2686 a
499 2653 649 2686 consiliis
679 2658 716 2685 et
743 2653 924 2696 Tribunus,

983 1347 1147 1378 Codicem
1178 1347 1289 1378 Persii
1312 1347 1378 1378 Ms.
1396 1347 1612 1378 chartaceum
1628 1345 1688 1378 fol.

982 1398 1064 1428 min.
1097 1398 1156 1428 sed
1180 1398 1352 1438 juniorem
1387 1406 1531 1438 eumque
1565 1398 1689 1429 saeculo

982 1456 1043 1478 xv.
1061 1449 1225 1488 scriptum
1240 1449 1280 1479 ab
1306 1447 1438 1478 Adamo
1460 1448 1614 1479 IVernher
1627 1449 1690 1479 Te-

982 1500 1141 1537 marensi,
1169 1499 1211 1530 ab
1237 1509 1291 1530 an.
1325 1501 1418 1529 1483.
1445 1499 1487 1529 ad
1513 1508 1567 1529 au.
1594 1501 1690 1531 1491.

984 1548 1196 1588 paedagogus
1221 1549 1247 1579 is
1264 1548 1331 1579 fuit
1348 1548 1509 1579 Ludovici
1525 1549 1688 1590 principis

983 1598 1127 1630 haeredis
1145 1599 1407 1638 Archipalatini‚
1417 1604 1487 1629 tum
1500 1598 1592 1630 Prof.
1604 1599 1690 1640 pub·

984 1648 1164 1688 licusjuris
1181 1650 1262 1680 Can.
1289 1649 1321 1678 in
1350 1648 1458 1680 Acad.
1483 1649 1689 1680 Heidelber-

983 1701 1092 1740 gensi,
1116 1700 1296 1730 defunctus
1325 1700 1358 1730 d.
1386 1703 1417 1731 7.
1446 1701 1542 1740 Sept.
1569 1702 1689 1739 1537.;

982 1750 1090 1791 (quod
1123 1750 1239 1781 docuit
1277 1749 1328 1780 vir
1365 1750 1589 1789 doctissimus,
1628 1750 1688 1781 sed

983 1804 1187 1840 pramnature
1204 1800 1288 1830 vivis
1315 1806 1454 1840 ereptus
1479 1801 1556 1831 Car.
1577 1801 1692 1841 lisand,

985 1849 1080 1881 Prof.
1097 1851 1184 1890 eloq.
1204 1856 1237 1880 et
1254 1851 1333 1881 hist.
1347 1851 1508 1881 Heidelb.
1521 1851 1554 1881 in
1570 1860 1687 1891 progr.

985 1901 1027 1931 de
1057 1901 1188 1941 origine
1220 1906 1254 1931 et
1282 1911 1395 1942 progr.
1426 1901 1492 1932 fac.
1518 1901 1628 1942 jurid.
1653 1903 1689 1933 in

983 1951 1094 1986 Acad.
1115 1952 1276 1983 Heidelb.
1293 1953 1333 1984 P.
1351 1962 1390 1983 11.
1409 1963 1440 1993 p.
1460 1955 1510 1983 14.
1526 1956 1561 1983 et
1575 1962 1630 1984 111.
1653 1963 1688 1993 p.

983 2006 1012 2033 2.
1041 2013 1090 2044 sq.
1116 2002 1217 2034 Adde
1246 2003 1318 2043 ejus
1345 2003 1555 2043 epitaphium
1584 2003 1618 2034 iu
1636 2004 1687 2035 M.

980 2051 1103 2083 Adami
1130 2052 1262 2093 Apogr.
1291 2053 1446 2084 Monuni.
1470 2053 1632 2086 Heidelb.
1653 2064 1689 2094 p.

982 2102 1051 2144 15.)
1067 2104 1170 2144 poeta
1197 2104 1231 2135 id
1258 2104 1418 2144 temporis
1446 2104 1535 2135 haud
1564 2104 1688 2136 incele-

981 2153 1062 2192 bris,
1079 2153 1195 2195 (quem
1213 2158 1248 2185 et
1265 2155 1446 2185 Reuchliui
1462 2155 1613 2187 amicitia
1627 2154 1687 2187 flo—

981 2206 1087 2236 ruisse
1106 2216 1185 2245 uon
1224 2210 1370 2238 testatur
1401 2207 1507 2237 solum
1536 2207 1688 2238 tetrasti-

983 2257 1081 2287 chum
1109 2267 1127 2287 a
1157 2257 1304 2288 Wundio
1336 2267 1377 2287 ex
1410 2259 1512 2288 Cour.
1541 2258 1687 2290 Gesneri

982 2307 1063 2338 bibl.
1098 2308 1190 2338 univ.
1222 2318 1253 2348 p.
1285 2310 1317 2338 3.
1342 2308 1538 2348 adductum,
1567 2309 1626 2339 sed
1650 2314 1686 2341 et

982 2358 1127 2388 Carmen
1159 2358 1193 2388 in
1226 2358 1299 2398 ejus
1330 2359 1464 2388 laudem
1493 2359 1621 2389 dictum
1650 2359 1686 2390 in

981 2407 1135 2438 scenicis
1151 2418 1399 2448 progymnasm.
1415 2409 1576 2441 Heidelb.
1589 2412 1685 2441 1498.

980 2459 1010 2486 4.
1027 2468 1035 2495 3
1061 2458 1137 2488 inde
1154 2468 1171 2487 a
1189 2458 1264 2489 Jac.
1282 2458 1482 2488 But-okardo
1502 2458 1535 2488 in
1554 2459 1683 2493 Connn.

980 2507 1022 2537 de
1040 2507 1164 2546 lingum
1189 2509 1248 2537 lat.
1275 2508 1307 2537 in
1325 2508 1508 2538 Germania
1524 2508 1603 2539 fatis
1619 2511 1684 2544 vol,

981 2564 1020 2585 11.
1038 2565 1072 2595 p.
1089 2559 1164 2587 262.
1182 2555 1250 2597 sq.)
1274 2557 1307 2587 Is
1323 2562 1436 2587 {uitem
1453 2558 1486 2588 in
1505 2558 1615 2590 Persii
1631 2560 1682 2597 sui

980 2604 1092 2637 fronte
1108 2607 1223 2647 posuit
1238 2606 1427 2648 epitaphium
1445 2619 1463 2639 a
1477 2619 1512 2640 se
1517 2609 1655 2651 fictum:
