1888 3032
734 173 915 204 §.frmi
950 174 1014 202 vl.

143 273 259 308 naton,
276 271 314 299 ut
329 268 404 299 vult
429 267 666 301 casaubonus:
695 269 729 301 id
750 274 813 310 est,
827 280 846 301 ο

144 320 349 362 Clirysippe,
372 321 399 352 si
416 325 514 362 potes
531 321 764 362 praescribere,
781 332 847 362 qua

143 372 177 402 in
201 372 432 412 propositione
459 372 579 403 Son-itis
605 371 846 413 quiescendum

141 422 185 452 sit
212 422 443 463 potissimum;
469 423 507 462 si,
528 423 677 465 inquam,
700 422 732 453 id
756 423 847 453 inve-

141 472 246 513 neris,
257 476 293 503 et
307 472 408 503 finem
425 479 555 504 certum
573 472 713 504 infinitae
726 483 848 513 propo-

143 522 300 553 sitionum
317 523 487 564 congeriei
504 523 679 561 statueris,
697 528 766 554 tuin
785 533 847 556 ego

142 581 227 603 meae
251 573 431 614 cupiditati
446 580 480 604 et
497 573 649 604 avaritiae
667 574 846 604 terminum

142 623 311 654 inveniam
326 635 334 662 3
358 624 389 655 id
407 628 471 662 est,
487 634 668 665 nunqnam.

184 673 312 713 :icen-2⁴]
335 673 469 705 Soriten
496 674 672 715 intelligit,
698 684 771 715 quae
796 684 848 705 ar-

143 724 355 763 gumentatio
378 729 432 756 est
448 734 588 756 acervus
614 734 677 756 ceu
694 725 848 756 cumulus

142 775 425 816 propositionum,
440 786 515 817 quae
539 775 572 806 in
588 774 755 806 infinitum
773 785 847 816 pro-

143 826 238 866 gredi
264 836 363 867 posse
380 826 557 857 videntur:
584 826 673 856 unde
701 835 763 866 pei·
782 826 848 856 iro-

143 877 232 907 niam
249 876 337 907 dixit
359 877 497 907 Persius
514 876 653 918 finz'tom
675 881 711 907 et
739 876 848 916 addit,

143 927 214 962 tui,·
237 927 316 968 quia
332 926 556 958 dissolvendae
577 927 672 958 istius
689 926 849 957 acervalis

143 977 446 1017 argumentationis
456 977 619 1007 rationem
630 976 850 1017 investigavit

143 1028 365 1068 Chrysippus,
390 1031 425 1058 et
447 1027 490 1058 de
508 1037 550 1058 ea
566 1031 712 1069 quatuor
729 1026 848 1058 Libros

143 1078 316 1119 ‹ci-ipsisse
331 1078 453 1110 fertur.
490 1078 612 1110 Horat.
629 1078 739 1118 Epist.
756 1087 797 1109 11.
816 1081 847 1110 1.

142 1134 150 1145 ‘
172 1129 262 1160 Dum
290 1128 393 1160 cadat
419 1130 530 1160 elusus
557 1129 690 1160 ratione
718 1128 846 1160 ruentis

144 1179 280 1212 acervi!
324 1180 526 1221 Exemplum
549 1179 670 1211 Soritis
687 1185 739 1211 est
756 1178 847 1220 apud

144 1231 344 1264 Ciceronem
368 1233 503 1264 Tuscul.
525 1233 661 1265 Quaest.
681 1242 716 1264 v.
740 1241 773 1262 n.
794 1234 847 1263 45.

1521 162 1605 204 187

904 270 961 300 ubi
978 270 1084 301 solum
1112 269 1288 300 honestum
1316 277 1398 302 esse·
1417 269 1542 301 honum
1559 268 1609 300 sic

902 320 1068 362 probatur
1079 331 1140 362 per
1151 321 1298 362 quinque
1311 319 1435 361 gradus
1450 331 1457 351 ε
1483 320 1491 336 ‘
1506 318 1610 352 Quie-

903 372 983 412 quid
1001 376 1054 402 est
1070 371 1160 412 quod
1179 371 1303 402 bouum
1322 370 1378 410 sit,
1394 370 1427 401 id
1444 374 1610 410 expeten-

904 421 982 452 dum
1010 426 1086 453 est:
1110 421 1201 462 quod
1229 426 1342 452 autem
1367 420 1610 462 expetendum,

903 471 936 502 id
968 478 1063 504 certe
1093 472 1348 513 approbandum
1366 483 1374 504 :
1409 471 1498 514 quod
1528 481 1610 503 vero

902 523 1116 563 approbaris,
1144 523 1177 553 id
1205 528 1337 563 gratum
1360 528 1609 565 acceptumque

902 573 1094 604 habendum
1111 584 1119 611 3
1159 583 1239 614 ergo
1270 575 1371 605 etiam
1404 575 1548 616 dignitas
1577 573 1610 606 ei

903 623 1083 655 tribuenda
1099 629 1170 656 est:
1199 625 1286 666 quod
1305 625 1332 655 si
1354 626 1402 656 ita
1416 630 1481 665 est,
1496 625 1612 657 lauda-

903 673 972 704 bile
1003 674 1047 705 sit
1076 684 1217 705 necesse
1249 680 1298 705 est
1315 686 1321 705 :
1356 675 1479 706 bonum
1503 676 1610 717 igitur

903 734 1001 755 omne
1017 724 1202 757 laudabile.
1248 726 1299 756 Ex
1317 735 1382 767 quo
1400 725 1557 767 efficitur,
1573 730 1612 758 ut

904 774 992 815 quod
1016 775 1061 806 sit
1086 775 1278 816 honestum,
1300 775 1334 806 id
1361 777 1404 807 sit
1429 777 1534 808 solum
1552 777 1610 808 bo-

903 824 1007 855 num!
1032 825 1076 856 Et
1093 834 1118 856 1.
1136 825 1179 856 de
1197 825 1335 857 Natura
1350 827 1524 859 Deorum:
1549 828 1558 844 ‘
1575 827 1611 858 Si

903 875 964 906 Dii
982 881 1073 916 sunt,
1088 876 1179 907 beati
1194 881 1296 914 sunt3
1321 876 1347 907 si
1360 877 1466 918 beati,
1478 878 1610 909 virtute

903 926 1059 967 praediti;
1085 927 1111 957 si
1130 926 1276 966 virtutis,
1300 931 1336 958 et
1352 928 1492 959 rationis
1509 931 1611 959 erunt

904 987 1048 1018 capaces
1058 977 1078 1008 :'
1094 977 1184 1009 unde
1195 977 1413 1009 concluditur
1423 977 1506 1016 illic,
1516 979 1610 1008 Deos

904 1035 974 1058 esse
989 1027 1180 1058 hominibus
1196 1027 1343 1058 similes:
1368 1027 1458 1068 quod
1482 1027 1611 1059 ibidem

903 1076 1031 1108 refellit
1046 1077 1188 1108 Tullius.
1231 1078 1276 1108 Et
1291 1081 1385 1109 certe
1403 1082 1528 1109 norunt
1540 1087 1610 1109 om-

903 1137 962 1159 nes
979 1128 1112 1159 Soriten
1127 1138 1194 1158 non
1211 1133 1281 1159 tam
1301 1138 1374 1159 esse
1393 1133 1609 1171 argumenta-

903 1177 1030 1208 tionem
1057 1178 1255 1218 legitimam,
1286 1182 1425 1214 rectam,
1453 1182 1608 1216 certam3

903 1239 1002 1272 quam
1018 1229 1199 1271 argutiam,
1217 1235 1252 1260 et
1269 1228 1533 1260 cavillationem.
