1888 3032
674 162 834 194 PERSII

150 255 259 288 Erant
274 259 389 287 autem
404 255 496 298 apud
521 256 691 288 Romanos
712 261 855 289 tessera-

150 318 224 340 rum
239 311 276 339 et
291 308 436 339 talorum
453 307 536 341 ludi.
582 309 628 341 Et
648 314 777 341 tessera
793 319 853 341 sex

149 359 314 391 lateribus
331 359 385 402 (ut
402 360 491 401 apud
509 362 675 399 nosvtalus
693 360 853 402 quatuor)

148 411 481 451 constabat.—Quid,
509 412 579 453 Qu]
617 412 718 443 Senio
745 412 854 452 major

149 460 289 493 missus:
322 467 360 493 ut
376 462 507 501 Scaeva,
522 462 712 502 Immerito,
728 462 852 503 inquit,

148 510 272 543 flebam
288 512 383 551 istas,
400 523 476 544 cum
503 523 639 554 semper
662 513 849 545 laudarem.

152 561 218 593 Vet.
235 562 451 603 Sch.—Quid‚
467 563 536 604 &ej
551 564 640 594 Nam
655 568 692 594 ut
707 564 850 606 quisque

147 613 223 644 talis
243 614 385 654 jactatis
409 615 580 646 senionem
604 614 755 655 miserat,
778 615 850 646 vin-

145 664 246 695 cebat
261 676 268 695 ε
294 665 345 695 siu
363 675 494 702 canem,
511 664 733 696 vincebatur:
765 665 849 697 Ideo

145 716 297 746 senionem
314 715 415 756 serre,
436 716 532 755 dicit,
557 716 620 747 hoc
639 721 703 757 est,
718 717 848 749 lucrum

144 765 346 797 conciliare:
383 772 419 798 at
443 777 547 798 canem
574 768 694 806 radere,
725 768 757 798 id
785 773 848 808 est,

141 814 262 847 damno
276 816 372 847 illato
388 827 458 848 rem
475 817 636 848 minuere.
671 817 804 849 Casaub.

186 869 229 898 49
253 867 428 907 Βαηιηοεα,
454 867 522 908 Sym]
568 868 610 899 Id
641 873 706 909 est,
737 869 847 900 unitas

138 917 246 957 jacta,
262 924 424 959 quantum
442 918 484 949 de
500 919 640 960 reliquis
659 919 763 959 jactis
785 930 846 950 nu-

140 968 243 999 meris
269 968 477 1007 detraheret,
493 970 547 1000 vel
571 975 732 1011 quantum
749 971 844 1002 lucro

141 1019 320 1058 adimeret,
334 1020 386 1050 vel
403 1019 598 1052 abraderet.
622 1020 734 1051 Lubin.

182 1072 224 1100 50
249 1070 401 1111 Raderet]
423 1070 591 1111 Respexit
615 1070 658 1101 ad
685 1071 844 1103 vicinita-

141 1125 209 1149 tem
226 1123 260 1150 et
277 1119 533 1161 ambiguitatem
550 1121 692 1152 nominis
710 1122 844 1153 canicu—

140 1169 181 1199 lze
196 1179 204 1200 ς
229 1178 348 1200 canum
365 1170 455 1200 enim
472 1175 523 1201 est
539 1171 660 1202 radere
676 1172 731 1202 vel
748 1171 843 1202 abra-

138 1218 230 1250 dere.
274 1220 440 1251 Solebant
456 1226 570 1253 autem
588 1223 719 1264 reliquo
731 1223 845 1263 jacto-

139 1278 213 1300 rum
229 1270 373 1301 talorum
397 1280 539 1302 numero
566 1272 715 1313 quinque
734 1273 844 1304 detra-

137 1319 230 1360 here,
252 1321 306 1352 vel
332 1325 495 1362 quantum
519 1322 678 1354 ludentes
706 1324 845 1365 pepige-

139 1372 437 1411 rant.—Angustoe‚
467 1373 537 1413 Qu]
579 1373 753 1405 Puerilem
784 1385 844 1406 nu-

137 1431 214 1452 cum
230 1421 338 1453 lusum
356 1423 527 1463 intelligit.
576 1425 659 1455 Orco
681 1426 768 1455 enim
783 1425 843 1457 fic-

136 1472 197 1503 tile
226 1473 398 1503 vasculum
422 1478 497 1505 erat
524 1483 668 1514 procero
690 1485 844 1516 corpore,

136 1522 169 1553 in
187 1523 275 1564 qnod
294 1525 390 1563 pueri
406 1524 438 1554 in
457 1529 546 1555 terra
564 1524 711 1556 defixum
738 1527 843 1557 medi-

136 1573 207 1604 ocri
224 1573 391 1605 distantes
408 1575 588 1605 intervallo
602 1585 706 1606 nuces
721 1576 842 1607 immit-

134 1623 267 1656 tebant.
313 1624 355 1655 Id
381 1630 446 1665 est,
469 1636 511 1657 ne
536 1637 555 1657 a
579 1627 681 1666 collo,
705 1629 759 1659 vel
782 1639 841 1660 ore

135 1675 269 1716 angusti
286 1676 375 1708 illius
401 1678 528 1709 vasculi
553 1678 642 1710 inter
656 1679 841 1720 conjicien-

134 1725 215 1757 ‹lum
244 1727 466 1759 aberrarem:
503 1739 721 1770 quascunque
751 1731 840 1762 enim

133 1775 165 1806 in
183 1776 311 1807 Orcam
334 1779 544 1819 conjecerat,
571 1785 730 1820 tanquam
752 1790 841 1821 suaS‚

133 1826 288 1858 tollebat.
312 1828 416 1859 Ovid.
441 1829 483 1859 de
509 1830 628 1860 Nuce:
653 1831 661 1846 ‘
677 1831 744 1861 Vas
761 1841 841 1872 quo-

133 1887 199 1918 que
216 1887 307 1919 saepe
322 1888 440 1909 cavum
458 1880 567 1918 spatio
583 1880 733 1912 distante
751 1882 840 1912 loca-

133 1933 200 1967 tur,
212 1927 253 1958 In
271 1928 357 1968 quod
376 1929 476 1959 missa
499 1929 564 1960 levi
581 1939 650 1960 nux
667 1930 757 1961 cadit
773 1941 841 1962 una

131 1977 257 2009 manu!
281 1977 351 2008 Alii
368 1978 409 2008 de
427 1988 535 2020 pyrgo
552 1980 757 2021 intelligunt,
772 1991 839 2012 non

132 2031 237 2059 recte.
268 2028 365 2058 Idem.

174 2081 214 2108 51
240 2078 324 2118 Neu,
351 2078 420 2118 fra]
452 2079 585 2110 Lndum
609 2080 755 2111 turbinis
786 2081 839 2112 vel

130 2126 243 2158 trochi
268 2128 440 2168 intelligit.
487 2130 622 2160 Dabam
643 2140 780 2171 operam
796 2141 839 2162 ne

132 2178 208 2219 quis
230 2179 378 2210 omnium
403 2189 585 2219 puerorum
610 2181 644 2210 in
666 2186 740 2212 tota
758 2182 837 2213 vici-

131 2229 188 2259 nia
217 2229 342 2269 majore
386 2230 583 2269 calliditate,
621 2235 657 2262 et
699 2233 837 2263 solertia

131 2279 270 2320 buxum,
285 2281 454 2310 turbinem
468 2281 519 2311 vel
532 2282 685 2312 trochum
702 2281 836 2322 flagello

131 2335 290 2371 torquere
308 2336 341 2361 et
358 2332 489 2371 agitare
511 2332 837 2372 posset—Callicinu-

129 2383 284 2423 torquere]
344 2383 496 2413 L'snatus
551 2383 836 2414 Hellenismus.—

130 2432 275 2472 Buxum]
318 2435 381 2463 l’ro
413 2433 548 2464 turbine
580 2434 634 2465 rel
665 2435 785 2465 trocho
817 2445 834 2466 e

130 2482 220 2514 buxo
235 2482 339 2515 facto.

172 2536 214 2564 52
238 2533 348 2572 Haud,
375 2533 442 2574 25⁴⁶]
483 2533 712 2576 Antapodosis
740 2535 834 2568 dissi-

131 2583 352 2616 militudinis:
388 2585 476 2627 quod
502 2585 698 2618 adolescens
725 2588 835 2628 pueri-

131 2635 215 2665 tiam
243 2640 434 2675 praetexere
466 2643 629 2680 nequeat,
658 2649 734 2671 cum
761 2640 834 2681 jam

129 2684 268 2727 grandis
283 2687 392 2719 aetatis
409 2688 465 2722 sit.
508 2689 551 2720 Id
565 2695 630 2729 est,
646 2690 700 2721 vel
718 2694 834 2732 aetate,

897 163 1004 195 SA'r.
1027 163 1100 195 111.
1525 157 1612 200 239

904 257 957 288 vel
973 256 1130 289 doctrina
1146 258 1394 300 experientiam
1411 259 1529 301 habes,
1545 271 1612 303 qua

903 317 1026 348 pravos
1041 318 1061 339 a
1076 310 1179 340 rectis
1194 309 1345 342 moribus
1361 311 1468 352 possis
1484 312 1613 344 discer-

903 359 1270 401 nera—[newercam]
1330 361 1611 403 Incognitum.——-

905 409 1036 449 Cur-ros]
1071 410 1234 447 Intortos,
1262 418 1452 453 corruptos,
1479 423 1612 455 prav08,

903 464 939 490 et
965 460 1007 490 ad
1037 465 1144 491 rectae
1176 462 1314 493 rationis
1342 462 1517 495 obrussam
1542 474 1618 497 non-

902 512 1319 555 exactos.—Deprendere]
1336 513 1612 555 Cognoscere,et

903 571 922 592 a
949 561 1044 593 bonis
1071 567 1106 594 et
1134 564 1287 603 probatis
1315 564 1521 597 discernere.
1567 565 1611 598 Id

902 616 966 651 est,
982 621 1044 643 nec
1060 612 1120 643 tibi
1143 612 1359 654 inexpertum
1388 616 1441 646 vel
1458 616 1612 656 inexplo—

903 666 1012 693 ratum
1029 667 1091 703 est,
1119 672 1192 705 qnae
1218 668 1254 695 et
1281 665 1393 705 qualia
1420 665 1543 698 doceat
1560 676 1609 697 sa·

902 713 997 753 piens
1015 714 1071 744 illa
1088 715 1237 754 porticus
1255 715 1414 755 Athenis,
1430 727 1505 758 quae
1522 717 1610 749 illita

900 764 955 794 vel
973 764 1111 804 depicta
1127 771 1179 796 est
1201 766 1372 798 braccatis
1388 767 1513 807 Medis,
1532 778 1608 800 cum

900 813 1129 846 Themistocle
1169 817 1411 857 pugnantibus.
1471 818 1513 848 Id
1544 826 1608 857 est,

899 867 1030 899 Stoicas
1047 868 1243 909 disciplinas
1256 870 1358 901 nosti.
1382 871 1483 902 Idem.

940 920 982 948 53
999 917 1144 958 Sapiens,
1156 920 1224 960 δῖα]
1239 919 1370 951 Meton.
1389 931 1455 961 qna
1470 930 1512 951 ex
1531 919 1608 952 sub-

892 967 992 1008 jecto
1022 969 1220 1010 adjunctum
1244 974 1396 1001 notatur.
1442 971 1492 1001 Eo
1516 972 1608 1012 quod

897 1019 1068 1059 sapientes
1085 1019 1192 1051 Stoici
1210 1020 1242 1050 in
1270 1020 1328 1051 illa
1345 1020 1609 1061 disputarint.—

898 1069 1161 1111 Braccatis,&c.]
1198 1071 1238 1102 In
1267 1081 1334 1112 qua
1360 1071 1497 1111 depicta
1520 1076 1571 1103 est
1588 1083 1608 1104 a

898 1119 1092 1161 Polygnoto
1109 1126 1145 1152 et
1166 1122 1316 1162 Mycone
1341 1128 1456 1163 pugna
1479 1123 1607 1155 Xerxis

897 1173 931 1200 et
962 1171 1062 1201 Darii
1106 1181 1224 1212 regum
1264 1172 1461 1204 Persarum.
1518 1173 1606 1205 Haec

897 1221 1063 1260 porticus,
1089 1220 1227 1260 ποικίλη,
1257 1221 1301 1252 ob
1328 1222 1474 1262 picturae
1499 1223 1607 1255 varie-

895 1273 1001 1301 tatem
1041 1270 1447 1303 dicebatur.—Braccaeis
1483 1274 1605 1315 Medis]

895 1319 1030 1361 Bracca,
1056 1321 1109 1352 vel
1137 1321 1250 1353 bracha
1276 1323 1457 1362 peculiaris
1484 1325 1605 1356 Medo-

894 1380 968 1402 rum
985 1372 1090 1403 vestis
1120 1382 1139 1403 a
1166 1373 1288 1404 lumbis
1311 1383 1419 1415 usque
1447 1374 1489 1405 ad
1516 1376 1603 1407 talos

894 1425 1065 1460 protensa.
1089 1423 1204 1455 Lubin.

937 1475 978 1502 54
1003 1472 1171 1513 Ins-omnis]
1220 1474 1350 1506 Quibus
1372 1475 1518 1515 juvenes
1548 1477 1603 1507 vel

893 1522 1051 1562 discipuli
1075 1523 1278 1564 Stoicorum,
1302 1526 1409 1555 somni
1426 1531 1603 1567 expertes,

893 1574 983 1603 omni
1000 1574 1112 1604 studio
1129 1579 1165 1605 et
1190 1585 1282 1614 cura,
1300 1575 1354 1606 die
1373 1586 1411 1607 ac
1436 1582 1538 1608 nocte
1555 1578 1605 1609 in-

891 1623 1262 1665 vigilant.-—Insomnis]
1286 1626 1500 1666 Emphatice.
1539 1628 1602 1659 Ni-

891 1674 1013 1705 mirum
1032 1675 1089 1716 qui
1106 1675 1153 1705 ita
1182 1685 1299 1706 somno
1322 1686 1387 1707 non
1411 1677 1604 1718 indulgent,

893 1729 930 1755 ut
961 1735 1019 1756 vos
1050 1725 1178 1767 ignavi,
1206 1731 1241 1757 et
1280 1728 1600 1768 somnolenti—Et,

891 1776 961 1816 ξω]
977 1777 1034 1808 Sic
1049 1778 1138 1807 enim
1152 1778 1345 1817 legendum,
1360 1788 1426 1808 non
1440 1779 1601 1811 indetonsa

891 1827 949 1867 (ex
971 1827 1148 1864 Turnebo)
1174 1837 1284 1858 xxm.
1298 1831 1351 1858 23.
1385 1829 1492 1859 Erant
1510 1830 1600 1860 enim

893 1877 999 1908 Stoici
1016 1878 1056 1908 ad
1076 1883 1188 1909 cutem
1215 1888 1321 1919 usque
1347 1880 1444 1910 tonsi.
1489 1880 1599 1911 Porro

892 1926 1108 1958 delicatiores
1125 1938 1255 1959 comam
1278 1929 1426 1969 alebant,
1453 1934 1488 1960 et
1513 1931 1601 1961 cala-

891 1979 1037 2009 mistrati
1053 1978 1268 2010 incedebant.
1295 1979 1392 2010 Idem.

934 2035 974 2062 55
1000 2032 1168 2073 Invigilat]
1197 2032 1408 2072 Empliatice.
1454 2033 1502 2063 Tu
1520 2043 1599 2064 con-

892 2086 946 2113 tra
978 2082 1116 2120 dormis,
1142 2089 1176 2113 et
1204 2082 1340 2123 quidem
1369 2083 1409 2113 ad
1450 2083 1599 2115 mediam

890 2134 1204 2175 lucen1.—Silz·qui.=·]
1228 2134 1454 2165 Commendat
1469 2135 1598 2166 victum

889 2186 1041 2225 facilem,
1065 2192 1100 2218 et
1131 2186 1365 2226 frugalitatem
1392 2187 1598 2217 Stoicorum.

890 2237 999 2268 Porro
1015 2238 1064 2268 illi
1080 2238 1165 2268 cibis
1182 2237 1407 2276 naturalibus,
1424 2236 1598 2277 legumini-

889 2287 951 2319 bus
969 2293 1002 2317 et
1019 2287 1108 2318 farre
1122 2288 1321 2326 utebantur,
1337 2293 1374 2318 ut
1392 2287 1597 2328 Pythagori-

888 2338 1010 2377 ci,non
1025 2347 1105 2369 vero
1133 2348 1248 2376 carne,
1269 2338 1359 2378 quod
1385 2337 1480 2368 nefas
1496 2343 1595 2379 puta-

889 2388 983 2420 bant.
1028 2389 1090 2419 Est
1105 2393 1216 2419 autem
1237 2390 1451 2428 synecdoche
1469 2390 1595 2430 speciei

888 2450 947 2480 pro
976 2450 1112 2480 genere.
1159 2440 1281 2480 Siliqua
1307 2441 1395 2471 enim
1421 2441 1594 2472 folliculus

886 2491 1266 2532 leguminis-Grandi]
1303 2492 1388 2523 Quae
1406 2501 1518 2521 crassa
1536 2500 1594 2531 po-

886 2542 991 2581 lenta,
1015 2543 1123 2579 tenui,
1152 2541 1245 2574 facili
1269 2543 1357 2581 vino,
1382 2543 1471 2571 victu
1490 2550 1594 2580 parco

888 2593 1008 2630 utitur,
1024 2598 1059 2624 et
1087 2594 1200 2624 alitur.
1226 2593 1338 2623 Lubin.
1387 2590 1593 2630 Velgrundi‚

887 2643 967 2685 quia
990 2645 1095 2675 multo
1122 2653 1210 2684 pane
1252 2646 1446 2679 vescuntur,
1473 2640 1594 2680 quibus

886 2693 977 2724 solus
994 2693 1090 2734 panis
1117 2693 1212 2723 cibus
1237 2695 1310 2722 est:
1343 2690 1474 2730 signum
1491 2690 1594 2721 etiam
