<?xml version="1.0" encoding="UTF-8"?>
<!DOCTYPE html PUBLIC "-//W3C//DTD XHTML 1.0 Transitional//EN"
    "http://www.w3.org/TR/xhtml1/DTD/xhtml1-transitional.dtd">
<html xmlns="http://www.w3.org/1999/xhtml" xml:lang="en" lang="en">
 <head>
  <title>
</title>
<meta http-equiv="Content-Type" content="text/html;charset=utf-8" />
  <meta name='ocr-system' content='tesseract 3.04.00' />
  <meta name='ocr-capabilities' content='ocr_page ocr_carea ocr_par ocr_line ocrx_word'/>
</head>
<body>
  <div class='ocr_page' id='page_1' title='image "./operaomnia00persuoft_0218.png"; bbox 0 0 1888 3032; ppageno 0'>
   <div class='ocr_carea' id='block_1_1' title="bbox 266 147 351 189">
    <p class='ocr_par' dir='ltr' id='par_1_1' title="bbox 266 147 351 189">
     <span class='ocr_line' id='line_1_1' title="bbox 266 147 351 189; baseline 0 0"><span class='ocrx_word' id='word_1_1' title='bbox 266 147 351 189; x_wconf 75' lang='lat'>206</span> 
     </span>
    </p>
   </div>
   <div class='ocr_carea' id='block_1_2' title="bbox 261 249 975 2768">
    <p class='ocr_par' dir='ltr' id='par_1_2' title="bbox 265 249 975 493">
     <span class='ocr_line' id='line_1_2' title="bbox 266 249 974 292; baseline -0.008 -8"><span class='ocrx_word' id='word_1_2' title='bbox 266 251 402 289; x_wconf 78' lang='lat' dir='ltr'>-Ilias‚</span> <span class='ocrx_word' id='word_1_3' title='bbox 415 251 484 292; x_wconf 63' lang='lat' dir='ltr'>essa]</span> <span class='ocrx_word' id='word_1_4' title='bbox 526 252 580 282; x_wconf 90' lang='lat' dir='ltr'>De</span> <span class='ocrx_word' id='word_1_5' title='bbox 597 250 721 280; x_wconf 87' lang='lat' dir='ltr'>insulso</span> <span class='ocrx_word' id='word_1_6' title='bbox 736 249 800 280; x_wconf 86' lang='lat' dir='ltr'>hoc</span> <span class='ocrx_word' id='word_1_7' title='bbox 815 258 974 279; x_wconf 83' lang='lat' dir='ltr'>versuum</span> 
     </span>
     <span class='ocr_line' id='line_1_3' title="bbox 267 300 974 342; baseline -0.006 -8"><span class='ocrx_word' id='word_1_8' title='bbox 267 302 504 342; x_wconf 78' lang='lat' dir='ltr'><strong>compilatore,</strong></span> <span class='ocrx_word' id='word_1_9' title='bbox 547 301 704 341; x_wconf 81' lang='lat' dir='ltr'>superins</span> <span class='ocrx_word' id='word_1_10' title='bbox 742 300 874 331; x_wconf 81' lang='lat' dir='ltr'>dictum</span> <span class='ocrx_word' id='word_1_11' title='bbox 913 303 974 330; x_wconf 86' lang='lat' dir='ltr'>est.</span> 
     </span>
     <span class='ocr_line' id='line_1_4' title="bbox 266 350 975 392; baseline -0.004 -8"><span class='ocrx_word' id='word_1_12' title='bbox 266 352 596 392; x_wconf 61' lang='lat' dir='ltr'>Lubi11.--Non,2}·c.]</span> <span class='ocrx_word' id='word_1_13' title='bbox 622 352 746 383; x_wconf 73' lang='lat' dir='ltr'>Accius</span> <span class='ocrx_word' id='word_1_14' title='bbox 764 351 879 382; x_wconf 86' lang='lat' dir='ltr'><strong>Labeo</strong></span> <span class='ocrx_word' id='word_1_15' title='bbox 895 350 975 381; x_wconf 76' lang='lat' dir='ltr'>Ilia-</span> 
     </span>
     <span class='ocr_line' id='line_1_5' title="bbox 265 402 975 434; baseline -0.003 0"><span class='ocrx_word' id='word_1_16' title='bbox 265 404 342 434; x_wconf 85' lang='lat' dir='ltr'>dem</span> <span class='ocrx_word' id='word_1_17' title='bbox 362 403 501 434; x_wconf 80' lang='lat' dir='ltr'><strong>Homeri</strong></span> <span class='ocrx_word' id='word_1_18' title='bbox 521 403 672 434; x_wconf 80' lang='lat' dir='ltr'>versibus</span> <span class='ocrx_word' id='word_1_19' title='bbox 689 402 873 434; x_wconf 84' lang='lat' dir='ltr'>foedissime</span> <span class='ocrx_word' id='word_1_20' title='bbox 888 411 975 432; x_wconf 91' lang='lat' dir='ltr'>com-</span> 
     </span>
     <span class='ocr_line' id='line_1_6' title="bbox 266 453 600 493; baseline 0 -10"><span class='ocrx_word' id='word_1_21' title='bbox 266 454 392 493; x_wconf 87' lang='lat' dir='ltr'>posuit.</span> <span class='ocrx_word' id='word_1_22' title='bbox 443 453 600 484; x_wconf 56' lang='lat' dir='ltr'>Veasch.</span> 
     </span>
    </p>

    <p class='ocr_par' dir='ltr' id='par_1_3' title="bbox 261 502 975 2055">
     <span class='ocr_line' id='line_1_7' title="bbox 308 502 974 543; baseline -0.003 -9"><span class='ocrx_word' id='word_1_23' title='bbox 308 507 348 534; x_wconf 85' lang='lat'>51</span> <span class='ocrx_word' id='word_1_24' title='bbox 375 503 488 542; x_wconf 78' lang='lat' dir='ltr'>Ebria,</span> <span class='ocrx_word' id='word_1_25' title='bbox 501 504 572 543; x_wconf 57' lang='lat' dir='ltr'>ssa]</span> <span class='ocrx_word' id='word_1_26' title='bbox 590 503 629 535; x_wconf 91' lang='lat' dir='ltr'>Id</span> <span class='ocrx_word' id='word_1_27' title='bbox 647 507 710 543; x_wconf 87' lang='lat' dir='ltr'>est,</span> <span class='ocrx_word' id='word_1_28' title='bbox 726 503 809 534; x_wconf 85' lang='lat' dir='ltr'>Mea</span> <span class='ocrx_word' id='word_1_29' title='bbox 824 502 974 533; x_wconf 83' lang='lat' dir='ltr'>carmina</span> 
     </span>
     <span class='ocr_line' id='line_1_8' title="bbox 264 554 975 595; baseline -0.003 -10"><span class='ocrx_word' id='word_1_30' title='bbox 264 555 391 586; x_wconf 86' lang='lat' dir='ltr'>nullam</span> <span class='ocrx_word' id='word_1_31' title='bbox 409 554 543 585; x_wconf 84' lang='lat' dir='ltr'>laudem</span> <span class='ocrx_word' id='word_1_32' title='bbox 562 559 714 595; x_wconf 85' lang='lat' dir='ltr'>captant,</span> <span class='ocrx_word' id='word_1_33' title='bbox 728 560 764 585; x_wconf 91' lang='lat' dir='ltr'>ut</span> <span class='ocrx_word' id='word_1_34' title='bbox 781 554 895 585; x_wconf 77' lang='lat' dir='ltr'>insana</span> <span class='ocrx_word' id='word_1_35' title='bbox 917 554 975 585; x_wconf 81' lang='lat' dir='ltr'>illa</span> 
     </span>
     <span class='ocr_line' id='line_1_9' title="bbox 265 604 974 645; baseline 0.001 -9"><span class='ocrx_word' id='word_1_36' title='bbox 265 609 301 636; x_wconf 86' lang='lat' dir='ltr'>et</span> <span class='ocrx_word' id='word_1_37' title='bbox 317 605 470 636; x_wconf 81' lang='lat' dir='ltr'>elleboro</span> <span class='ocrx_word' id='word_1_38' title='bbox 485 605 588 645; x_wconf 85' lang='lat' dir='ltr'>digna</span> <span class='ocrx_word' id='word_1_39' title='bbox 598 605 677 636; x_wconf 88' lang='lat' dir='ltr'>Ilias</span> <span class='ocrx_word' id='word_1_40' title='bbox 690 604 780 636; x_wconf 78' lang='lat' dir='ltr'>Attii</span> <span class='ocrx_word' id='word_1_41' title='bbox 795 604 974 637; x_wconf 79' lang='lat' dir='ltr'><strong>Labeonis.</strong></span> 
     </span>
     <span class='ocr_line' id='line_1_10' title="bbox 267 655 973 694; baseline -0.004 -7"><span class='ocrx_word' id='word_1_42' title='bbox 267 656 337 687; x_wconf 89' lang='lat' dir='ltr'>Per</span> <span class='ocrx_word' id='word_1_43' title='bbox 367 656 520 687; x_wconf 87' lang='lat' dir='ltr'>insanum</span> <span class='ocrx_word' id='word_1_44' title='bbox 549 656 633 687; x_wconf 90' lang='lat' dir='ltr'>illud</span> <span class='ocrx_word' id='word_1_45' title='bbox 660 655 790 686; x_wconf 71' lang='lat' dir='ltr'>Poema</span> <span class='ocrx_word' id='word_1_46' title='bbox 816 655 973 694; x_wconf 74' lang='lat' dir='ltr'>satyrice</span> 
     </span>
     <span class='ocr_line' id='line_1_11' title="bbox 264 705 973 747; baseline -0.003 -11"><span class='ocrx_word' id='word_1_47' title='bbox 264 706 418 746; x_wconf 86' lang='lat' dir='ltr'>denotat,</span> <span class='ocrx_word' id='word_1_48' title='bbox 455 707 546 747; x_wconf 92' lang='lat' dir='ltr'>quod</span> <span class='ocrx_word' id='word_1_49' title='bbox 577 707 718 739; x_wconf 86' lang='lat' dir='ltr'>multum</span> <span class='ocrx_word' id='word_1_50' title='bbox 749 705 900 736; x_wconf 85' lang='lat' dir='ltr'>Ellebori</span> <span class='ocrx_word' id='word_1_51' title='bbox 931 705 973 735; x_wconf 86' lang='lat' dir='ltr'>ad</span> 
     </span>
     <span class='ocr_line' id='line_1_12' title="bbox 265 756 975 798; baseline -0.003 -10"><span class='ocrx_word' id='word_1_52' title='bbox 265 757 468 789; x_wconf 87' lang='lat' dir='ltr'>ebrietatem</span> <span class='ocrx_word' id='word_1_53' title='bbox 505 768 611 798; x_wconf 88' lang='lat' dir='ltr'>usque</span> <span class='ocrx_word' id='word_1_54' title='bbox 648 757 788 797; x_wconf 87' lang='lat' dir='ltr'>potarit.</span> <span class='ocrx_word' id='word_1_55' title='bbox 855 756 975 787; x_wconf 87' lang='lat' dir='ltr'><strong>Solent</strong></span> 
     </span>
     <span class='ocr_line' id='line_1_13' title="bbox 264 807 973 845; baseline -0.001 -6"><span class='ocrx_word' id='word_1_56' title='bbox 264 813 380 840; x_wconf 88' lang='lat' dir='ltr'>autem</span> <span class='ocrx_word' id='word_1_57' title='bbox 397 807 534 840; x_wconf 80' lang='lat' dir='ltr'>furiosis</span> <span class='ocrx_word' id='word_1_58' title='bbox 562 813 598 840; x_wconf 88' lang='lat' dir='ltr'>et</span> <span class='ocrx_word' id='word_1_59' title='bbox 622 809 748 839; x_wconf 86' lang='lat' dir='ltr'>insanis</span> <span class='ocrx_word' id='word_1_60' title='bbox 775 807 973 845; x_wconf 87' lang='lat' dir='ltr'>elleborum,</span> 
     </span>
     <span class='ocr_line' id='line_1_14' title="bbox 266 859 973 900; baseline 0 -11"><span class='ocrx_word' id='word_1_61' title='bbox 266 859 394 891; x_wconf 89' lang='lat' dir='ltr'>Latinis</span> <span class='ocrx_word' id='word_1_62' title='bbox 420 864 607 900; x_wconf 78' lang='lat' dir='ltr'>veratrum,</span> <span class='ocrx_word' id='word_1_63' title='bbox 631 860 828 900; x_wconf 82' lang='lat' dir='ltr'>propinare,</span> <span class='ocrx_word' id='word_1_64' title='bbox 846 859 889 890; x_wconf 88' lang='lat' dir='ltr'>ad</span> <span class='ocrx_word' id='word_1_65' title='bbox 905 869 973 890; x_wconf 88' lang='lat' dir='ltr'>me-</span> 
     </span>
     <span class='ocr_line' id='line_1_15' title="bbox 264 910 974 951; baseline 0 -11"><span class='ocrx_word' id='word_1_66' title='bbox 264 910 463 942; x_wconf 86' lang='lat' dir='ltr'>lancholiam</span> <span class='ocrx_word' id='word_1_67' title='bbox 492 910 761 951; x_wconf 79' lang='lat' dir='ltr'><strong>expurgandam,</strong></span> <span class='ocrx_word' id='word_1_68' title='bbox 784 921 849 951; x_wconf 92' lang='lat' dir='ltr'>quo</span> <span class='ocrx_word' id='word_1_69' title='bbox 876 911 974 950; x_wconf 81' lang='lat' dir='ltr'>phre-</span> 
     </span>
     <span class='ocr_line' id='line_1_16' title="bbox 264 961 973 993; baseline 0.001 -2"><span class='ocrx_word' id='word_1_70' title='bbox 264 961 367 993; x_wconf 87' lang='lat' dir='ltr'>netici</span> <span class='ocrx_word' id='word_1_71' title='bbox 393 962 533 992; x_wconf 82' lang='lat' dir='ltr'>sanitati</span> <span class='ocrx_word' id='word_1_72' title='bbox 557 961 841 993; x_wconf 75' lang='lat' dir='ltr'>restituebantur,</span> <span class='ocrx_word' id='word_1_73' title='bbox 885 962 973 992; x_wconf 84' lang='lat' dir='ltr'>Tur-</span> 
     </span>
     <span class='ocr_line' id='line_1_17' title="bbox 264 1012 973 1051; baseline 0.003 -8"><span class='ocrx_word' id='word_1_74' title='bbox 264 1012 372 1044; x_wconf 89' lang='lat' dir='ltr'>nebus</span> <span class='ocrx_word' id='word_1_75' title='bbox 396 1021 531 1044; x_wconf 80' lang='lat' dir='ltr'>xxvm.</span> <span class='ocrx_word' id='word_1_76' title='bbox 553 1015 607 1045; x_wconf 82' lang='lat'>26.</span> <span class='ocrx_word' id='word_1_77' title='bbox 661 1014 740 1051; x_wconf 85' lang='lat' dir='ltr'>Vel,</span> <span class='ocrx_word' id='word_1_78' title='bbox 759 1014 836 1045; x_wconf 75' lang='lat' dir='ltr'>Ilius</span> <span class='ocrx_word' id='word_1_79' title='bbox 851 1018 973 1045; x_wconf 66' lang='lat' dir='ltr'>veratro</span> 
     </span>
     <span class='ocr_line' id='line_1_18' title="bbox 264 1063 973 1105; baseline 0.003 -11"><span class='ocrx_word' id='word_1_80' title='bbox 264 1063 348 1095; x_wconf 81' lang='lat' dir='ltr'>ebria</span> <span class='ocrx_word' id='word_1_81' title='bbox 378 1064 516 1105; x_wconf 87' lang='lat' dir='ltr'>dicitur,</span> <span class='ocrx_word' id='word_1_82' title='bbox 546 1065 588 1095; x_wconf 91' lang='lat' dir='ltr'>ad</span> <span class='ocrx_word' id='word_1_83' title='bbox 627 1075 727 1105; x_wconf 89' lang='lat' dir='ltr'>quam</span> <span class='ocrx_word' id='word_1_84' title='bbox 757 1065 973 1096; x_wconf 77' lang='lat' dir='ltr'><strong>scribendam</strong></span> 
     </span>
     <span class='ocr_line' id='line_1_19' title="bbox 264 1114 974 1155; baseline 0 -10"><span class='ocrx_word' id='word_1_85' title='bbox 264 1115 372 1146; x_wconf 87' lang='lat' dir='ltr'>multa</span> <span class='ocrx_word' id='word_1_86' title='bbox 400 1115 539 1155; x_wconf 89' lang='lat' dir='ltr'>potione</span> <span class='ocrx_word' id='word_1_87' title='bbox 570 1115 712 1146; x_wconf 86' lang='lat' dir='ltr'>ellebori</span> <span class='ocrx_word' id='word_1_88' title='bbox 742 1115 841 1146; x_wconf 80' lang='lat' dir='ltr'>Attio</span> <span class='ocrx_word' id='word_1_89' title='bbox 871 1114 974 1146; x_wconf 85' lang='lat' dir='ltr'>fuerit</span> 
     </span>
     <span class='ocr_line' id='line_1_20' title="bbox 264 1165 973 1206; baseline 0.001 -11"><span class='ocrx_word' id='word_1_90' title='bbox 264 1174 358 1206; x_wconf 85' lang='lat' dir='ltr'>opus.</span> <span class='ocrx_word' id='word_1_91' title='bbox 385 1165 651 1205; x_wconf 53' lang='lat' dir='ltr'>&amp;sana—Nou,</span> <span class='ocrx_word' id='word_1_92' title='bbox 664 1166 732 1206; x_wconf 52' lang='grc' dir='ltr'>ἐξα]</span> <span class='ocrx_word' id='word_1_93' title='bbox 757 1165 798 1196; x_wconf 89' lang='lat' dir='ltr'>Id</span> <span class='ocrx_word' id='word_1_94' title='bbox 815 1169 876 1204; x_wconf 85' lang='lat' dir='ltr'>est,</span> <span class='ocrx_word' id='word_1_95' title='bbox 893 1165 973 1196; x_wconf 86' lang='lat' dir='ltr'>Non</span> 
     </span>
     <span class='ocr_line' id='line_1_21' title="bbox 263 1215 974 1256; baseline 0 -10"><span class='ocrx_word' id='word_1_96' title='bbox 263 1225 340 1247; x_wconf 87' lang='lat' dir='ltr'>mea</span> <span class='ocrx_word' id='word_1_97' title='bbox 369 1216 521 1247; x_wconf 88' lang='lat' dir='ltr'>carmina</span> <span class='ocrx_word' id='word_1_98' title='bbox 549 1221 626 1247; x_wconf 89' lang='lat' dir='ltr'>sunt</span> <span class='ocrx_word' id='word_1_99' title='bbox 658 1216 798 1256; x_wconf 84' lang='lat' dir='ltr'>lasciva,</span> <span class='ocrx_word' id='word_1_100' title='bbox 823 1215 914 1247; x_wconf 85' lang='lat' dir='ltr'>foeda</span> <span class='ocrx_word' id='word_1_101' title='bbox 938 1220 974 1246; x_wconf 90' lang='lat' dir='ltr'>et</span> 
     </span>
     <span class='ocr_line' id='line_1_22' title="bbox 263 1265 974 1307; baseline -0.001 -10"><span class='ocrx_word' id='word_1_102' title='bbox 263 1265 423 1306; x_wconf 78' lang='lat' dir='ltr'>obscena,</span> <span class='ocrx_word' id='word_1_103' title='bbox 439 1266 552 1307; x_wconf 82' lang='lat' dir='ltr'>qualia</span> <span class='ocrx_word' id='word_1_104' title='bbox 570 1266 727 1297; x_wconf 84' lang='lat' dir='ltr'>vilissima</span> <span class='ocrx_word' id='word_1_105' title='bbox 752 1267 812 1296; x_wconf 90' lang='lat' dir='ltr'>illa</span> <span class='ocrx_word' id='word_1_106' title='bbox 839 1266 974 1306; x_wconf 81' lang='lat' dir='ltr'>poe&#39;ma-</span> 
     </span>
     <span class='ocr_line' id='line_1_23' title="bbox 265 1316 973 1357; baseline -0.001 -10"><span class='ocrx_word' id='word_1_107' title='bbox 265 1320 312 1356; x_wconf 80' lang='lat' dir='ltr'>ta,</span> <span class='ocrx_word' id='word_1_108' title='bbox 329 1326 404 1357; x_wconf 88' lang='lat' dir='ltr'>quae</span> <span class='ocrx_word' id='word_1_109' title='bbox 420 1317 552 1348; x_wconf 85' lang='lat' dir='ltr'>nobiles</span> <span class='ocrx_word' id='word_1_110' title='bbox 568 1317 712 1347; x_wconf 84' lang='lat' dir='ltr'>Romani</span> <span class='ocrx_word' id='word_1_111' title='bbox 731 1316 807 1347; x_wconf 89' lang='lat' dir='ltr'>cibo</span> <span class='ocrx_word' id='word_1_112' title='bbox 829 1321 865 1347; x_wconf 89' lang='lat' dir='ltr'>et</span> <span class='ocrx_word' id='word_1_113' title='bbox 890 1320 973 1356; x_wconf 88' lang='lat' dir='ltr'>potu</span> 
     </span>
     <span class='ocr_line' id='line_1_24' title="bbox 265 1367 973 1408; baseline -0.001 -10"><span class='ocrx_word' id='word_1_114' title='bbox 265 1367 421 1408; x_wconf 80' lang='lat' dir='ltr'>distenti,</span> <span class='ocrx_word' id='word_1_115' title='bbox 437 1368 532 1399; x_wconf 91' lang='lat' dir='ltr'>crudi</span> <span class='ocrx_word' id='word_1_116' title='bbox 550 1373 585 1398; x_wconf 88' lang='lat' dir='ltr'>et</span> <span class='ocrx_word' id='word_1_117' title='bbox 603 1368 724 1399; x_wconf 85' lang='lat' dir='ltr'>tumidi</span> <span class='ocrx_word' id='word_1_118' title='bbox 750 1368 782 1397; x_wconf 91' lang='lat' dir='ltr'>in</span> <span class='ocrx_word' id='word_1_119' title='bbox 809 1367 973 1398; x_wconf 84' lang='lat' dir='ltr'>conviviis</span> 
     </span>
     <span class='ocr_line' id='line_1_25' title="bbox 263 1418 974 1449; baseline -0.003 0"><span class='ocrx_word' id='word_1_120' title='bbox 263 1424 468 1449; x_wconf 80' lang='lat' dir='ltr'>consuerunt</span> <span class='ocrx_word' id='word_1_121' title='bbox 492 1418 624 1449; x_wconf 88' lang='lat' dir='ltr'>dictare</span> <span class='ocrx_word' id='word_1_122' title='bbox 643 1423 678 1449; x_wconf 87' lang='lat' dir='ltr'>et</span> <span class='ocrx_word' id='word_1_123' title='bbox 695 1418 974 1448; x_wconf 52' lang='lat' dir='ltr'>recitare-Ele·</span> 
     </span>
     <span class='ocr_line' id='line_1_26' title="bbox 261 1468 974 1510; baseline -0.003 -10"><span class='ocrx_word' id='word_1_124' title='bbox 261 1468 367 1509; x_wconf 66' lang='lat' dir='ltr'>gidza]</span> <span class='ocrx_word' id='word_1_125' title='bbox 402 1470 560 1510; x_wconf 77' lang='lat' dir='ltr'>Scoptice</span> <span class='ocrx_word' id='word_1_126' title='bbox 587 1469 718 1500; x_wconf 87' lang='lat' dir='ltr'>dictum</span> <span class='ocrx_word' id='word_1_127' title='bbox 743 1478 804 1509; x_wconf 90' lang='lat' dir='ltr'>per</span> <span class='ocrx_word' id='word_1_128' title='bbox 830 1468 974 1499; x_wconf 88' lang='lat' dir='ltr'>diminu-</span> 
     </span>
     <span class='ocr_line' id='line_1_27' title="bbox 265 1519 974 1560; baseline -0.001 -10"><span class='ocrx_word' id='word_1_129' title='bbox 265 1519 403 1559; x_wconf 84' lang='lat' dir='ltr'>tionem,</span> <span class='ocrx_word' id='word_1_130' title='bbox 434 1519 628 1560; x_wconf 77' lang='lat' dir='ltr'>siguificans</span> <span class='ocrx_word' id='word_1_131' title='bbox 660 1520 788 1560; x_wconf 80' lang='lat' dir='ltr'>elegias</span> <span class='ocrx_word' id='word_1_132' title='bbox 820 1520 974 1559; x_wconf 84' lang='lat' dir='ltr'>lascivas,</span> 
     </span>
     <span class='ocr_line' id='line_1_28' title="bbox 263 1570 975 1610; baseline -0.003 -8"><span class='ocrx_word' id='word_1_133' title='bbox 263 1570 559 1610; x_wconf 53' lang='lat' dir='ltr'>molles—Gradi]</span> <span class='ocrx_word' id='word_1_134' title='bbox 602 1571 681 1602; x_wconf 79' lang='lat' dir='ltr'>Prae</span> <span class='ocrx_word' id='word_1_135' title='bbox 699 1571 868 1602; x_wconf 87' lang='lat' dir='ltr'>cruditate</span> <span class='ocrx_word' id='word_1_136' title='bbox 885 1570 975 1600; x_wconf 85' lang='lat' dir='ltr'>labo-</span> 
     </span>
     <span class='ocr_line' id='line_1_29' title="bbox 264 1621 975 1661; baseline -0.001 -9"><span class='ocrx_word' id='word_1_137' title='bbox 264 1626 393 1660; x_wconf 80' lang='lat' dir='ltr'>rantes,</span> <span class='ocrx_word' id='word_1_138' title='bbox 412 1622 476 1661; x_wconf 89' lang='lat' dir='ltr'>vel‚</span> <span class='ocrx_word' id='word_1_139' title='bbox 492 1622 643 1652; x_wconf 78' lang='lat' dir='ltr'>Crudum</span> <span class='ocrx_word' id='word_1_140' title='bbox 660 1621 770 1652; x_wconf 85' lang='lat' dir='ltr'>adhuc</span> <span class='ocrx_word' id='word_1_141' title='bbox 793 1622 827 1651; x_wconf 93' lang='lat' dir='ltr'>in</span> <span class='ocrx_word' id='word_1_142' title='bbox 852 1626 975 1652; x_wconf 85' lang='lat' dir='ltr'>stoma-</span> 
     </span>
     <span class='ocr_line' id='line_1_30' title="bbox 264 1671 972 1712; baseline -0.006 -7"><span class='ocrx_word' id='word_1_143' title='bbox 264 1673 327 1705; x_wconf 82' lang='lat' dir='ltr'>cho</span> <span class='ocrx_word' id='word_1_144' title='bbox 355 1672 469 1703; x_wconf 89' lang='lat' dir='ltr'>cibum</span> <span class='ocrx_word' id='word_1_145' title='bbox 498 1676 667 1712; x_wconf 80' lang='lat' dir='ltr'>gerentes.</span> <span class='ocrx_word' id='word_1_146' title='bbox 724 1672 830 1704; x_wconf 81' lang='lat' dir='ltr'>Quasi</span> <span class='ocrx_word' id='word_1_147' title='bbox 860 1671 972 1701; x_wconf 85' lang='lat' dir='ltr'>dicat:</span> 
     </span>
     <span class='ocr_line' id='line_1_31' title="bbox 265 1722 972 1763; baseline -0.006 -8"><span class='ocrx_word' id='word_1_148' title='bbox 265 1724 366 1755; x_wconf 75' lang='lat' dir='ltr'>Gulae</span> <span class='ocrx_word' id='word_1_149' title='bbox 391 1733 563 1763; x_wconf 80' lang='lat' dir='ltr'>proceres,</span> <span class='ocrx_word' id='word_1_150' title='bbox 588 1722 899 1763; x_wconf 84' lang='lat' dir='ltr'>compotationibus</span> <span class='ocrx_word' id='word_1_151' title='bbox 924 1731 972 1752; x_wconf 85' lang='lat' dir='ltr'>as-</span> 
     </span>
     <span class='ocr_line' id='line_1_32' title="bbox 263 1772 974 1815; baseline -0.004 -11"><span class='ocrx_word' id='word_1_152' title='bbox 263 1773 365 1812; x_wconf 85' lang='lat' dir='ltr'>sueti,</span> <span class='ocrx_word' id='word_1_153' title='bbox 389 1779 425 1803; x_wconf 91' lang='lat' dir='ltr'>et</span> <span class='ocrx_word' id='word_1_154' title='bbox 446 1782 586 1813; x_wconf 88' lang='lat' dir='ltr'>quorum</span> <span class='ocrx_word' id='word_1_155' title='bbox 605 1777 726 1803; x_wconf 80' lang='lat' dir='ltr'>venter</span> <span class='ocrx_word' id='word_1_156' title='bbox 743 1772 914 1815; x_wconf 80' lang='lat' dir='ltr'>cruditate</span> <span class='ocrx_word' id='word_1_157' title='bbox 930 1772 974 1801; x_wconf 84' lang='lat' dir='ltr'>la-</span> 
     </span>
     <span class='ocr_line' id='line_1_33' title="bbox 264 1822 974 1861; baseline -0.006 -6"><span class='ocrx_word' id='word_1_158' title='bbox 264 1823 389 1855; x_wconf 89' lang='lat' dir='ltr'>borans</span> <span class='ocrx_word' id='word_1_159' title='bbox 406 1823 547 1854; x_wconf 85' lang='lat' dir='ltr'>subtilia</span> <span class='ocrx_word' id='word_1_160' title='bbox 563 1822 715 1853; x_wconf 83' lang='lat' dir='ltr'>carmina</span> <span class='ocrx_word' id='word_1_161' title='bbox 742 1831 809 1852; x_wconf 88' lang='lat' dir='ltr'>uon</span> <span class='ocrx_word' id='word_1_162' title='bbox 837 1826 974 1861; x_wconf 83' lang='lat' dir='ltr'>poterat</span> 
     </span>
     <span class='ocr_line' id='line_1_34' title="bbox 263 1871 974 1915; baseline -0.004 -10"><span class='ocrx_word' id='word_1_163' title='bbox 263 1873 416 1915; x_wconf 82' lang='lat' dir='ltr'>gignere.</span> <span class='ocrx_word' id='word_1_164' title='bbox 460 1872 501 1904; x_wconf 74' lang='lat' dir='ltr'>Tb</span> <span class='ocrx_word' id='word_1_165' title='bbox 530 1873 631 1903; x_wconf 77' lang='lat' dir='ltr'>Cruch&#39;</span> <span class='ocrx_word' id='word_1_166' title='bbox 660 1873 764 1903; x_wconf 84' lang='lat' dir='ltr'>etiam</span> <span class='ocrx_word' id='word_1_167' title='bbox 789 1871 831 1902; x_wconf 85' lang='lat' dir='ltr'>ad</span> <span class='ocrx_word' id='word_1_168' title='bbox 860 1872 974 1902; x_wconf 84' lang='lat' dir='ltr'>studia</span> 
     </span>
     <span class='ocr_line' id='line_1_35' title="bbox 262 1921 972 1965; baseline -0.004 -11"><span class='ocrx_word' id='word_1_169' title='bbox 262 1929 380 1965; x_wconf 85' lang='lat' dir='ltr'>potest</span> <span class='ocrx_word' id='word_1_170' title='bbox 393 1923 515 1955; x_wconf 86' lang='lat' dir='ltr'>referri</span> <span class='ocrx_word' id='word_1_171' title='bbox 534 1923 587 1954; x_wconf 82' lang='lat' dir='ltr'>vix</span> <span class='ocrx_word' id='word_1_172' title='bbox 602 1923 690 1954; x_wconf 90' lang='lat' dir='ltr'>bene</span> <span class='ocrx_word' id='word_1_173' title='bbox 707 1922 818 1952; x_wconf 82' lang='lat' dir='ltr'>adbuc</span> <span class='ocrx_word' id='word_1_174' title='bbox 839 1921 972 1951; x_wconf 57' lang='lat' dir='ltr'>inchoa&gt;</span> 
     </span>
     <span class='ocr_line' id='line_1_36' title="bbox 263 1972 974 2014; baseline -0.006 -8"><span class='ocrx_word' id='word_1_175' title='bbox 263 1980 300 2007; x_wconf 85' lang='lat' dir='ltr'>ta</span> <span class='ocrx_word' id='word_1_176' title='bbox 315 1975 401 2014; x_wconf 82' lang='lat' dir='ltr'>istis,</span> <span class='ocrx_word' id='word_1_177' title='bbox 416 1975 538 2005; x_wconf 85' lang='lat' dir='ltr'>nedum</span> <span class='ocrx_word' id='word_1_178' title='bbox 564 1973 741 2014; x_wconf 78' lang='lat' dir='ltr'>perfecta:</span> <span class='ocrx_word' id='word_1_179' title='bbox 775 1972 822 2003; x_wconf 86' lang='lat' dir='ltr'>sic</span> <span class='ocrx_word' id='word_1_180' title='bbox 844 1972 974 2012; x_wconf 83' lang='lat' dir='ltr'>accipit</span> 
     </span>
     <span class='ocr_line' id='line_1_37' title="bbox 262 2024 638 2055; baseline -0.005 0"><span class='ocrx_word' id='word_1_181' title='bbox 262 2025 458 2055; x_wconf 86' lang='lat' dir='ltr'>Petronius.</span> <span class='ocrx_word' id='word_1_182' title='bbox 505 2024 638 2055; x_wconf 66' lang='lat' dir='ltr'>Casani).</span> 
     </span>
    </p>

    <p class='ocr_par' dir='ltr' id='par_1_4' title="bbox 263 2074 974 2768">
     <span class='ocr_line' id='line_1_38' title="bbox 306 2074 973 2113; baseline -0.004 -8"><span class='ocrx_word' id='word_1_183' title='bbox 306 2077 348 2105; x_wconf 79' lang='lat'>52</span> <span class='ocrx_word' id='word_1_184' title='bbox 371 2074 560 2113; x_wconf 73' lang='lat' dir='ltr'>Dictarunt]</span> <span class='ocrx_word' id='word_1_185' title='bbox 606 2075 698 2104; x_wconf 88' lang='lat' dir='ltr'>Dum</span> <span class='ocrx_word' id='word_1_186' title='bbox 725 2074 815 2104; x_wconf 86' lang='lat' dir='ltr'>iuter</span> <span class='ocrx_word' id='word_1_187' title='bbox 839 2082 973 2103; x_wconf 88' lang='lat' dir='ltr'>mensas</span> 
     </span>
     <span class='ocr_line' id='line_1_39' title="bbox 263 2123 973 2165; baseline -0.004 -9"><span class='ocrx_word' id='word_1_188' title='bbox 263 2129 300 2156; x_wconf 85' lang='lat' dir='ltr'>et</span> <span class='ocrx_word' id='word_1_189' title='bbox 327 2125 450 2165; x_wconf 84' lang='lat' dir='ltr'>pocula</span> <span class='ocrx_word' id='word_1_190' title='bbox 475 2134 580 2164; x_wconf 79' lang='lat' dir='ltr'>nugas</span> <span class='ocrx_word' id='word_1_191' title='bbox 606 2123 781 2155; x_wconf 74' lang='lat' dir='ltr'>effutiunt.</span> <span class='ocrx_word' id='word_1_192' title='bbox 832 2124 973 2154; x_wconf 80' lang='lat' dir='ltr'>Mallem</span> 
     </span>
     <span class='ocr_line' id='line_1_40' title="bbox 263 2174 973 2215; baseline -0.004 -9"><span class='ocrx_word' id='word_1_193' title='bbox 263 2175 391 2215; x_wconf 82' lang='lat' dir='ltr'>legere,</span> <span class='ocrx_word' id='word_1_194' title='bbox 417 2176 593 2206; x_wconf 79' lang='lat' dir='ltr'>Ructurunt</span> <span class='ocrx_word' id='word_1_195' title='bbox 615 2185 683 2205; x_wconf 78' lang='lat' dir='ltr'>cum</span> <span class='ocrx_word' id='word_1_196' title='bbox 707 2178 806 2204; x_wconf 74' lang='lat' dir='ltr'>essent</span> <span class='ocrx_word' id='word_1_197' title='bbox 829 2174 973 2204; x_wconf 63' lang='lat' dir='ltr'>crudi.—</span> 
     </span>
     <span class='ocr_line' id='line_1_41' title="bbox 263 2225 974 2265; baseline -0.001 -10"><span class='ocrx_word' id='word_1_198' title='bbox 263 2225 427 2264; x_wconf 68' lang='lat' dir='ltr'>Proceres]</span> <span class='ocrx_word' id='word_1_199' title='bbox 466 2225 632 2265; x_wconf 69' lang='lat' dir='ltr'>iutelligit</span> <span class='ocrx_word' id='word_1_200' title='bbox 660 2225 832 2265; x_wconf 84' lang='lat' dir='ltr'>principes</span> <span class='ocrx_word' id='word_1_201' title='bbox 858 2229 892 2254; x_wconf 80' lang='lat' dir='ltr'>et</span> <span class='ocrx_word' id='word_1_202' title='bbox 918 2234 974 2254; x_wconf 92' lang='lat' dir='ltr'>uo-</span> 
     </span>
     <span class='ocr_line' id='line_1_42' title="bbox 263 2275 973 2315; baseline -0.004 -8"><span class='ocrx_word' id='word_1_203' title='bbox 263 2276 351 2307; x_wconf 87' lang='lat' dir='ltr'>biles</span> <span class='ocrx_word' id='word_1_204' title='bbox 380 2277 564 2307; x_wconf 79' lang='lat' dir='ltr'>Romanos.</span> <span class='ocrx_word' id='word_1_205' title='bbox 614 2277 684 2306; x_wconf 82' lang='lat' dir='ltr'>Hos</span> <span class='ocrx_word' id='word_1_206' title='bbox 709 2285 811 2315; x_wconf 79' lang='lat' dir='ltr'>supra</span> <span class='ocrx_word' id='word_1_207' title='bbox 839 2275 973 2312; x_wconf 82' lang='lat' dir='ltr'>vocavit</span> 
     </span>
     <span class='ocr_line' id='line_1_43' title="bbox 264 2325 974 2364; baseline -0.001 -8"><span class='ocrx_word' id='word_1_208' title='bbox 264 2326 448 2356; x_wconf 72' lang='lat' dir='ltr'>Romulidas</span> <span class='ocrx_word' id='word_1_209' title='bbox 463 2329 596 2364; x_wconf 62' lang='lat' dir='ltr'>saturos,</span> <span class='ocrx_word' id='word_1_210' title='bbox 611 2331 645 2356; x_wconf 86' lang='lat' dir='ltr'>et</span> <span class='ocrx_word' id='word_1_211' title='bbox 668 2327 815 2364; x_wconf 77' lang='lat' dir='ltr'>Ingentes</span> <span class='ocrx_word' id='word_1_212' title='bbox 832 2325 974 2356; x_wconf 69' lang='lat' dir='ltr'>Titos.—</span> 
     </span>
     <span class='ocr_line' id='line_1_44' title="bbox 265 2375 974 2414; baseline 0.003 -10"><span class='ocrx_word' id='word_1_213' title='bbox 265 2375 351 2413; x_wconf 87' lang='grc' dir='ltr'><em>Νοη,</em></span> <span class='ocrx_word' id='word_1_214' title='bbox 368 2375 436 2414; x_wconf 54' lang='lat' dir='ltr'>istu]</span> <span class='ocrx_word' id='word_1_215' title='bbox 474 2376 512 2404; x_wconf 83' lang='lat' dir='ltr'>ld</span> <span class='ocrx_word' id='word_1_216' title='bbox 537 2382 601 2414; x_wconf 79' lang='lat' dir='ltr'>est,</span> <span class='ocrx_word' id='word_1_217' title='bbox 627 2377 722 2406; x_wconf 75' lang='lat' dir='ltr'>Vana</span> <span class='ocrx_word' id='word_1_218' title='bbox 748 2376 974 2407; x_wconf 72' lang='lat' dir='ltr'>assentatoria</span> 
     </span>
     <span class='ocr_line' id='line_1_45' title="bbox 265 2426 974 2465; baseline -0.001 -8"><span class='ocrx_word' id='word_1_219' title='bbox 265 2426 428 2464; x_wconf 79' lang='lat' dir='ltr'>carmina,</span> <span class='ocrx_word' id='word_1_220' title='bbox 443 2436 518 2465; x_wconf 51' lang='lat' dir='ltr'>qua*</span> <span class='ocrx_word' id='word_1_221' title='bbox 538 2427 676 2455; x_wconf 74' lang='lat' dir='ltr'>Romani</span> <span class='ocrx_word' id='word_1_222' title='bbox 702 2427 734 2455; x_wconf 89' lang='lat' dir='ltr'>in</span> <span class='ocrx_word' id='word_1_223' title='bbox 762 2430 857 2456; x_wconf 81' lang='lat' dir='ltr'>tanto</span> <span class='ocrx_word' id='word_1_224' title='bbox 874 2426 974 2456; x_wconf 76' lang='lat' dir='ltr'>liabe-</span> 
     </span>
     <span class='ocr_line' id='line_1_46' title="bbox 265 2475 973 2516; baseline -0.006 -9"><span class='ocrx_word' id='word_1_225' title='bbox 265 2476 349 2507; x_wconf 86' lang='lat' dir='ltr'>baut</span> <span class='ocrx_word' id='word_1_226' title='bbox 365 2476 494 2516; x_wconf 74' lang='lat' dir='ltr'>precio,</span> <span class='ocrx_word' id='word_1_227' title='bbox 512 2481 548 2505; x_wconf 86' lang='lat' dir='ltr'>ut</span> <span class='ocrx_word' id='word_1_228' title='bbox 566 2476 679 2505; x_wconf 74' lang='lat' dir='ltr'>citreis</span> <span class='ocrx_word' id='word_1_229' title='bbox 698 2476 799 2506; x_wconf 79' lang='lat' dir='ltr'>lectis</span> <span class='ocrx_word' id='word_1_230' title='bbox 827 2475 973 2504; x_wconf 83' lang='lat' dir='ltr'>discubi-</span> 
     </span>
     <span class='ocr_line' id='line_1_47' title="bbox 264 2524 972 2557; baseline -0.004 0"><span class='ocrx_word' id='word_1_231' title='bbox 264 2526 359 2557; x_wconf 86' lang='lat' dir='ltr'>toriis</span> <span class='ocrx_word' id='word_1_232' title='bbox 383 2526 439 2556; x_wconf 91' lang='lat' dir='ltr'>illa</span> <span class='ocrx_word' id='word_1_233' title='bbox 467 2526 704 2555; x_wconf 68' lang='lat' dir='ltr'>inscriberent.</span> <span class='ocrx_word' id='word_1_234' title='bbox 760 2524 847 2554; x_wconf 67' lang='lat' dir='ltr'>Vide</span> <span class='ocrx_word' id='word_1_235' title='bbox 868 2525 972 2555; x_wconf 77' lang='lat' dir='ltr'>Juve-</span> 
     </span>
     <span class='ocr_line' id='line_1_48' title="bbox 264 2574 973 2608; baseline -0.007 0"><span class='ocrx_word' id='word_1_236' title='bbox 264 2577 352 2608; x_wconf 77' lang='lat' dir='ltr'>nalis</span> <span class='ocrx_word' id='word_1_237' title='bbox 378 2577 449 2607; x_wconf 85' lang='lat' dir='ltr'>Sat.</span> <span class='ocrx_word' id='word_1_238' title='bbox 477 2585 543 2605; x_wconf 69' lang='lat' dir='ltr'>vil.</span> <span class='ocrx_word' id='word_1_239' title='bbox 572 2578 645 2605; x_wconf 72' lang='lat'>104.</span> <span class='ocrx_word' id='word_1_240' title='bbox 690 2574 759 2605; x_wconf 73' lang='lat' dir='ltr'>Alii</span> <span class='ocrx_word' id='word_1_241' title='bbox 777 2576 883 2604; x_wconf 79' lang='lat' dir='ltr'>lectos</span> <span class='ocrx_word' id='word_1_242' title='bbox 903 2574 973 2604; x_wconf 82' lang='lat' dir='ltr'>tha-</span> 
     </span>
     <span class='ocr_line' id='line_1_49' title="bbox 265 2626 971 2666; baseline -0.006 -8"><span class='ocrx_word' id='word_1_243' title='bbox 265 2627 346 2658; x_wconf 85' lang='lat' dir='ltr'>lami</span> <span class='ocrx_word' id='word_1_244' title='bbox 362 2626 558 2666; x_wconf 81' lang='lat' dir='ltr'>iutelliguut</span> <span class='ocrx_word' id='word_1_245' title='bbox 584 2630 620 2656; x_wconf 86' lang='lat' dir='ltr'>et</span> <span class='ocrx_word' id='word_1_246' title='bbox 646 2635 761 2656; x_wconf 86' lang='lat' dir='ltr'>eorum</span> <span class='ocrx_word' id='word_1_247' title='bbox 780 2626 904 2655; x_wconf 66' lang='lat' dir='ltr'>citi-eas</span> <span class='ocrx_word' id='word_1_248' title='bbox 922 2630 971 2655; x_wconf 86' lang='lat' dir='ltr'>ta-</span> 
     </span>
     <span class='ocr_line' id='line_1_50' title="bbox 265 2676 972 2717; baseline -0.003 -10"><span class='ocrx_word' id='word_1_249' title='bbox 265 2676 362 2709; x_wconf 84' lang='lat' dir='ltr'>bulas</span> <span class='ocrx_word' id='word_1_250' title='bbox 387 2687 466 2707; x_wconf 83' lang='lat' dir='ltr'>cera</span> <span class='ocrx_word' id='word_1_251' title='bbox 491 2676 661 2716; x_wconf 86' lang='lat' dir='ltr'>inductas,</span> <span class='ocrx_word' id='word_1_252' title='bbox 677 2677 710 2707; x_wconf 86' lang='lat' dir='ltr'>iu</span> <span class='ocrx_word' id='word_1_253' title='bbox 727 2677 848 2717; x_wconf 88' lang='lat' dir='ltr'>quibus</span> <span class='ocrx_word' id='word_1_254' title='bbox 865 2676 972 2706; x_wconf 79' lang='lat' dir='ltr'>noctis</span> 
     </span>
     <span class='ocr_line' id='line_1_51' title="bbox 266 2720 973 2768; baseline -0.004 -10"><span class='ocrx_word' id='word_1_255' title='bbox 266 2731 436 2768; x_wconf 85' lang='lat' dir='ltr'>tempore,</span> <span class='ocrx_word' id='word_1_256' title='bbox 460 2720 622 2768; x_wconf 81' lang='lat' dir='ltr'>quidquid</span> <span class='ocrx_word' id='word_1_257' title='bbox 647 2727 682 2758; x_wconf 89' lang='lat' dir='ltr'>iu</span> <span class='ocrx_word' id='word_1_258' title='bbox 710 2726 856 2757; x_wconf 86' lang='lat' dir='ltr'>animum</span> <span class='ocrx_word' id='word_1_259' title='bbox 882 2725 973 2756; x_wconf 86' lang='lat' dir='ltr'>veni-</span> 
     </span>
    </p>
   </div>
   <div class='ocr_carea' id='block_1_3' title="bbox 740 153 1268 185">
    <p class='ocr_par' dir='ltr' id='par_1_5' title="bbox 740 153 1268 185">
     <span class='ocr_line' id='line_1_52' title="bbox 740 153 1268 185; baseline -0.004 0"><span class='ocrx_word' id='word_1_260' title='bbox 740 154 883 185; x_wconf 78' lang='lat' dir='ltr'>No&#39;rAE</span> <span class='ocrx_word' id='word_1_261' title='bbox 919 153 1183 184; x_wconf 79' lang='lat' dir='ltr'>VARlORUM</span> <span class='ocrx_word' id='word_1_262' title='bbox 1218 154 1268 183; x_wconf 85' lang='lat' dir='ltr'>IN</span> 
     </span>
    </p>
   </div>
   <div class='ocr_carea' id='block_1_4' title="bbox 1022 250 1737 2761">
    <p class='ocr_par' dir='ltr' id='par_1_6' title="bbox 1025 250 1735 547">
     <span class='ocr_line' id='line_1_53' title="bbox 1026 250 1735 292; baseline 0.004 -12"><span class='ocrx_word' id='word_1_263' title='bbox 1026 255 1090 290; x_wconf 83' lang='lat' dir='ltr'>ret,</span> <span class='ocrx_word' id='word_1_264' title='bbox 1101 250 1217 281; x_wconf 82' lang='lat' dir='ltr'>statim</span> <span class='ocrx_word' id='word_1_265' title='bbox 1231 254 1403 292; x_wconf 82' lang='lat' dir='ltr'>notarent,</span> <span class='ocrx_word' id='word_1_266' title='bbox 1414 261 1457 282; x_wconf 87' lang='lat' dir='ltr'>ne</span> <span class='ocrx_word' id='word_1_267' title='bbox 1469 251 1518 282; x_wconf 81' lang='lat' dir='ltr'>vis</span> <span class='ocrx_word' id='word_1_268' title='bbox 1535 250 1660 292; x_wconf 81' lang='lat' dir='ltr'>ingenii</span> <span class='ocrx_word' id='word_1_269' title='bbox 1676 259 1735 292; x_wconf 82' lang='lat' dir='ltr'>pe-</span> 
     </span>
     <span class='ocr_line' id='line_1_54' title="bbox 1025 301 1734 341; baseline 0 -9"><span class='ocrx_word' id='word_1_270' title='bbox 1025 301 1124 333; x_wconf 77' lang='lat' dir='ltr'>riret.</span> <span class='ocrx_word' id='word_1_271' title='bbox 1170 302 1255 332; x_wconf 86' lang='lat' dir='ltr'>Erat</span> <span class='ocrx_word' id='word_1_272' title='bbox 1279 305 1392 332; x_wconf 80' lang='lat' dir='ltr'>autem</span> <span class='ocrx_word' id='word_1_273' title='bbox 1421 302 1521 333; x_wconf 86' lang='lat' dir='ltr'>arbor</span> <span class='ocrx_word' id='word_1_274' title='bbox 1547 301 1734 341; x_wconf 81' lang='lat' dir='ltr'>Citruslig—</span> 
     </span>
     <span class='ocr_line' id='line_1_55' title="bbox 1026 352 1733 393; baseline 0 -10"><span class='ocrx_word' id='word_1_275' title='bbox 1026 363 1105 383; x_wconf 89' lang='lat' dir='ltr'>num</span> <span class='ocrx_word' id='word_1_276' title='bbox 1135 353 1248 393; x_wconf 78' lang='lat' dir='ltr'>magni</span> <span class='ocrx_word' id='word_1_277' title='bbox 1278 352 1397 393; x_wconf 82' lang='lat' dir='ltr'>precii,</span> <span class='ocrx_word' id='word_1_278' title='bbox 1422 352 1599 384; x_wconf 86' lang='lat' dir='ltr'>materiam</span> <span class='ocrx_word' id='word_1_279' title='bbox 1633 352 1733 384; x_wconf 83' lang='lat' dir='ltr'>lautis</span> 
     </span>
     <span class='ocr_line' id='line_1_56' title="bbox 1027 403 1734 443; baseline -0.001 -9"><span class='ocrx_word' id='word_1_280' title='bbox 1027 413 1216 434; x_wconf 74' lang='lat' dir='ltr'>mensarum</span> <span class='ocrx_word' id='word_1_281' title='bbox 1234 403 1370 434; x_wconf 75' lang='lat' dir='ltr'>orbibus</span> <span class='ocrx_word' id='word_1_282' title='bbox 1387 403 1622 443; x_wconf 67' lang='lat' dir='ltr'>suppeditans.</span> <span class='ocrx_word' id='word_1_283' title='bbox 1647 404 1734 436; x_wconf 81' lang='lat' dir='ltr'>Quae</span> 
     </span>
     <span class='ocr_line' id='line_1_57' title="bbox 1026 453 1733 495; baseline 0 -9"><span class='ocrx_word' id='word_1_284' title='bbox 1026 455 1059 486; x_wconf 89' lang='lat' dir='ltr'>iu</span> <span class='ocrx_word' id='word_1_285' title='bbox 1078 460 1174 486; x_wconf 84' lang='lat' dir='ltr'>tanto</span> <span class='ocrx_word' id='word_1_286' title='bbox 1192 455 1307 495; x_wconf 78' lang='lat' dir='ltr'>precio</span> <span class='ocrx_word' id='word_1_287' title='bbox 1324 455 1440 485; x_wconf 71' lang='lat' dir='ltr'>Romae</span> <span class='ocrx_word' id='word_1_288' title='bbox 1463 453 1541 491; x_wconf 86' lang='lat' dir='ltr'>fuit,</span> <span class='ocrx_word' id='word_1_289' title='bbox 1559 459 1597 485; x_wconf 88' lang='lat' dir='ltr'>ut</span> <span class='ocrx_word' id='word_1_290' title='bbox 1613 454 1733 486; x_wconf 88' lang='lat' dir='ltr'>eodem</span> 
     </span>
     <span class='ocr_line' id='line_1_58' title="bbox 1028 505 1690 547; baseline 0 -11"><span class='ocrx_word' id='word_1_291' title='bbox 1028 506 1098 537; x_wconf 89' lang='lat' dir='ltr'>auri</span> <span class='ocrx_word' id='word_1_292' title='bbox 1116 506 1266 547; x_wconf 88' lang='lat' dir='ltr'>pondere</span> <span class='ocrx_word' id='word_1_293' title='bbox 1284 505 1544 546; x_wconf 86' lang='lat' dir='ltr'>rependeretur.</span> <span class='ocrx_word' id='word_1_294' title='bbox 1575 505 1690 536; x_wconf 77' lang='lat' dir='ltr'>Lubin.</span> 
     </span>
    </p>

    <p class='ocr_par' dir='ltr' id='par_1_7' title="bbox 1022 555 1737 1752">
     <span class='ocr_line' id='line_1_59' title="bbox 1068 555 1734 596; baseline -0.002 -9"><span class='ocrx_word' id='word_1_295' title='bbox 1068 560 1108 587; x_wconf 84' lang='lat'>53</span> <span class='ocrx_word' id='word_1_296' title='bbox 1136 557 1294 596; x_wconf 79' lang='lat' dir='ltr'>Calidum,</span> <span class='ocrx_word' id='word_1_297' title='bbox 1308 556 1378 596; x_wconf 66' lang='lat' dir='ltr'>&amp;c.]</span> <span class='ocrx_word' id='word_1_298' title='bbox 1396 555 1630 596; x_wconf 80' lang='lat' dir='ltr'>Reprehendit</span> <span class='ocrx_word' id='word_1_299' title='bbox 1645 555 1734 595; x_wconf 86' lang='lat' dir='ltr'>illos,</span> 
     </span>
     <span class='ocr_line' id='line_1_60' title="bbox 1026 606 1737 650; baseline -0.001 -12"><span class='ocrx_word' id='word_1_300' title='bbox 1026 612 1061 639; x_wconf 85' lang='lat' dir='ltr'>et</span> <span class='ocrx_word' id='word_1_301' title='bbox 1079 608 1168 650; x_wconf 88' lang='lat' dir='ltr'>quod</span> <span class='ocrx_word' id='word_1_302' title='bbox 1192 607 1382 649; x_wconf 83' lang='lat' dir='ltr'>magnificis</span> <span class='ocrx_word' id='word_1_303' title='bbox 1408 607 1527 646; x_wconf 41' lang='lat' dir='ltr'>coeni&amp;</span> <span class='ocrx_word' id='word_1_304' title='bbox 1550 606 1737 647; x_wconf 78' lang='lat' dir='ltr'>largitioni-</span> 
     </span>
     <span class='ocr_line' id='line_1_61' title="bbox 1025 657 1734 690; baseline -0.003 0"><span class='ocrx_word' id='word_1_305' title='bbox 1025 659 1087 690; x_wconf 87' lang='lat' dir='ltr'>bus</span> <span class='ocrx_word' id='word_1_306' title='bbox 1111 664 1146 690; x_wconf 90' lang='lat' dir='ltr'>et</span> <span class='ocrx_word' id='word_1_307' title='bbox 1173 659 1368 690; x_wconf 87' lang='lat' dir='ltr'>muneribus</span> <span class='ocrx_word' id='word_1_308' title='bbox 1385 658 1558 689; x_wconf 87' lang='lat' dir='ltr'>auditores</span> <span class='ocrx_word' id='word_1_309' title='bbox 1574 657 1734 689; x_wconf 86' lang='lat' dir='ltr'>convivas</span> 
     </span>
     <span class='ocr_line' id='line_1_62' title="bbox 1025 708 1737 750; baseline -0.003 -10"><span class='ocrx_word' id='word_1_310' title='bbox 1025 714 1186 750; x_wconf 79' lang='lat' dir='ltr'>tanquam</span> <span class='ocrx_word' id='word_1_311' title='bbox 1204 709 1398 740; x_wconf 85' lang='lat' dir='ltr'>adulatores</span> <span class='ocrx_word' id='word_1_312' title='bbox 1416 714 1451 739; x_wconf 90' lang='lat' dir='ltr'>et</span> <span class='ocrx_word' id='word_1_313' title='bbox 1467 708 1635 748; x_wconf 81' lang='lat' dir='ltr'>parasitos</span> <span class='ocrx_word' id='word_1_314' title='bbox 1659 717 1737 739; x_wconf 83' lang='lat' dir='ltr'>con·</span> 
     </span>
     <span class='ocr_line' id='line_1_63' title="bbox 1026 758 1733 800; baseline -0.003 -10"><span class='ocrx_word' id='word_1_315' title='bbox 1026 759 1206 799; x_wconf 81' lang='lat' dir='ltr'>ducerent,</span> <span class='ocrx_word' id='word_1_316' title='bbox 1223 770 1408 800; x_wconf 85' lang='lat' dir='ltr'>eorumque</span> <span class='ocrx_word' id='word_1_317' title='bbox 1421 760 1621 799; x_wconf 81' lang='lat' dir='ltr'>applausum</span> <span class='ocrx_word' id='word_1_318' title='bbox 1639 758 1733 799; x_wconf 86' lang='lat' dir='ltr'>quasi</span> 
     </span>
     <span class='ocr_line' id='line_1_64' title="bbox 1026 810 1737 842; baseline -0.004 0"><span class='ocrx_word' id='word_1_319' title='bbox 1026 815 1192 842; x_wconf 86' lang='lat' dir='ltr'>emerent.</span> <span class='ocrx_word' id='word_1_320' title='bbox 1215 810 1330 841; x_wconf 79' lang='lat' dir='ltr'>Lubin.</span> <span class='ocrx_word' id='word_1_321' title='bbox 1378 810 1535 840; x_wconf 85' lang='lat' dir='ltr'>Divitum</span> <span class='ocrx_word' id='word_1_322' title='bbox 1549 818 1662 839; x_wconf 88' lang='lat' dir='ltr'>omnes</span> <span class='ocrx_word' id='word_1_323' title='bbox 1677 818 1737 839; x_wconf 92' lang='lat' dir='ltr'>nu-</span> 
     </span>
     <span class='ocr_line' id='line_1_65' title="bbox 1025 860 1735 903; baseline -0.003 -11"><span class='ocrx_word' id='word_1_324' title='bbox 1025 872 1097 902; x_wconf 73' lang='lat' dir='ltr'>gas,</span> <span class='ocrx_word' id='word_1_325' title='bbox 1135 861 1389 903; x_wconf 84' lang='lat' dir='ltr'>qualescunque</span> <span class='ocrx_word' id='word_1_326' title='bbox 1428 860 1567 890; x_wconf 88' lang='lat' dir='ltr'>tandem</span> <span class='ocrx_word' id='word_1_327' title='bbox 1605 863 1735 899; x_wconf 80' lang='lat' dir='ltr'>essent,</span> 
     </span>
     <span class='ocr_line' id='line_1_66' title="bbox 1024 909 1734 950; baseline -0.003 -7"><span class='ocrx_word' id='word_1_328' title='bbox 1024 912 1155 943; x_wconf 83' lang='lat' dir='ltr'>laudari</span> <span class='ocrx_word' id='word_1_329' title='bbox 1193 912 1310 943; x_wconf 84' lang='lat' dir='ltr'>solitas</span> <span class='ocrx_word' id='word_1_330' title='bbox 1348 910 1546 950; x_wconf 81' lang='lat' dir='ltr'>indignatur</span> <span class='ocrx_word' id='word_1_331' title='bbox 1581 909 1734 941; x_wconf 84' lang='lat' dir='ltr'>Persius.</span> 
     </span>
     <span class='ocr_line' id='line_1_67' title="bbox 1025 961 1736 1003; baseline -0.006 -8"><span class='ocrx_word' id='word_1_332' title='bbox 1025 964 1115 995; x_wconf 81' lang='lat' dir='ltr'>Lecti</span> <span class='ocrx_word' id='word_1_333' title='bbox 1129 964 1232 1003; x_wconf 74' lang='lat' dir='ltr'>citrei,</span> <span class='ocrx_word' id='word_1_334' title='bbox 1247 963 1487 1003; x_wconf 80' lang='lat' dir='ltr'>opulentorum</span> <span class='ocrx_word' id='word_1_335' title='bbox 1503 961 1640 1002; x_wconf 81' lang='lat' dir='ltr'>proprii.</span> <span class='ocrx_word' id='word_1_336' title='bbox 1675 961 1736 991; x_wconf 81' lang='lat' dir='ltr'>Ca-</span> 
     </span>
     <span class='ocr_line' id='line_1_68' title="bbox 1024 1013 1736 1055; baseline -0.003 -11"><span class='ocrx_word' id='word_1_337' title='bbox 1024 1015 1231 1047; x_wconf 75' lang='lat' dir='ltr'>sa1‹b.-—Scz&#39;s</span> <span class='ocrx_word' id='word_1_338' title='bbox 1244 1014 1373 1055; x_wconf 78' lang='lat' dir='ltr'>ponere]</span> <span class='ocrx_word' id='word_1_339' title='bbox 1408 1015 1505 1044; x_wconf 85' lang='lat' dir='ltr'>Dare</span> <span class='ocrx_word' id='word_1_340' title='bbox 1519 1022 1649 1044; x_wconf 81' lang='lat' dir='ltr'>coenam</span> <span class='ocrx_word' id='word_1_341' title='bbox 1666 1013 1736 1043; x_wconf 87' lang='lat' dir='ltr'>lau-</span> 
     </span>
     <span class='ocr_line' id='line_1_69' title="bbox 1025 1063 1737 1104; baseline -0.004 -8"><span class='ocrx_word' id='word_1_342' title='bbox 1025 1070 1106 1097; x_wconf 82' lang='lat' dir='ltr'>tam.</span> <span class='ocrx_word' id='word_1_343' title='bbox 1153 1065 1193 1096; x_wconf 92' lang='lat' dir='ltr'>Id</span> <span class='ocrx_word' id='word_1_344' title='bbox 1221 1069 1286 1104; x_wconf 88' lang='lat' dir='ltr'>est,</span> <span class='ocrx_word' id='word_1_345' title='bbox 1314 1063 1450 1096; x_wconf 86' lang='lat' dir='ltr'>Novisti</span> <span class='ocrx_word' id='word_1_346' title='bbox 1478 1073 1664 1104; x_wconf 84' lang='lat' dir='ltr'>apponere,</span> <span class='ocrx_word' id='word_1_347' title='bbox 1679 1072 1737 1094; x_wconf 89' lang='lat' dir='ltr'>no-</span> 
     </span>
     <span class='ocr_line' id='line_1_70' title="bbox 1025 1115 1735 1154; baseline 0.001 -10"><span class='ocrx_word' id='word_1_348' title='bbox 1025 1115 1105 1146; x_wconf 87' lang='lat' dir='ltr'>visti</span> <span class='ocrx_word' id='word_1_349' title='bbox 1121 1116 1204 1146; x_wconf 86' lang='lat' dir='ltr'>alios</span> <span class='ocrx_word' id='word_1_350' title='bbox 1233 1115 1275 1146; x_wconf 90' lang='lat' dir='ltr'>ad</span> <span class='ocrx_word' id='word_1_351' title='bbox 1301 1125 1433 1146; x_wconf 89' lang='lat' dir='ltr'>coenam</span> <span class='ocrx_word' id='word_1_352' title='bbox 1461 1124 1595 1154; x_wconf 77' lang='lat' dir='ltr'>vocare,</span> <span class='ocrx_word' id='word_1_353' title='bbox 1611 1119 1648 1146; x_wconf 88' lang='lat' dir='ltr'>et</span> <span class='ocrx_word' id='word_1_354' title='bbox 1663 1115 1735 1145; x_wconf 82' lang='lat' dir='ltr'>lau-</span> 
     </span>
     <span class='ocr_line' id='line_1_71' title="bbox 1025 1165 1737 1207; baseline 0.001 -11"><span class='ocrx_word' id='word_1_355' title='bbox 1025 1165 1161 1197; x_wconf 82' lang='lat' dir='ltr'>tissimis</span> <span class='ocrx_word' id='word_1_356' title='bbox 1178 1166 1340 1207; x_wconf 86' lang='lat' dir='ltr'>impensis</span> <span class='ocrx_word' id='word_1_357' title='bbox 1365 1165 1556 1196; x_wconf 81' lang='lat' dir='ltr'>liberaliter</span> <span class='ocrx_word' id='word_1_358' title='bbox 1572 1170 1737 1205; x_wconf 82' lang='lat' dir='ltr'>tractare,</span> 
     </span>
     <span class='ocr_line' id='line_1_72' title="bbox 1026 1215 1736 1257; baseline -0.001 -10"><span class='ocrx_word' id='word_1_359' title='bbox 1026 1221 1060 1247; x_wconf 87' lang='lat' dir='ltr'>et</span> <span class='ocrx_word' id='word_1_360' title='bbox 1079 1220 1198 1255; x_wconf 79' lang='lat' dir='ltr'>postea</span> <span class='ocrx_word' id='word_1_361' title='bbox 1223 1216 1347 1257; x_wconf 82' lang='lat' dir='ltr'>quaeris</span> <span class='ocrx_word' id='word_1_362' title='bbox 1364 1225 1406 1246; x_wconf 82' lang='lat' dir='ltr'>ex</span> <span class='ocrx_word' id='word_1_363' title='bbox 1423 1215 1502 1254; x_wconf 81' lang='lat' dir='ltr'>illis,</span> <span class='ocrx_word' id='word_1_364' title='bbox 1527 1215 1609 1256; x_wconf 88' lang='lat' dir='ltr'>quid</span> <span class='ocrx_word' id='word_1_365' title='bbox 1634 1216 1676 1246; x_wconf 89' lang='lat' dir='ltr'>de</span> <span class='ocrx_word' id='word_1_366' title='bbox 1701 1221 1736 1246; x_wconf 88' lang='lat' dir='ltr'>te</span> 
     </span>
     <span class='ocr_line' id='line_1_73' title="bbox 1026 1266 1736 1307; baseline 0 -10"><span class='ocrx_word' id='word_1_367' title='bbox 1026 1267 1161 1307; x_wconf 84' lang='lat' dir='ltr'>tuisque</span> <span class='ocrx_word' id='word_1_368' title='bbox 1198 1266 1402 1297; x_wconf 87' lang='lat' dir='ltr'>carminibus</span> <span class='ocrx_word' id='word_1_369' title='bbox 1440 1266 1736 1297; x_wconf 83' lang='lat' dir='ltr'>sentiant.—Cali-</span> 
     </span>
     <span class='ocr_line' id='line_1_74' title="bbox 1025 1315 1734 1357; baseline 0 -9"><span class='ocrx_word' id='word_1_370' title='bbox 1025 1316 1113 1356; x_wconf 82' lang='lat' dir='ltr'>dum]</span> <span class='ocrx_word' id='word_1_371' title='bbox 1139 1317 1229 1349; x_wconf 84' lang='lat' dir='ltr'>Quia</span> <span class='ocrx_word' id='word_1_372' title='bbox 1242 1317 1335 1347; x_wconf 82' lang='lat' dir='ltr'>eibos</span> <span class='ocrx_word' id='word_1_373' title='bbox 1352 1327 1450 1357; x_wconf 87' lang='lat' dir='ltr'>quam</span> <span class='ocrx_word' id='word_1_374' title='bbox 1468 1315 1734 1348; x_wconf 84' lang='lat' dir='ltr'>ferventissimos</span> 
     </span>
     <span class='ocr_line' id='line_1_75' title="bbox 1025 1366 1734 1399; baseline -0.001 -2"><span class='ocrx_word' id='word_1_375' title='bbox 1025 1368 1148 1399; x_wconf 88' lang='lat' dir='ltr'>mensis</span> <span class='ocrx_word' id='word_1_376' title='bbox 1166 1366 1290 1398; x_wconf 84' lang='lat' dir='ltr'>inferre</span> <span class='ocrx_word' id='word_1_377' title='bbox 1307 1367 1408 1397; x_wconf 85' lang='lat' dir='ltr'>moris</span> <span class='ocrx_word' id='word_1_378' title='bbox 1425 1373 1509 1397; x_wconf 85' lang='lat' dir='ltr'>erat.</span> <span class='ocrx_word' id='word_1_379' title='bbox 1556 1367 1734 1398; x_wconf 54' lang='lat' dir='ltr'>Cascam—-</span> 
     </span>
     <span class='ocr_line' id='line_1_76' title="bbox 1025 1417 1734 1458; baseline 0.001 -10"><span class='ocrx_word' id='word_1_380' title='bbox 1025 1417 1155 1458; x_wconf 80' lang='lat' dir='ltr'>Sumen]</span> <span class='ocrx_word' id='word_1_381' title='bbox 1193 1418 1224 1448; x_wconf 89' lang='lat' dir='ltr'><strong>A</strong></span> <span class='ocrx_word' id='word_1_382' title='bbox 1242 1418 1394 1458; x_wconf 85' lang='lat' dir='ltr'>sugendo</span> <span class='ocrx_word' id='word_1_383' title='bbox 1411 1417 1553 1456; x_wconf 84' lang='lat' dir='ltr'>dictum,</span> <span class='ocrx_word' id='word_1_384' title='bbox 1566 1418 1661 1458; x_wconf 86' lang='lat' dir='ltr'>quasi</span> <span class='ocrx_word' id='word_1_385' title='bbox 1675 1418 1734 1449; x_wconf 84' lang='lat' dir='ltr'>Su-</span> 
     </span>
     <span class='ocr_line' id='line_1_77' title="bbox 1022 1467 1736 1508; baseline 0.003 -9"><span class='ocrx_word' id='word_1_386' title='bbox 1022 1469 1141 1507; x_wconf 75' lang='lat' dir='ltr'>gz&#39;men,</span> <span class='ocrx_word' id='word_1_387' title='bbox 1164 1469 1232 1499; x_wconf 81' lang='lat' dir='ltr'>suis</span> <span class='ocrx_word' id='word_1_388' title='bbox 1260 1478 1440 1499; x_wconf 85' lang='lat' dir='ltr'>mammam</span> <span class='ocrx_word' id='word_1_389' title='bbox 1468 1467 1675 1508; x_wconf 82' lang='lat' dir='ltr'>significans,</span> <span class='ocrx_word' id='word_1_390' title='bbox 1699 1475 1736 1501; x_wconf 86' lang='lat' dir='ltr'>et</span> 
     </span>
     <span class='ocr_line' id='line_1_78' title="bbox 1026 1518 1733 1559; baseline 0.001 -10"><span class='ocrx_word' id='word_1_391' title='bbox 1026 1518 1164 1559; x_wconf 87' lang='lat' dir='ltr'>quidem</span> <span class='ocrx_word' id='word_1_392' title='bbox 1187 1518 1257 1549; x_wconf 84' lang='lat' dir='ltr'>suis</span> <span class='ocrx_word' id='word_1_393' title='bbox 1275 1518 1469 1558; x_wconf 60' lang='lat' dir='ltr'>primiparae</span> <span class='ocrx_word' id='word_1_394' title='bbox 1485 1523 1564 1558; x_wconf 84' lang='lat' dir='ltr'>post</span> <span class='ocrx_word' id='word_1_395' title='bbox 1587 1518 1733 1558; x_wconf 88' lang='lat' dir='ltr'>primum</span> 
     </span>
     <span class='ocr_line' id='line_1_79' title="bbox 1026 1567 1734 1609; baseline 0.001 -9"><span class='ocrx_word' id='word_1_396' title='bbox 1026 1574 1172 1609; x_wconf 81' lang='lat' dir='ltr'>partum,</span> <span class='ocrx_word' id='word_1_397' title='bbox 1201 1573 1382 1609; x_wconf 84' lang='lat' dir='ltr'>antequam</span> <span class='ocrx_word' id='word_1_398' title='bbox 1412 1578 1468 1599; x_wconf 87' lang='lat' dir='ltr'>eos</span> <span class='ocrx_word' id='word_1_399' title='bbox 1497 1567 1600 1599; x_wconf 80' lang='lat' dir='ltr'>foetus</span> <span class='ocrx_word' id='word_1_400' title='bbox 1629 1571 1734 1601; x_wconf 82' lang='lat' dir='ltr'>suxis-</span> 
     </span>
     <span class='ocr_line' id='line_1_80' title="bbox 1025 1617 1734 1659; baseline 0.001 -9"><span class='ocrx_word' id='word_1_401' title='bbox 1025 1625 1100 1651; x_wconf 87' lang='lat' dir='ltr'>sent</span> <span class='ocrx_word' id='word_1_402' title='bbox 1131 1624 1311 1651; x_wconf 86' lang='lat' dir='ltr'>resectam.</span> <span class='ocrx_word' id='word_1_403' title='bbox 1371 1619 1462 1650; x_wconf 85' lang='lat' dir='ltr'>Hine</span> <span class='ocrx_word' id='word_1_404' title='bbox 1493 1617 1600 1649; x_wconf 81' lang='lat' dir='ltr'>fiebat</span> <span class='ocrx_word' id='word_1_405' title='bbox 1630 1629 1734 1659; x_wconf 84' lang='lat' dir='ltr'>genus</span> 
     </span>
     <span class='ocr_line' id='line_1_81' title="bbox 1025 1670 1735 1709; baseline 0.001 -8"><span class='ocrx_word' id='word_1_406' title='bbox 1025 1670 1224 1709; x_wconf 79' lang='lat' dir='ltr'>farciminis,</span> <span class='ocrx_word' id='word_1_407' title='bbox 1239 1672 1355 1701; x_wconf 81' lang='lat' dir='ltr'>Romae</span> <span class='ocrx_word' id='word_1_408' title='bbox 1373 1670 1452 1701; x_wconf 87' lang='lat' dir='ltr'>olim</span> <span class='ocrx_word' id='word_1_409' title='bbox 1469 1670 1502 1700; x_wconf 91' lang='lat' dir='ltr'>iu</span> <span class='ocrx_word' id='word_1_410' title='bbox 1525 1671 1661 1702; x_wconf 82' lang='lat' dir='ltr'>summis</span> <span class='ocrx_word' id='word_1_411' title='bbox 1679 1671 1735 1702; x_wconf 89' lang='lat' dir='ltr'>de·</span> 
     </span>
     <span class='ocr_line' id='line_1_82' title="bbox 1025 1720 1442 1752; baseline -0.002 -1"><span class='ocrx_word' id='word_1_412' title='bbox 1025 1721 1104 1752; x_wconf 72' lang='lat' dir='ltr'>litiis</span> <span class='ocrx_word' id='word_1_413' title='bbox 1121 1721 1283 1752; x_wconf 78' lang='lat' dir='ltr'>habitum.</span> <span class='ocrx_word' id='word_1_414' title='bbox 1329 1720 1442 1751; x_wconf 77' lang='lat' dir='ltr'>Lubin.</span> 
     </span>
    </p>

    <p class='ocr_par' dir='ltr' id='par_1_8' title="bbox 1024 1771 1735 2458">
     <span class='ocr_line' id='line_1_83' title="bbox 1068 1771 1733 1812; baseline 0 -10"><span class='ocrx_word' id='word_1_415' title='bbox 1068 1775 1107 1802; x_wconf 73' lang='lat'>54</span> <span class='ocrx_word' id='word_1_416' title='bbox 1133 1771 1212 1810; x_wconf 76' lang='lat' dir='ltr'>Scis,</span> <span class='ocrx_word' id='word_1_417' title='bbox 1229 1772 1298 1812; x_wconf 59' lang='lat'>8502]</span> <span class='ocrx_word' id='word_1_418' title='bbox 1330 1771 1400 1801; x_wconf 79' lang='lat' dir='ltr'>Scis</span> <span class='ocrx_word' id='word_1_419' title='bbox 1423 1771 1550 1801; x_wconf 86' lang='lat' dir='ltr'>birrum</span> <span class='ocrx_word' id='word_1_420' title='bbox 1576 1771 1733 1803; x_wconf 88' lang='lat' dir='ltr'>attritum</span> 
     </span>
     <span class='ocr_line' id='line_1_84' title="bbox 1026 1822 1732 1862; baseline 0.001 -10"><span class='ocrx_word' id='word_1_421' title='bbox 1026 1822 1141 1853; x_wconf 88' lang='lat' dir='ltr'>comiti</span> <span class='ocrx_word' id='word_1_422' title='bbox 1158 1822 1364 1853; x_wconf 88' lang='lat' dir='ltr'>condonare.</span> <span class='ocrx_word' id='word_1_423' title='bbox 1411 1822 1574 1860; x_wconf 76' lang='lat' dir='ltr'>Lacerna,</span> <span class='ocrx_word' id='word_1_424' title='bbox 1591 1822 1732 1862; x_wconf 87' lang='lat' dir='ltr'>pallium</span> 
     </span>
     <span class='ocr_line' id='line_1_85' title="bbox 1025 1873 1734 1914; baseline 0 -10"><span class='ocrx_word' id='word_1_425' title='bbox 1025 1873 1245 1913; x_wconf 84' lang='lat' dir='ltr'>fimbriatum,</span> <span class='ocrx_word' id='word_1_426' title='bbox 1266 1883 1332 1914; x_wconf 86' lang='lat' dir='ltr'>quo</span> <span class='ocrx_word' id='word_1_427' title='bbox 1349 1873 1427 1904; x_wconf 89' lang='lat' dir='ltr'>olim</span> <span class='ocrx_word' id='word_1_428' title='bbox 1450 1873 1513 1904; x_wconf 85' lang='lat' dir='ltr'>soli</span> <span class='ocrx_word' id='word_1_429' title='bbox 1535 1874 1660 1904; x_wconf 85' lang='lat' dir='ltr'>milites</span> <span class='ocrx_word' id='word_1_430' title='bbox 1678 1883 1734 1904; x_wconf 90' lang='lat' dir='ltr'>ve-</span> 
     </span>
     <span class='ocr_line' id='line_1_86' title="bbox 1025 1922 1734 1963; baseline 0.003 -10"><span class='ocrx_word' id='word_1_431' title='bbox 1025 1924 1195 1955; x_wconf 81' lang='lat' dir='ltr'>labantur.</span> <span class='ocrx_word' id='word_1_432' title='bbox 1243 1924 1390 1961; x_wconf 82' lang='lat' dir='ltr'>Penula,</span> <span class='ocrx_word' id='word_1_433' title='bbox 1418 1922 1555 1963; x_wconf 85' lang='lat' dir='ltr'>pallium</span> <span class='ocrx_word' id='word_1_434' title='bbox 1572 1933 1647 1954; x_wconf 89' lang='lat' dir='ltr'>cum</span> <span class='ocrx_word' id='word_1_435' title='bbox 1663 1923 1734 1955; x_wconf 81' lang='lat' dir='ltr'>fim-</span> 
     </span>
     <span class='ocr_line' id='line_1_87' title="bbox 1025 1973 1732 2015; baseline -0.003 -10"><span class='ocrx_word' id='word_1_436' title='bbox 1025 1974 1106 2006; x_wconf 88' lang='lat' dir='ltr'>briis</span> <span class='ocrx_word' id='word_1_437' title='bbox 1121 1975 1242 2015; x_wconf 82' lang='lat' dir='ltr'>longis.</span> <span class='ocrx_word' id='word_1_438' title='bbox 1283 1975 1353 2005; x_wconf 64' lang='lat' dir='ltr'>Yet.</span> <span class='ocrx_word' id='word_1_439' title='bbox 1371 1973 1564 2004; x_wconf 48' lang='lat' dir='ltr'>Sela—Scis</span> <span class='ocrx_word' id='word_1_440' title='bbox 1578 1973 1732 2014; x_wconf 82' lang='lat' dir='ltr'>comitem,</span> 
     </span>
     <span class='ocr_line' id='line_1_88' title="bbox 1024 2024 1732 2064; baseline 0 -8"><span class='ocrx_word' id='word_1_441' title='bbox 1024 2024 1093 2064; x_wconf 50' lang='grc' dir='ltr'>ἔξω]</span> <span class='ocrx_word' id='word_1_442' title='bbox 1131 2025 1172 2056; x_wconf 90' lang='lat' dir='ltr'>Id</span> <span class='ocrx_word' id='word_1_443' title='bbox 1202 2030 1266 2063; x_wconf 82' lang='lat' dir='ltr'>est,</span> <span class='ocrx_word' id='word_1_444' title='bbox 1296 2025 1462 2056; x_wconf 82' lang='lat' dir='ltr'>clientem</span> <span class='ocrx_word' id='word_1_445' title='bbox 1488 2024 1543 2054; x_wconf 80' lang='lat' dir='ltr'>vel</span> <span class='ocrx_word' id='word_1_446' title='bbox 1570 2025 1732 2056; x_wconf 85' lang='lat' dir='ltr'>asseclam</span> 
     </span>
     <span class='ocr_line' id='line_1_89' title="bbox 1026 2073 1733 2115; baseline 0.001 -9"><span class='ocrx_word' id='word_1_447' title='bbox 1026 2081 1119 2107; x_wconf 89' lang='lat' dir='ltr'>tuum</span> <span class='ocrx_word' id='word_1_448' title='bbox 1150 2076 1258 2106; x_wconf 86' lang='lat' dir='ltr'>miuus</span> <span class='ocrx_word' id='word_1_449' title='bbox 1292 2075 1376 2105; x_wconf 89' lang='lat' dir='ltr'>bene</span> <span class='ocrx_word' id='word_1_450' title='bbox 1405 2074 1577 2112; x_wconf 77' lang='lat' dir='ltr'>vestitum,</span> <span class='ocrx_word' id='word_1_451' title='bbox 1605 2073 1733 2115; x_wconf 80' lang='lat' dir='ltr'>frigore</span> 
     </span>
     <span class='ocr_line' id='line_1_90' title="bbox 1026 2125 1735 2157; baseline 0 -1"><span class='ocrx_word' id='word_1_452' title='bbox 1026 2127 1207 2157; x_wconf 85' lang='lat' dir='ltr'>tremulum</span> <span class='ocrx_word' id='word_1_453' title='bbox 1224 2131 1259 2156; x_wconf 90' lang='lat' dir='ltr'>et</span> <span class='ocrx_word' id='word_1_454' title='bbox 1275 2126 1469 2156; x_wconf 75' lang='lat' dir='ltr'>horrentem</span> <span class='ocrx_word' id='word_1_455' title='bbox 1490 2125 1616 2155; x_wconf 86' lang='lat' dir='ltr'>attritis</span> <span class='ocrx_word' id='word_1_456' title='bbox 1634 2126 1735 2156; x_wconf 87' lang='lat' dir='ltr'>vesti-</span> 
     </span>
     <span class='ocr_line' id='line_1_91' title="bbox 1025 2175 1735 2206; baseline 0 -1"><span class='ocrx_word' id='word_1_457' title='bbox 1025 2175 1086 2205; x_wconf 90' lang='lat' dir='ltr'>bus</span> <span class='ocrx_word' id='word_1_458' title='bbox 1103 2181 1138 2206; x_wconf 88' lang='lat' dir='ltr'>et</span> <span class='ocrx_word' id='word_1_459' title='bbox 1161 2175 1307 2206; x_wconf 79' lang='lat' dir='ltr'>lacernis</span> <span class='ocrx_word' id='word_1_460' title='bbox 1325 2175 1451 2205; x_wconf 86' lang='lat' dir='ltr'>donare</span> <span class='ocrx_word' id='word_1_461' title='bbox 1468 2175 1735 2205; x_wconf 79' lang='lat' dir='ltr'>novisti.—Hor-</span> 
     </span>
     <span class='ocr_line' id='line_1_92' title="bbox 1025 2224 1732 2266; baseline 0.001 -10"><span class='ocrx_word' id='word_1_462' title='bbox 1025 2226 1174 2266; x_wconf 77' lang='lat' dir='ltr'>ridulum]</span> <span class='ocrx_word' id='word_1_463' title='bbox 1209 2227 1257 2256; x_wconf 84' lang='lat' dir='ltr'>Eo</span> <span class='ocrx_word' id='word_1_464' title='bbox 1275 2226 1371 2263; x_wconf 84' lang='lat' dir='ltr'>dicit,</span> <span class='ocrx_word' id='word_1_465' title='bbox 1399 2225 1487 2265; x_wconf 83' lang='lat' dir='ltr'>quod</span> <span class='ocrx_word' id='word_1_466' title='bbox 1514 2224 1619 2264; x_wconf 79' lang='lat' dir='ltr'>frigus</span> <span class='ocrx_word' id='word_1_467' title='bbox 1647 2226 1732 2257; x_wconf 87' lang='lat' dir='ltr'>male</span> 
     </span>
     <span class='ocr_line' id='line_1_93' title="bbox 1026 2275 1733 2315; baseline 0.001 -9"><span class='ocrx_word' id='word_1_468' title='bbox 1026 2276 1156 2306; x_wconf 86' lang='lat' dir='ltr'>vestitis</span> <span class='ocrx_word' id='word_1_469' title='bbox 1174 2276 1347 2306; x_wconf 79' lang='lat' dir='ltr'>horrorem</span> <span class='ocrx_word' id='word_1_470' title='bbox 1366 2275 1655 2315; x_wconf 78' lang='lat' dir='ltr'>incutit.——Trita]</span> <span class='ocrx_word' id='word_1_471' title='bbox 1691 2276 1733 2307; x_wconf 92' lang='lat' dir='ltr'>Id</span> 
     </span>
     <span class='ocr_line' id='line_1_94' title="bbox 1026 2325 1732 2365; baseline 0.001 -10"><span class='ocrx_word' id='word_1_472' title='bbox 1026 2331 1088 2364; x_wconf 85' lang='lat' dir='ltr'>est,</span> <span class='ocrx_word' id='word_1_473' title='bbox 1104 2326 1263 2364; x_wconf 66' lang='lat' dir='ltr'>vetusta,</span> <span class='ocrx_word' id='word_1_474' title='bbox 1287 2325 1433 2365; x_wconf 74' lang='lat' dir='ltr'>depexa,</span> <span class='ocrx_word' id='word_1_475' title='bbox 1461 2325 1732 2356; x_wconf 52' lang='lat' dir='ltr'>obsoleta—Lo-</span> 
     </span>
     <span class='ocr_line' id='line_1_95' title="bbox 1025 2375 1732 2416; baseline 0.001 -10"><span class='ocrx_word' id='word_1_476' title='bbox 1025 2376 1131 2416; x_wconf 76' lang='lat' dir='ltr'>cerna]</span> <span class='ocrx_word' id='word_1_477' title='bbox 1170 2377 1210 2406; x_wconf 69' lang='lat'>111</span> <span class='ocrx_word' id='word_1_478' title='bbox 1241 2382 1303 2415; x_wconf 68' lang='lat' dir='ltr'>est,</span> <span class='ocrx_word' id='word_1_479' title='bbox 1327 2376 1437 2406; x_wconf 84' lang='lat' dir='ltr'>Pallio</span> <span class='ocrx_word' id='word_1_480' title='bbox 1459 2375 1639 2415; x_wconf 84' lang='lat' dir='ltr'>fimbriato,</span> <span class='ocrx_word' id='word_1_481' title='bbox 1666 2386 1732 2416; x_wconf 90' lang='lat' dir='ltr'>quo</span> 
     </span>
     <span class='ocr_line' id='line_1_96' title="bbox 1026 2425 1689 2458; baseline 0 0"><span class='ocrx_word' id='word_1_482' title='bbox 1026 2427 1104 2458; x_wconf 88' lang='lat' dir='ltr'>olim</span> <span class='ocrx_word' id='word_1_483' title='bbox 1122 2427 1182 2457; x_wconf 83' lang='lat' dir='ltr'>soli</span> <span class='ocrx_word' id='word_1_484' title='bbox 1202 2427 1325 2457; x_wconf 72' lang='lat' dir='ltr'>milites</span> <span class='ocrx_word' id='word_1_485' title='bbox 1343 2427 1536 2457; x_wconf 80' lang='lat' dir='ltr'>utebantur.</span> <span class='ocrx_word' id='word_1_486' title='bbox 1576 2425 1689 2458; x_wconf 72' lang='lat' dir='ltr'>Lubin.</span> 
     </span>
    </p>

    <p class='ocr_par' dir='ltr' id='par_1_9' title="bbox 1023 2475 1732 2761">
     <span class='ocr_line' id='line_1_97' title="bbox 1068 2475 1732 2517; baseline -0.002 -10"><span class='ocrx_word' id='word_1_487' title='bbox 1068 2482 1108 2508; x_wconf 79' lang='lat'>55</span> <span class='ocrx_word' id='word_1_488' title='bbox 1142 2478 1185 2507; x_wconf 71' lang='lat' dir='ltr'>Ec</span> <span class='ocrx_word' id='word_1_489' title='bbox 1209 2487 1325 2514; x_wconf 76' lang='lat' dir='ltr'>rerum,</span> <span class='ocrx_word' id='word_1_490' title='bbox 1348 2476 1416 2515; x_wconf 54' lang='grc' dir='ltr'>ἔγω]</span> <span class='ocrx_word' id='word_1_491' title='bbox 1459 2475 1499 2506; x_wconf 90' lang='lat' dir='ltr'>ld</span> <span class='ocrx_word' id='word_1_492' title='bbox 1526 2481 1590 2514; x_wconf 87' lang='lat' dir='ltr'>est,</span> <span class='ocrx_word' id='word_1_493' title='bbox 1617 2476 1732 2517; x_wconf 84' lang='lat' dir='ltr'>Usque</span> 
     </span>
     <span class='ocr_line' id='line_1_98' title="bbox 1025 2525 1732 2563; baseline 0.004 -8"><span class='ocrx_word' id='word_1_494' title='bbox 1025 2525 1110 2555; x_wconf 77' lang='lat' dir='ltr'>adeo</span> <span class='ocrx_word' id='word_1_495' title='bbox 1138 2527 1273 2555; x_wconf 82' lang='lat' dir='ltr'>insanus</span> <span class='ocrx_word' id='word_1_496' title='bbox 1303 2536 1337 2555; x_wconf 84' lang='lat' dir='ltr'>es</span> <span class='ocrx_word' id='word_1_497' title='bbox 1366 2531 1401 2555; x_wconf 84' lang='lat' dir='ltr'>et</span> <span class='ocrx_word' id='word_1_498' title='bbox 1432 2525 1583 2563; x_wconf 67' lang='lat' dir='ltr'>demem,</span> <span class='ocrx_word' id='word_1_499' title='bbox 1617 2530 1655 2557; x_wconf 90' lang='lat' dir='ltr'>ut</span> <span class='ocrx_word' id='word_1_500' title='bbox 1689 2527 1732 2558; x_wconf 88' lang='lat' dir='ltr'>ab</span> 
     </span>
     <span class='ocr_line' id='line_1_99' title="bbox 1026 2575 1732 2614; baseline 0.006 -10"><span class='ocrx_word' id='word_1_501' title='bbox 1026 2575 1273 2613; x_wconf 79' lang='lat' dir='ltr'>adulatoribus,</span> <span class='ocrx_word' id='word_1_502' title='bbox 1289 2585 1371 2614; x_wconf 81' lang='lat' dir='ltr'>quos</span> <span class='ocrx_word' id='word_1_503' title='bbox 1390 2575 1455 2605; x_wconf 84' lang='lat' dir='ltr'>tuis</span> <span class='ocrx_word' id='word_1_504' title='bbox 1480 2576 1642 2606; x_wconf 81' lang='lat' dir='ltr'>comiviis</span> <span class='ocrx_word' id='word_1_505' title='bbox 1658 2586 1732 2608; x_wconf 89' lang='lat' dir='ltr'>cor-</span> 
     </span>
     <span class='ocr_line' id='line_1_100' title="bbox 1025 2625 1732 2668; baseline 0.006 -13"><span class='ocrx_word' id='word_1_506' title='bbox 1025 2625 1158 2665; x_wconf 79' lang='lat' dir='ltr'>rupisti,</span> <span class='ocrx_word' id='word_1_507' title='bbox 1181 2630 1215 2655; x_wconf 88' lang='lat' dir='ltr'>te</span> <span class='ocrx_word' id='word_1_508' title='bbox 1232 2625 1416 2656; x_wconf 83' lang='lat' dir='ltr'>veritatem</span> <span class='ocrx_word' id='word_1_509' title='bbox 1441 2626 1635 2657; x_wconf 79' lang='lat' dir='ltr'>auditurum</span> <span class='ocrx_word' id='word_1_510' title='bbox 1656 2637 1732 2668; x_wconf 87' lang='lat' dir='ltr'>spe-</span> 
     </span>
     <span class='ocr_line' id='line_1_101' title="bbox 1025 2676 1731 2718; baseline 0.007 -13"><span class='ocrx_word' id='word_1_511' title='bbox 1025 2686 1134 2706; x_wconf 58' lang='lat' dir='ltr'>res-</span> <span class='ocrx_word' id='word_1_512' title='bbox 1143 2676 1255 2707; x_wconf 58' lang='lat' dir='ltr'>lerum</span> <span class='ocrx_word' id='word_1_513' title='bbox 1272 2676 1360 2714; x_wconf 77' lang='lat' dir='ltr'>milu&#39;,</span> <span class='ocrx_word' id='word_1_514' title='bbox 1377 2678 1446 2717; x_wconf 52' lang='lat' dir='ltr'>&amp;cd</span> <span class='ocrx_word' id='word_1_515' title='bbox 1471 2676 1509 2707; x_wconf 90' lang='lat' dir='ltr'>Id</span> <span class='ocrx_word' id='word_1_516' title='bbox 1528 2682 1590 2718; x_wconf 86' lang='lat' dir='ltr'>est,</span> <span class='ocrx_word' id='word_1_517' title='bbox 1603 2678 1731 2710; x_wconf 82' lang='lat' dir='ltr'>Tamen</span> 
     </span>
     <span class='ocr_line' id='line_1_102' title="bbox 1023 2727 1730 2761; baseline 0.003 -4"><span class='ocrx_word' id='word_1_518' title='bbox 1023 2727 1073 2759; x_wconf 85' lang='lat' dir='ltr'>vis</span> <span class='ocrx_word' id='word_1_519' title='bbox 1089 2727 1198 2758; x_wconf 85' lang='lat' dir='ltr'>videri</span> <span class='ocrx_word' id='word_1_520' title='bbox 1215 2731 1445 2758; x_wconf 87' lang='lat' dir='ltr'>assentatores</span> <span class='ocrx_word' id='word_1_521' title='bbox 1462 2727 1584 2759; x_wconf 85' lang='lat' dir='ltr'>odisse.</span> <span class='ocrx_word' id='word_1_522' title='bbox 1621 2727 1730 2761; x_wconf 78' lang='lat' dir='ltr'>Quasi</span> 
     </span>
    </p>
   </div>
  </div>
 </body>
</html>
