1888 3032
677 153 840 184 PERSII

159 248 499 287 seman—Damus]
524 248 569 278 Ut
584 248 789 279 amatoribus
800 247 867 278 tuis

158 299 267 330 mollis
281 297 625 339 appaream—Extat]
657 298 866 329 Proeminet.

160 348 272 379 Lubin.

201 401 243 428 39
267 398 420 438 Quinque,
444 397 513 438 Qu]
550 398 618 429 Sed
645 397 772 429 frustra
788 407 866 438 ope-

159 457 230 479 ram
258 449 435 489 impendis.
495 449 657 482 Quamvis
689 450 778 479 enim
814 449 866 478 vel

160 499 310 540 quinque
341 499 470 530 robusti
489 499 684 540 palaestritae
711 504 746 529 et
763 499 864 529 athle-

159 554 216 588 tae,
250 550 346 589 pubis
375 554 442 580 tuae
472 549 634 589 plantaria
651 553 807 588 purgent,
831 552 866 578 et

160 599 207 629 ibi
233 599 319 639 pilos
347 603 382 630 et
411 603 511 636 setas,
543 603 703 639 tanquam
731 598 866 628 inutiles

162 650 296 688 herbas,
311 650 457 680 evellant
474 653 508 678 et
531 653 686 688 runcent,
709 653 744 679 et
770 653 866 678 nates

102 699 106 702 ’
159 705 234 730 tuas
261 700 404 730 assiduis
433 699 561 729 balneis
589 708 676 739 pene
702 698 807 729 elixas
832 702 867 730 et

159 754 283 790 coctas,
319 750 452 781 adunca
485 755 519 780 et
553 750 691 780 incurva
735 748 867 789 forcipe

159 799 381 838 labefactent,
407 806 442 831 et
470 800 605 831 assiduo
635 800 750 831 dolore
766 799 868 831 affici-

160 855 230 891 ant,
256 855 292 882 et
309 851 385 891 pilis
401 852 565 891 spolient:
601 861 666 881 non
683 856 796 881 tamen
813 851 867 881 illa

160 901 303 940 pilorum
321 901 493 941 plantaria
510 905 546 931 et
563 901 635 940 pili,
653 906 813 942 tauquam
830 900 867 930 fi-

160 950 207 980 lix
221 949 255 980 in
269 959 362 990 agro,
379 951 485 981 multo
498 955 609 980 aratro
619 954 868 990 mansuescent,

159 1008 329 1040 nunquam
356 1001 490 1040 penitus
514 999 804 1040 exstirpabuntur,
831 1004 866 1030 et

159 1049 438 1081 eradicabuntur.
479 1050 579 1081 Idem.

173 1120 178 1125 -
203 1102 242 1130 41
267 1099 371 1140 filix]
411 1100 529 1132 Herba
544 1101 631 1141 agris
646 1101 791 1132 maxime
808 1101 866 1132 ini-

161 1150 442 1190 mica.--Aratro]
499 1152 603 1182 Nulla
631 1150 763 1192 forcipe
795 1156 867 1183 tan-

163 1209 262 1240 quam
283 1204 395 1230 aratro
413 1200 548 1240 penitus
563 1201 869 1232 mellitum—Mon·

160 1249 288 1289 suescit]
327 1251 428 1280 Suam
456 1250 563 1282 feram
588 1256 745 1282 naturam
764 1252 868 1293 depo-

161 1301 224 1339 nit,
240 1300 391 1331 mitescit
406 1306 441 1332 et
458 1301 627 1333 domatur.
667 1302 767 1334 Idem.

203 1354 245 1382 42
272 1353 441 1393 Caedimus]
480 1353 587 1386 Quasi
604 1353 713 1384 dicat:
739 1354 868 1385 Omnes

160 1401 195 1432 in
207 1402 351 1433 aliorum
364 1404 468 1435 vitam
485 1408 520 1435 et
533 1413 644 1434 mores
659 1403 870 1444 inquirimus,

163 1456 199 1483 et
224 1453 256 1483 iu
280 1459 430 1485 nostram
456 1463 568 1484 rursus
587 1453 661 1484 aliis
678 1453 870 1493 inquirendi

163 1512 277 1534 ansam
303 1504 510 1545 praebemus:
549 1508 585 1534 et
607 1503 655 1534 ita
678 1503 793 1533 hostes
809 1513 873 1533 cae-

164 1553 282 1593 dimus,
300 1558 334 1584 et
351 1554 493 1585 invicem
509 1553 550 1584 ab
564 1553 629 1584 illis
643 1554 872 1593 vulneramur,

162 1610 198 1636 et
228 1606 363 1646 sagittis
394 1615 496 1637 crura
527 1605 871 1646 praebemus.-—-Inque

160 1653 271 1696 ricem]
320 1657 366 1688 Et
396 1657 542 1688 invicem
570 1657 870 1687 rursus—Paelic-

162 1718 240 1746 mus,
267 1709 337 1749 ‹is-a]
376 1709 418 1739 Id
441 1713 506 1748 est,
525 1709 651 1740 Nostra
666 1708 818 1739 membra
833 1713 868 1738 et

163 1768 274 1799 crura,
303 1763 452 1790 nostram
482 1760 585 1790 vitam
613 1763 648 1788 et
661 1767 773 1789 mores
790 1758 871 1789 alio-

166 1818 238 1840 rum
256 1809 402 1849 sagittis,
418 1809 595 1840 calumniis
622 1812 658 1839 et
682 1807 869 1838 maledictis

164 1858 318 1890 ferienda
343 1863 377 1889 et
402 1857 653 1899 proscindenda
678 1858 870 1897 praebemus

165 1913 200 1939 et
216 1909 425 1949 exponimus.
464 1909 562 1938 Idem.

207 1962 248 1990 43
280 1959 417 1999 Utitur,
443 1958 513 1999 Qu]
566 1957 642 1988 Hoc
671 1956 785 1996 modo,
815 1957 870 1988 vel

165 2009 424 2048 ratione.—-Sic‚
440 2009 507 2048 ssa]
544 2009 599 2039 Sic
624 2007 804 2039 didicimus
825 2008 872 2038 vi-

165 2069 259 2100 vere,
282 2064 321 2091 ut
336 2060 424 2090 alter
438 2059 579 2090 alterius
594 2059 698 2089 vitam
714 2063 749 2089 et
764 2067 873 2088 mores

166 2113 297 2150 carpat,
317 2107 377 2140 ille
393 2119 507 2140 rursus
524 2109 612 2139 idem
629 2108 672 2139 ab
689 2110 799 2139 altero
815 2118 873 2139 ex-

167 2158 453 2199 pertarum—Ilia]
493 2159 612 2189 Partes
627 2163 705 2189 sunt
721 2159 778 2189 imi
794 2169 872 2190 ven-

167 2208 227 2239 tris
263 2209 353 2239 inter
380 2217 499 2239 coxam
525 2212 561 2239 et
588 2211 714 2249 pubem
738 2209 872 2249 positae.

169 2257 247 2288 Hoc
264 2258 340 2289 loco
356 2257 488 2289 intimos
512 2258 584 2288 illos
599 2262 636 2289 et
651 2258 784 2289 abditos
800 2268 872 2289 cor-

167 2307 218 2337 dis
234 2307 335 2338 animi
352 2317 501 2339 recessus
517 2313 549 2340 et
565 2309 754 2349 penetralia
775 2310 874 2340 iutel-

167 2357 328 2398 liguntur.
361 2358 475 2389 Lubin.

210 2411 252 2439 44
277 2409 412 2448 Coecum,
433 2409 504 2449 ⁸5⁰2]
549 2409 605 2440 De
632 2409 874 2449 gladiatoribus

172 2462 331 2497 tractum,
349 2461 418 2501 qui,
440 2464 582 2500 accepto
606 2460 756 2500 vulnere,
780 2460 874 2491 inau-

170 2513 242 2540 rato
266 2509 380 2542 balteo
407 2515 541 2551 tegunt.
585 2511 654 2542 Vet.
681 2511 873 2542 Sela—Cav-

171 2569 252 2599 cum,
277 2561 347 2602 asa]
392 2561 469 2592 Hac
500 2561 606 2602 igitur
630 2562 761 2593 ratione
790 2562 873 2593 inte-

171 2609 293 2640 riorem
322 2615 414 2642 tuam
444 2612 548 2643 vitam
578 2612 808 2652 cognovimus,
837 2616 874 2643 et

163 2657 302 2699 flagitia
331 2663 401 2699 tua,
432 2671 508 2702 quae
533 2661 606 2702 jam
638 2662 672 2692 in
699 2662 874 2702 publicum

173 2719 352 2750 erumpere
369 2710 547 2751 incipiunt,
563 2712 714 2752 quamvis
729 2711 787 2742 diu
803 2721 822 2742 a
839 2716 873 2742 te

902 153 1009 184 SAT.
1044 154 1108 183 ιν.
1538 146 1623 186 253

919 247 1139 288 dissimulata,
1166 248 1324 280 babemus
1353 253 1444 281 nota.
1511 250 1625 281 Vulnus

918 308 1031 330 ειη-ηψπ
1051 299 1157 330 subler
1179 299 1247 339 ilia,
1273 300 1425 340 appellat
1450 300 1622 331 libidinem

920 353 955 378 et
971 347 1101 389 flagitia
1124 350 1209 380 clam
1233 350 1331 380 solita
1347 360 1366 380 a
1384 351 1521 382 Nerone
1536 360 1626 382 com-

919 399 1021 429 mitti.
1049 399 1291 431 Cusaub.—Sed
1306 401 1381 440 luta,
1395 401 1464 441 iffa]
1502 401 1540 432 Id
1559 405 1624 437 est,

919 448 1071 478 Militare
1098 449 1270 489 cingulum
1297 460 1339 480 ex
1368 451 1460 482 corio
1485 450 1626 489 bubulo,

919 498 1020 529 bullis
1047 501 1156 531 aureis
1183 502 1250 531 late
1272 501 1455 542 inductum,
1479 506 1515 533 et
1530 512 1626 533 exor-

919 555 1045 580 natum.
1081 553 1235 582 Duarum
1251 562 1361 583 rerum
1374 554 1427 584 hic
1438 554 1626 594 symbolum

919 606 985 640 est,
1000 603 1162 642 potentiae
1181 608 1215 634 et
1231 603 1444 643 divitiarum,
1469 616 1544 646 quae
1557 606 1625 637 duo

920 658 998 683 sunt
1014 653 1172 684 vitiorum
1189 663 1311 694 magna
1329 659 1534 695 tegumenta.
1564 657 1625 687 Coe-

918 702 1043 734 saubon.

961 755 1001 784 45
1028 753 1190 794 Protegit]
1226 754 1341 794 Tegst,
1366 754 1556 795 abscondit,
1572 766 1626 787 ce-

919 802 1086 841 lan—Ut,
1101 804 1169 843 ἔξω]
1208 804 1402 836 Concessio.
1448 805 1496 836 Ut
1510 805 1572 836 tibi
1590 806 1626 836 li-

919 852 1027 882 bitum
1053 859 1087 884 et
1104 854 1340 894 complacitum
1367 856 1541 895 est—Da,
1557 856 1627 896 Qu]

919 903 996 934 Non
1011 904 1085 935 aliis
1098 905 1313 945 solum,qno(l
1325 904 1536 945 facillimum,
1549 916 1626 938 cum

919 957 953 983 te
976 963 1042 984 non
1070 955 1195 994 norint,
1221 954 1281 985 sed
1306 955 1368 986 tibi
1389 956 1628 996 ipsietiam.—

917 1004 1046 1044 Decipe,
1068 1005 1137 1045 eison]
1175 1006 1270 1044 Esto,
1297 1005 1322 1035 si
1348 1005 1395 1036 ita
1413 1007 1480 1038 vis:
1513 1012 1551 1038 tu
1570 1007 1628 1048 qui

917 1055 1027 1085 animo
1055 1056 1338 1095 periculosissime
1370 1062 1529 1097 aegrotas,
1566 1067 1630 1099 pro

918 1115 997 1136 sano
1028 1110 1063 1136 te
1087 1105 1185 1145 jacta
1215 1110 1251 1137 et
1274 1106 1428 1139 vendita.
1488 1108 1529 1138 Id
1564 1113 1628 1146 est,

918 1155 1020 1186 Nunc
1050 1160 1084 1185 et
1116 1156 1354 1196 temperantiae
1387 1161 1423 1187 et
1452 1157 1627 1188 modestiae

918 1205 1051 1235 laudem
1069 1204 1384 1246 affecta—Decipe,
1399 1208 1466 1248 δῖα]
1503 1208 1628 1238 Trans-

919 1255 1024 1286 latum
1043 1256 1084 1286 ab
1101 1256 1142 1287 iis
1157 1258 1214 1297 qui
1232 1266 1413 1287 nervorum
1431 1256 1628 1289 infirmitate

920 1306 1114 1336 laborantes
1144 1311 1180 1337 et
1217 1307 1344 1338 morbis
1381 1308 1630 1349 articularibus,

921 1358 985 1386 ἃς.
1014 1366 1111 1387 sanos
1141 1361 1253 1387 tamen
1281 1367 1316 1387 se
1340 1356 1486 1398 fingunt,
1509 1368 1575 1399 quo
1590 1359 1629 1388 li-

922 1405 1035 1436 berius
1052 1410 1086 1436 et
1105 1407 1242 1437 Baccho
1260 1411 1296 1437 et
1318 1408 1446 1438 Veneri
1469 1408 1628 1439 serviant.

924 1454 1058 1485 Casaub.

964 1507 1007 1534 40
1030 1505 1067 1535 Si
1079 1505 1181 1545 potes]
1219 1506 1325 1538 Quasi
1354 1507 1498 1546 diceret,
1521 1507 1629 1548 Atqui

922 1564 987 1585 non
1012 1555 1162 1594 poteris;
1201 1561 1237 1586 et
1265 1556 1342 1586 (lum
1364 1556 1439 1586 aliis
1462 1561 1498 1587 te
1524 1557 1630 1588 verba

923 1605 1004 1635 dare
1023 1606 1171 1646 putabis,
1196 1607 1291 1638 dabis
1309 1607 1388 1637 tibi:
1423 1608 1629 1649 tandemque

921 1656 1017 1696 hujus
1046 1656 1199 1688 stultitiae
1231 1661 1299 1688 tuae
1338 1667 1451 1697 poenas
1489 1659 1629 1689 meritas

921 1706 1038 1745 dignas
1056 1707 1141 1737 lues:
1175 1707 1265 1748 quod
1282 1707 1383 1738 etiam
1404 1708 1531 1740 evenit.
1569 1709 1630 1740 Cu-

918 1756 1046 1786 saub.—
1054 1757 1192 1797 Vicinio]
1226 1757 1308 1796 Pro,
1322 1757 1487 1788 Omnibus
1500 1758 1631 1798 vicinis,

920 1806 954 1835 id
985 1810 1049 1845 est,
1077 1807 1253 1837 universus
1291 1808 1435 1847 populus
1458 1812 1496 1839 et
1524 1808 1631 1841 cives.

921 1856 1012 1886 Dum
1029 1856 1138 1887 adhuc
1154 1856 1309 1887 latebant
1324 1855 1454 1897 flagitia
1471 1858 1630 1898 Neronis,

922 1916 1037 1937 omnes
1054 1907 1146 1937 illum
1166 1907 1362 1938 laudabant.
1398 1908 1512 1940 Lubin.

963 1960 1005 1988 47
1031 1959 1116 1996 Non,
1130 1957 1200 1997 δῖα]
1246 1958 1359 1988 Famae
1377 1958 1508 1993 seilicet
1525 1958 1629 1989 homi·

922 2017 1000 2038 num
1028 2008 1071 2038 de
1103 2017 1168 2038 me.
1221 2007 1350 2038 Omnes
1376 2007 1469 2038 enim
1493 2006 1630 2045 famam,

923 2057 1022 2098 pauci
1033 2058 1278 2088 conscientiam
1288 2061 1462 2088 cni-ant.—
1470 2057 1630 2097 vumera]

924 2108 1125 2149 Respondet
1148 2109 1225 2148 ,jam
1260 2107 1412 2146 Persius,
1437 2111 1475 2138 et
1503 2107 1635 2138 refutat.

923 2159 1007 2190 hanc
1023 2159 1266 2199 objectionem,
1288 2158 1343 2188 vel
1358 2159 1444 2189 hauc
1456 2158 1630 2189 hominum

923 2208 1061 2248 famam,
1091 2213 1127 2239 et
1158 2207 1398 2239 testimonium.
1457 2208 1503 2238 Et
1528 2206 1632 2238 docet

925 2259 1140 2290 conscientia}
1166 2267 1249 2295 suae,
1275 2267 1374 2298 quam
1396 2257 1513 2287 alienas
1530 2255 1630 2286 samaa

925 2309 1035 2348 potius
1073 2307 1279 2339 credendum
1316 2307 1485 2338 esse—Si
1518 2305 1631 2346 palles]

925 2359 1030 2390 Numi
1055 2358 1234 2389 desiderio.
1291 2358 1326 2389 Si
1351 2358 1449 2388 homo
1474 2356 1632 2388 sordidus

924 2407 969 2439 sis
985 2412 1021 2439 et
1036 2418 1168 2439 avarus,
1203 2407 1316 2438 Lubin.

965 2461 1006 2490 48
1031 2459 1173 2499 Sifucz's]
1212 2459 1251 2489 Id
1269 2462 1333 2498 est,
1355 2458 1391 2490 Si
1408 2457 1576 2495 cinaedus,
1594 2459 1630 2486 et

923 2511 1081 2541 Draucus
1109 2519 1144 2540 es
1176 2509 1387 2549 turpissimus
1415 2513 1450 2539 et
1475 2507 1629 2537 libidino-

924 2560 1085 2598 sissimus,
1101 2564 1137 2591 et
1153 2559 1284 2590 libidini
1299 2566 1365 2589 tuae
1381 2566 1506 2588 morem
1526 2555 1627 2595 geris.

923 2610 1035 2641 Lubin.
1079 2610 1115 2640 Si
1147 2610 1276 2639 nullum
1300 2614 1352 2638 est
1385 2613 1451 2636 tam
1489 2605 1629 2642 foedum,

926 2664 994 2690 tam
1010 2659 1206 2690 obscoenum
1222 2667 1326 2696 genus
1343 2654 1501 2691 libidinis,
1513 2663 1578 2694 quo
1593 2658 1628 2684 te

925 2710 1078 2751 quotidie
1096 2718 1160 2739 non
1177 2707 1341 2749 inquines.
1380 2705 1531 2735 Amorum
1543 2703 1629 2734 dixit
