1888 3032
685 128 867 160 SATIRA
901 129 946 157 V.

88 227 308 269 Possidet.
350 225 474 267 *Heu
496 226 664 268 steriles
683 227 789 276 veri,
811 225 969 280 quibus
989 236 1078 266 una
1098 223 1314 275 Quiritem
1487 225 1547 265 75

87 294 268 348 Vertigo
287 294 415 336 facit!
447 294 539 334 Hic
559 293 704 334 Dama
722 296 789 334 est
807 304 892 333 non
912 291 1061 334 tressis
1081 304 1231 346 agaso,

87 362 251 417 Vappa
267 366 309 404 et
323 363 491 417 lippus,
511 366 554 404 et
571 363 617 404 in
635 361 753 402 tenui
772 359 984 413 farragine
1004 360 1220 401 mendax:

87 429 277 472 Verterit
294 430 404 471 hunc
424 431 637 480 dominus,
657 431 874 471 momento
891 428 1073 469 turbinis
1093 427 1186 468 exit

92 546 179 578 Eheu
201 546 333 578 veritate
354 546 444 578 vacui
467 555 539 584 vos,
563 545 645 585 apud
670 553 743 585 quos
768 543 860 575 unica
884 543 1082 575 circumactio
1097 543 1189 586 efficit
1207 540 1404 575 Romanum!
1434 542 1492 575 Ille
1507 546 1553 574 est

91 590 207 629 Dama,
222 599 283 620 non
302 590 396 620 mulio
417 589 514 619 trium
527 589 651 627 assium,
666 597 777 628 vappa,
792 590 823 617 et
836 587 950 627 lippum,
972 589 1004 617 et
1021 586 1247 625 fraudulentus
1260 587 1293 617 in
1308 588 1423 626 exigua
1441 586 1552 625 sarra·

88 631 173 672 gine.

697 725 835 737 eeeeeee

241 632 335 663 Illum
357 632 498 663 dominus
520 630 725 671 circumagat,
748 632 862 671 puncto
885 629 1134 661 circumactionis
1156 630 1263 670 prodit
1287 627 1554 662 MarcueDama.

838 724 938 736 eeeee

511 795 553 825 78
576 796 725 825 momento
740 792 887 834 temporis
903 791 971 824 Ms.
984 791 1026 822 R.
1044 794 1080 822 et
1094 790 1133 822 C.

749 889 891 922 NOTAE

92 962 171 1002 lius,
186 961 321 1003 Velina,
347 963 382 996 id
406 967 472 1003 est,
496 973 515 996 e
541 964 664 996 Velina
678 964 795 996 Tribu.

93 1012 239 1045 Casaub.
287 1014 470 1046 Tesseram
492 1015 585 1046 illam
601 1014 705 1046 fuisse
735 1015 797 1055 lig-

92 1073 203 1104 neam,
227 1063 384 1095 nimirum
408 1074 428 1096 e
453 1064 618 1106 ligustris,
632 1065 797 1106 colligere

91 1113 173 1145 licet
199 1122 219 1144 e
241 1114 355 1145 Plinio
382 1123 456 1147 xvr.
481 1118 533 1147 18.
576 1116 798 1147 Tesserarum

94 1168 130 1194 et
157 1162 319 1195 frumenti
343 1165 468 1206 populo
490 1165 564 1197 dati
586 1166 741 1198 meminit
762 1170 799 1198 et

93 1214 276 1245 Suetonius
300 1215 333 1246 in
354 1216 508 1257 Augusto
534 1227 609 1258 cap.
622 1220 675 1249 41.
692 1221 729 1248 et
743 1220 798 1249 42.

93 1264 184 1296 Item
210 1265 245 1296 in
271 1266 484 1300 Domitiano.
533 1268 622 1300 Vide
647 1268 800 1310 Lipsium

95 1315 205 1347 Elect.
222 1324 249 1358 ι.
263 1319 295 1347 8.

138 1368 178 1397 75
203 1366 279 1398 Heu
297 1369 418 1399 steriles
437 1368 520 1409 veri]
566 1369 679 1402 Quam
699 1369 802 1410 longe

95 1415 231 1453 distatis
247 1418 289 1448 ab
307 1427 347 1448 eo
363 1419 453 1459 quod
468 1429 585 1450 verum
602 1419 672 1450 est!
693 1420 802 1452 Quam

100 1466 247 1507 turpiter
268 1466 434 1499 aberratis
470 1473 506 1500 et
532 1468 802 1500 hallucinamini!

98 1519 209 1549 Quam
235 1522 352 1549 vestra
374 1528 434 1550 vos
460 1517 548 1550 fallit
571 1528 665 1550 mens
681 1523 717 1550 et
732 1518 805 1559 opi·

97 1567 172 1598 nio!

143 1617 320 1658 Quiritem]
355 1619 457 1651 Cives
472 1620 615 1652 Romani
632 1629 653 1650 a
665 1618 804 1652 Quirino

96 1667 243 1703 *Quirites
267 1668 365 1701 dicti.
423 1669 490 1701 Hic
513 1670 656 1701 abusive
682 1678 805 1700 nomen

100 1718 163 1749 boc
178 1725 373 1760 usurpatur,
388 1724 428 1751 ut
448 1724 570 1752 notant
586 1724 671 1751 vett.
691 1719 804 1751 Gloss.

98 1790 100 1792 -
142 1772 185 1800 76
212 1770 283 1801 Una
306 1770 426 1810 vertigo
445 1770 546 1811 facit]
580 1770 806 1802 Manumissu-

101 1827 158 1849 rus
181 1828 316 1850 servum
344 1820 495 1851 dominus
517 1830 631 1852 coram
649 1821 806 1851 Praetore

102 1878 179 1900 eum
193 1868 337 1900 sistebat
351 1880 359 1907 ;
391 1879 471 1901 mox
488 1870 521 1900 in
537 1871 653 1902 orbem
666 1871 807 1901 circum-

104 1922 215 1949 actum
232 1918 440 1958 dimittebat,
455 1929 495 1950 ac
510 1929 581 1950 suae
597 1920 692 1951 velut
707 1919 807 1950 relin-

104 1967 232 2009 quebat
248 1969 425 2008 potestati,
441 1969 491 2000 bis
508 1970 632 2009 verbis,
652 1969 732 2001 hunc
748 1978 811 2000 esse

102 2018 233 2049 liberum
246 2019 324 2050 volo.
367 2018 516 2060 Appian.
533 2019 634 2051 Alex.
651 2020 694 2050 ab
710 2018 810 2050 Alex.

106 2075 157 2098 ιν.
184 2070 236 2099 10.
291 2068 405 2100 Plaut.
433 2069 603 2101 Menaech.
634 2070 733 2101 Scen.
758 2071 810 2101 19.

104 2116 114 2132 ‘
133 2116 239 2147 Liber
254 2122 340 2156 esto,
357 2122 460 2158 atque
476 2119 526 2150 ito
539 2129 605 2160 quo
622 2118 740 2150 voles.’

151 2166 218 2197 Hic
242 2167 346 2198 Dama
377 2168 438 2208 est]
497 2169 812 2207 Verumenimvero,

108 2217 254 2259 inquies,
279 2217 334 2248 hic
362 2218 427 2248 etsi
442 2218 542 2249 modo
557 2228 674 2250 servus
688 2218 763 2258 fuit,
779 2223 814 2249 at

104 2268 178 2309 jam
198 2267 249 2298 sui
270 2268 359 2308 juris
391 2272 455 2307 est,
478 2272 514 2298 et
537 2268 678 2299 Marcus
706 2268 816 2298 Dama

112 2319 317 2361 appellatur.
379 2318 455 2357 Vel,
484 2324 523 2350 ut
548 2319 597 2350 ait
621 2318 815 2350 Autumnus

112 2379 181 2401 non
203 2379 394 2410 perperam,
413 2369 468 2399 hic
497 2379 613 2400 servus
638 2373 689 2400 est
716 2367 820 2408 frugi,

113 2429 192 2462 non,
209 2425 246 2450 ut
264 2419 384 2458 ceteri,
398 2427 521 2459 pravus
536 2423 572 2449 et
587 2419 671 2449 vilis.

157 2469 277 2510 Dama]
321 2470 451 2500 Servile
477 2479 609 2499 nomen.
656 2468 745 2499 vide
768 2468 817 2499 in-

115 2518 180 2558 sra,
196 2530 245 2550 vs.
265 2522 336 2551 161.
354 2519 395 2549 ad
413 2529 530 2550 vocem
545 2519 644 2550 Dave.
694 2519 818 2550 Horat.

118 2569 188 2599 Sat.
214 2577 254 2601 ιι.
278 2571 311 2600 7.
335 2570 344 2585 ‘
367 2568 487 2599 Prodis
503 2579 545 2599 ex
561 2568 684 2600 Judice
707 2569 821 2599 Dama

117 2619 266 2659 Turpis.’
306 2618 477 2652 observat
498 2620 714 2652 Casaubonus
731 2619 820 2651 inter

121 2669 255 2701 nomina
267 2670 402 2704 servilia
416 2669 518 2701 fuisse
535 2670 690 2712 quaedam
704 2670 820 2702 hones-

207 2722 320 2763 Delph.
335 2725 365 2752 et
385 2723 459 2754 Var-
477 2724 563 2754 Clas.

851 964 980 1004 tiora‚a
993 962 1114 1005 quibus
1128 961 1227 993 liberi
1240 970 1307 994 non
1321 961 1559 998 abhorrerent,

851 1014 1005 1056 quamvis
1035 1022 1158 1054 magna
1186 1017 1277 1044 esset
1304 1012 1339 1043 in
1366 1010 1558 1042 nominibus

852 1064 943 1106 apud
976 1065 1145 1096 Romanos
1177 1062 1329 1093 ambitio.
1385 1061 1477 1092 Hinc
1504 1063 1559 1091 est

852 1114 944 1156 qnod
970 1112 1151 1155 magnifice
1177 1112 1244 1152 hic,
1266 1113 1382 1152 Dama,
1405 1115 1559 1149 vocatur,

852 1170 889 1196 et
905 1165 1005 1206 paulo
1022 1167 1100 1205 post
1124 1166 1315 1204 repetetur,
1341 1163 1471 1193 Marcus
1491 1162 1559 1192 Da-

851 1226 914 1247 ma.

898 1266 971 1297 Non
992 1264 1101 1296 tressis
1123 1263 1231 1304 agaso]
1276 1263 1355 1294 Non
1382 1266 1435 1294 est
1461 1262 1561 1293 homo

854 1316 979 1347 nullius
1004 1314 1107 1356 pretii
1124 1318 1183 1345 aut
1203 1312 1392 1351 industriae,
1407 1321 1470 1343 nec
1488 1309 1562 1342 infi-

856 1377 919 1398 mae
936 1368 1036 1399 sortis
1052 1377 1092 1399 ac
1103 1366 1296 1407 ministerii,
1309 1363 1418 1407 qualis
1429 1364 1563 1404 jumen-

857 1423 969 1450 torum
985 1422 1135 1450 curator.

900 1472 940 1500 77
969 1468 1088 1508 vappa,
1112 1465 1228 1507 lippus]
1273 1465 1353 1497 Non
1381 1466 1563 1504 corruptus

858 1522 894 1550 et
908 1527 1065 1559 nequam,
1080 1517 1175 1548 velut
1197 1523 1409 1556 vappescens
1423 1513 1538 1544 vinum
1554 1522 1563 1543 :

857 1578 920 1599 nec
936 1567 1114 1608 imperitus
1127 1576 1167 1597 ac
1184 1565 1296 1596 animo
1312 1563 1509 1602 caecutiens,
1523 1561 1566 1593 si-

858 1618 946 1649 milis
970 1618 1002 1648 ei
1026 1616 1084 1658 qui
1110 1616 1223 1657 lippos
1258 1614 1364 1645 habet
1389 1613 1505 1644 oculos
1529 1616 1566 1644 et

859 1668 948 1699 male
960 1665 1114 1698 affectos.
1147 1666 1271 1697 Horat.
1287 1665 1359 1696 Sat.
1377 1672 1403 1694 ι.
1416 1666 1447 1695 1.
1463 1663 1472 1679 ‘
1486 1663 1566 1694 Non

859 1728 921 1760 ego
947 1727 1085 1749 avarum
1108 1716 1193 1748 Cum
1217 1720 1297 1747 veto
1323 1719 1359 1746 te
1384 1713 1471 1754 fieri,
1487 1722 1568 1753 vap-

860 1779 937 1810 pam
950 1767 1059 1809 jubeo
1076 1777 1115 1798 ac
1129 1764 1357 1797 nebulonem?

904 1820 950 1850 Et
970 1819 1003 1849 in
1026 1817 1113 1849 tenui
1128 1816 1296 1855 farragine
1312 1814 1460 1854 nundum]
1497 1813 1567 1846 Ne-

861 1878 926 1910 que
941 1873 995 1899 est
1010 1867 1248 1898 fraudulentus
1265 1866 1299 1896 in
1315 1865 1452 1896 minutis
1465 1864 1568 1895 etiam

861 1918 973 1957 rebus,
990 1922 1028 1949 et
1043 1927 1085 1948 ex
1100 1926 1223 1956 genere
1241 1925 1355 1947 eorum
1369 1915 1570 1956 qnijumen·

864 1968 919 2009 tis,
944 1978 1020 2009 quae
1042 1971 1176 2006 curant,
1200 1965 1326 2006 pabula
1357 1965 1570 1996 mentiuntur

865 2019 956 2058 data,
972 2027 1049 2049 cum
1066 2022 1181 2048 tamen
1208 2026 1248 2047 ea
1275 2014 1368 2046 furto
1392 2014 1571 2055 subripere

864 2069 1008 2100 soleant.
1053 2068 1062 2084 ‘
1079 2067 1230 2107 Farrago
1252 2064 1329 2104 est‚'
1352 2063 1464 2105 inquit
1490 2064 1573 2095 Fes-

866 2123 935 2157 tus,
957 2118 968 2134 ‘
985 2117 1073 2158 quod
1098 2126 1139 2148 ex
1166 2115 1320 2156 pluribus
1343 2115 1438 2154 satia
1455 2113 1573 2155 pabuli

867 2177 982 2207 causa,
996 2166 1097 2197 datur
1118 2164 1308 2206 jumentis.’
1355 2164 1444 2195 Plin.
1461 2172 1573 2194 xvnr.

869 2220 919 2248 16.
936 2216 996 2256 ait,
1020 2226 1063 2247 ex
1091 2216 1233 2253 Catone,
1249 2214 1339 2244 idem
1366 2213 1443 2243 olim
1467 2212 1573 2243 fuisse

870 2266 961 2308 quod
985 2275 1150 2305 ocymum.
1205 2265 1314 2294 Varro
1332 2263 1373 2293 de
1391 2262 1443 2293 Re
1473 2262 1574 2293 Rust.

871 2325 896 2346 ι.
913 2319 965 2346 31.
987 2315 1070 2345 dicit
1091 2324 1164 2345 esse
1179 2313 1351 2354 pabulum,
1363 2322 1430 2354 quo
1442 2312 1576 2353 jumen-

870 2370 906 2396 ta
922 2374 1025 2395 verno
1041 2369 1196 2404 ternpore
1221 2367 1408 2403 purgantur
1431 2367 1467 2394 et
1488 2362 1576 2403 sagi-

870 2421 1004 2446 namur.
1056 2414 1178 2454 Virgil.
1203 2413 1363 2452 Georgic.
1380 2420 1437 2444 ιιι.
1460 2412 1470 2429 ‘
1487 2413 1575 2443 Tum

872 2466 1006 2496 demum
1023 2473 1137 2495 crassa
1154 2462 1325 2504 farragine
1339 2472 1462 2503 corpus
1478 2462 1576 2493 Cres-

873 2526 951 2548 cere
961 2516 1031 2557 jam
1049 2515 1185 2546 domitis
1201 2514 1325 2545 sinito.⁷

916 2569 958 2597 78
986 2566 1123 2598 Verterit
1138 2565 1216 2595 hunc
1232 2563 1386 2603 dominus]
1415 2564 1465 2593 Ex
1482 2570 1575 2592 more

874 2622 911 2649 et
925 2617 994 2649 ritu
1008 2615 1289 2654 manumissionis,
1300 2614 1342 2645 de
1358 2622 1423 2654 quo
1440 2621 1552 2651 supra.

916 2668 1074 2699 Momento
1088 2667 1222 2698 turbinis
1235 2664 1303 2696 exit
1317 2663 1444 2695 Marcus
1457 2661 1576 2702 Dama]

815 2720 904 2754 Pers.
1473 2714 1489 2744 1
