1888 3032
711 122 893 154 SATIRA
928 122 1003 152 111.

1529 110 1587 152 75

126 225 318 278 Pingue:
351 226 469 264 caret
488 222 642 274 culpa:
674 219 831 267 nescit,
853 218 959 271 quid
980 217 1159 271 perdat3
1192 220 1248 268 et,
1270 217 1359 258 alto

127 292 378 340 Demersus,
401 301 567 330 summa
585 300 671 327 non
693 298 838 326 rursus
859 286 985 325 bullit
1006 286 1048 325 in
1068 284 1201 326 unda.

182 357 341 411 Magne
362 361 487 410 pater
510 355 691 403 Divum,
715 366 862 394 saevos
884 353 1033 406 punire
1054 357 1259 406 tyrannos

127 425 265 467 Haud
285 425 373 466 alia
394 424 559 464 ratione
580 422 704 470 velis,
722 432 820 460 cum
842 419 938 459 dira
957 419 1094 459 libido

125 491 319 533 Moverit
340 492 571 544 ingenium,
592 488 770 530 ferventi
790 488 923 528 tincta
945 499 1108 526 veneno
1126 500 1137 537 3

121 559 343 601 Virtutem
367 559 558 606 videant,
579 557 937 608 intabescantque
961 555 1128 595 relicta.

122 658 186 688 diis
201 668 303 688 crassa
324 657 480 697 pinguedo
497 659 589 686 enata
615 659 677 686 est:
701 658 790 686 tacut
810 665 910 685 noxa.-
934 654 1061 693 ignorat
1077 657 1225 693 quantum
1241 655 1379 694 amittat,
1395 658 1425 686 et
1436 654 1587 696 profundo

122 701 251 731 obrutus
274 710 333 730 non
359 699 490 738 emergit
512 700 626 729 iterum
649 699 681 728 in
703 708 875 738 supremam
898 707 1020 737 aquam.
1066 696 1192 728 Summe
1216 698 1354 728 Deorum
1373 708 1498 738 parens,
1524 698 1588 728 noli

119 744 252 782 plectere
278 743 339 773 alio
363 743 449 773 modo
477 742 614 772 dominos
638 741 785 779 crudeles,
808 741 927 781 quando
942 749 1023 770 sceva
1045 739 1200 779 cupiditas
1214 740 1329 776 insecta
1347 741 1449 771 toxico
1465 740 1588 771 ardenti

122 786 279 827 impulerit
295 786 430 816 animum
447 785 598 815 illorum:
624 793 759 824 nempe,
773 784 926 823 aspiciant
942 782 1102 823 virtutem,
1126 785 1156 813 et
1184 792 1225 813 ea
1244 784 1377 822 deserta,
1393 784 1463 814 tabe
1489 793 1586 814 emar-

736 881 850 892 eeeeee

854 881 967 892 eeeeee

126 953 348 993 censoremque
364 954 432 984 Ms.
451 953 616 985 Oak—34
641 961 762 982 rursum
788 961 847 982 non
876 950 966 981 Edit.
983 949 1103 989 Steph.
1147 958 1254 980 rursus
1272 958 1330 979 non
1347 948 1375 979 b.
1407 948 1474 980 ΜΒ.
1501 948 1588 979 R.-

124 998 163 1025 37
188 999 270 1027 tortu
288 997 353 1028 Ms.
371 997 535 1028 Geth—38
575 995 733 1027 Virtutem
747 997 782 1025 ut
798 993 859 1025 vid.
884 992 977 1024 Edit.
998 992 1116 1033 steph.

788 1084 929 1117 NOTAE

120 1149 241 1190 mitas‚'
267 1150 387 1191 inquit,
415 1151 425 1168 ⁶
443 1150 587 1191 impedit
603 1148 825 1191 sapientiam!

120 1199 208 1231 Vide
227 1205 262 1232 et
280 1211 355 1242 quae
372 1211 430 1232 nos
444 1203 516 1233 Sat.
532 1211 556 1233 ι.
572 1204 624 1233 57.
642 1201 683 1232 ad
701 1210 740 1232 ea
754 1210 826 1231 ver-

119 1251 173 1290 ba,
200 1251 336 1291 Pinguis
361 1252 562 1292 ‹equaliculus.
618 1253 742 1283 Sensus
773 1255 825 1282 est

119 1301 194 1333 hic:
218 1301 314 1334 Sicut
341 1304 446 1343 adeps
478 1313 544 1334 non
577 1302 692 1342 sentit,
718 1303 824 1344 (teste

121 1352 254 1384 Galeno
284 1356 319 1384 et
343 1352 549 1394 Aristotele)
566 1353 614 1384 sic
641 1362 703 1383 nec
730 1362 824 1383 mens

119 1402 226 1433 illius:
265 1413 343 1433 nam
369 1403 532 1434 obduruit
563 1403 687 1434 callum
718 1402 824 1433 veluti

119 1452 286 1492 quoddam
315 1453 348 1482 in
369 1453 478 1483 animo
501 1453 587 1492 ejus,
614 1461 676 1483 nec
702 1452 823 1482 mirum

121 1502 148 1532 si
175 1501 392 1541 demergatur
423 1503 456 1532 in
489 1502 694 1542 profundum
726 1501 824 1532 vitio-

119 1561 192 1582 rum
221 1562 329 1592 prono
353 1554 495 1593 impetu,
527 1562 603 1584 cum
624 1553 697 1594 jam
724 1552 823 1593 plane

120 1603 283 1634 caecutiat
301 1603 341 1634 ad
359 1604 480 1634 bonurn
497 1615 504 1634 :
530 1613 606 1644 quae
622 1608 735 1634 tamen
752 1612 822 1644 poe-

118 1662 161 1684 na
178 1659 229 1684 est
248 1664 384 1684 summae
403 1653 564 1694 nequitiae
581 1654 736 1684 maxima.

160 1705 201 1733 33
220 1703 328 1734 Nescit
346 1705 418 1744 quid
431 1703 557 1744 perdat]
572 1703 720 1734 Virtutis
735 1703 822 1733 enim

118 1755 403 1795 pulchritudinem
415 1755 485 1795 jain
500 1765 566 1786 non
581 1755 686 1793 videt,
701 1761 734 1786 et
750 1764 824 1795 pre-

117 1804 199 1835 tium
218 1805 291 1845 ejus
306 1805 458 1844 ignorat:
484 1805 571 1836 sicut
589 1810 624 1836 et
641 1805 823 1845 turpitudi-

118 1864 193 1886 nem
213 1855 371 1885 vitiorum
389 1860 424 1886 et
440 1855 613 1886 infamiam
639 1855 729 1886 hand
752 1855 824 1886 ani-

119 1904 316 1936 niadvertit.

159 1953 237 1985 Atto
259 1954 428 1995 demersus]
463 1955 634 1986 Vitiorum
661 1954 821 1986 barathro

118 2003 311 2044 absorptus.

160 2057 201 2084 34
225 2055 297 2085 Non
324 2054 428 2094 bullit]
468 2055 545 2086 Non
576 2054 732 2095 emergit,
754 2064 821 2085 non

117 2104 264 2144 assurgit
279 2115 287 2141 ;
312 2114 388 2135 nam
403 2115 480 2135 cum
504 2110 643 2146 stupens
660 2107 728 2145 ejus
745 2114 823 2136 con-

119 2154 261 2185 scientia
278 2154 378 2184 nullis
394 2160 474 2194 agat
497 2164 574 2185 eum
602 2155 825 2194 stimulis,ne-

119 2215 287 2246 quaquam
305 2205 417 2235 redire
444 2210 558 2246 potest
581 2205 623 2236 ad
652 2206 825 2236 meliorem

117 2255 262 2295 frugem.

119 2315 229 2344 scens,
261 2305 303 2336 ad
333 2310 401 2336 tam
431 2305 648 2346 deploratum
675 2310 825 2344 statum;

119 2361 154 2388 et
170 2366 264 2395 cave,
282 2365 325 2387 ne
342 2357 460 2387 eodem
489 2356 632 2387 miseriae
655 2356 825 2394 devenias,

118 2406 183 2452 nisi
199 2411 330 2437 mature
341 2405 486 2437 fraenum
499 2406 608 2447 injicis
622 2406 823 2446 petulantiae

116 2455 273 2496 juvenili.

163 2509 202 2537 35
241 2507 361 2546 Magne
388 2511 479 2547 pater
505 2506 640 2548 Divum]
684 2507 822 2548 Stupori

122 2556 239 2588 Nattae
256 2559 398 2589 acerbos
427 2559 502 2589 illos
527 2559 670 2600 opponit
695 2559 824 2590 crucia-

121 2610 189 2644 tus,
219 2617 302 2648 quos
333 2608 483 2639 tolerant
513 2608 536 2639 ii
570 2609 626 2649 qui
663 2609 834 2639 virtutem»

125 2655 294 2695 cognitam
310 2658 472 2699 habuere,
488 2668 552 2691 nec
575 2663 688 2691 tamen
715 2660 824 2691 secuti

320 2256 492 2286 Horresce
519 2265 613 2294 vero,
644 2260 680 2286 tu
712 2255 827 2286 adole-

883 1153 983 1180 sunt:
1018 1148 1078 1179 hos
1106 1157 1187 1178 vero
1218 1150 1332 1178 tantos
1359 1156 1434 1177 esse
1465 1146 1525 1185 ait,
1548 1150 1587 1176 ut

882 1199 1057 1229 sceleratis
1083 1198 1220 1238 gravius
1240 1197 1349 1238 optari
1379 1202 1586 1228 tormentum

882 1254 1049 1290 nequeat:
1085 1249 1156 1279 lraec
1188 1248 1325 1289 egregie
1354 1248 1587 1287 szaubonus,

881 1299 1043 1340 additque
1074 1298 1183 1328 videri
1209 1298 1364 1328 Persium
1396 1297 1587 1338 respexisse

879 1349 922 1380 ad
938 1349 1050 1380 locum
1069 1349 1237 1388 Platonis,
1253 1349 1285 1379 in
1307 1348 1449 1388 Gorgia,
1465 1347 1523 1378 ubi
1539 1347 1588 1378 ait

878 1400 912 1430 in
941 1399 1059 1430 animis
1086 1398 1322 1430 defunctorum
1350 1400 1587 1440 Tyrannoruin

878 1449 1006 1480 vibices
1030 1454 1163 1489 extare,
1196 1453 1302 1480 testes
1333 1460 1448 1481 eorum
1480 1450 1589 1480 scele-

879 1509 965 1539 rum,
991 1509 1010 1529 e
1027 1499 1148 1540 quibus
1165 1499 1442 1531 Rhadamanthus
1463 1509 1582 1530 eorum

879 1550 1010 1581 scelera
1025 1549 1205 1590 dijudicet.

921 1599 1025 1630 Saevos
1037 1599 1148 1639 punire
1163 1598 1327 1640 tyrannos]
1350 1598 1504 1630 Aliorum
1518 1608 1585 1630 ma-

878 1649 918 1680 lis
951 1649 1152 1690 gaudentes,
1178 1650 1293 1690 quales
1320 1648 1417 1680 fuere
1440 1650 1586 1690 Busiris,

880 1700 1079 1738 Diomedes,
1094 1700 1264 1740 Phalaris,
1279 1704 1422 1741 uterque
1453 1701 1586 1742 Diony-

879 1751 959 1791 sius,
984 1752 1128 1792 ipseque
1156 1752 1265 1790 Nero,
1282 1761 1381 1792 quem
1399 1752 1453 1782 hic
1476 1752 1587 1783 notari

879 1802 1036 1843 plerique
1052 1806 1241 1832 autumant.

920 1855 964 1883 36
989 1852 1084 1882 Haud
1109 1852 1175 1882 alia
1205 1850 1340 1891 ratione]
1379 1852 1457 1882 Non
1485 1852 1586 1883 aliter

878 1903 1009 1943 punias,
1022 1912 1122 1943 quam
1139 1901 1359 1932 conscientiae
1377 1900 1532 1941 flagellis,
1550 1906 1586 1933 et

881 1953 1047 1983 scelerum
1064 1961 1199 1982 suorum
1215 1950 1311 1981 furiis
1326 1960 1382 1981 eos
1399 1951 1584 1983 tradendo:

883 2002 960 2033 vide
974 2002 1134 2034 Juvenal.
1152 2002 1315 2032 Sat.x111.
1339 2002 1385 2032 D.
1402 2000 1584 2043 Augustin.

877 2055 935 2086 lib.
955 2055 995 2085 de
1022 2053 1201 2092 Magistro.
1219 2062 1249 2083 c.
1268 2054 1299 2083 9.
1329 2053 1337 2068 ‘
1355 2052 1515 2091 Persius:
1538 2052 1588 2083 in-

879 2106 963 2148 quit,
979 2106 988 2121 ‘
1001 2103 1156 2135 omnibus
1184 2103 1291 2142 poenis
1312 2113 1393 2143 quas
1413 2104 1585 2144 Tyranno-

880 2166 954 2186 rnm
977 2155 1031 2185 vel
1064 2153 1250 2184 crudelitas
1284 2153 1504 2194 excogitavit,
1532 2154 1584 2185 vel

881 2206 1049 2246 cupiditas
1081 2204 1212 2244 pendit,
1239 2203 1327 2234 hanc
1360 2213 1459 2233 unam
1489 2207 1584 2234 ante-

880 2255 992 2297 ponit,
1021 2264 1086 2295 qua
1112 2254 1311 2284 cruciantur
1339 2253 1501 2293 homines,
1528 2253 1585 2294 qui

880 2305 975 2341 vitia.
991 2314 1065 2345 quae
1081 2303 1191 2333 vitare
1207 2313 1274 2333 non
1295 2309 1446 2344 possunt,
1462 2314 1586 2345 cogun-

881 2360 938 2385 tur
954 2352 1163 2394 agnoscere!

922 2407 967 2435 37⁷
988 2403 1124 2434 Moveril
1142 2402 1316 2443 ingenium]
1344 2403 1525 2444 Impulerit
1541 2404 1584 2435 ad

879 2454 1015 2496 aliquod
1032 2458 1130 2484 atrox
1147 2453 1269 2484 scelus.

926 2505 1074 2536 Fcrventi
1103 2505 1205 2535 tincta
1239 2505 1368 2544 veneno]
1407 2504 1584 2544 Cupiditas

879 2564 1032 2596 praeeeps
1056 2559 1091 2584 et
1115 2553 1292 2584 vehemens
1319 2553 1524 2584 crudelitate
1547 2557 1584 2584 et

878 2604 1124 2636 inhumanitate
1145 2604 1283 2643 stipata.

923 2658 964 2687 38
993 2656 1150 2687 Virtutem
1166 2652 1308 2692 videant]
1341 2652 1426 2683 Tull.
1443 2652 1465 2684 l.
1482 2661 1522 2684 11.
1539 2653 1582 2685 de
