1888 3032
268 115 354 158 192

267 219 448 252 Turnebus
464 228 498 252 x.
516 221 567 250 13.

308 274 328 302 2
353 272 420 302 Nec
436 271 479 309 ἰιι,
494 269 564 309 ⁸5⁶]
614 267 772 298 Secunda
788 267 974 299 Protaseos

266 321 439 362 probatio,
453 320 543 361 quod
561 318 699 350 Persius
712 319 824 350 Poeta
840 329 905 350 non
919 319 975 352 sit.

267 373 414 413 Nempe,
442 370 531 411 quod
556 380 726 411 nunqnam
750 371 926 402 dormierit
941 370 975 401 in

267 422 450 459 Parnasso,
469 420 590 452 Monte
612 421 885 460 Phocidos‚duos
903 431 976 452 ver-

265 473 352 504 tices
378 472 540 511 habente,
567 472 672 502 Musis
690 481 827 511 sacros3
858 472 976 502 Titho-

266 532 326 553 rea
356 522 488 554 scilicet
509 527 544 554 et
561 522 975 563 Hyainpeum.—Parnas-

265 583 310 614 so,
337 573 407 614 dc]
447 574 740 607 Quemadmodum
776 573 823 604 illi
855 572 977 613 fontes,

265 624 308 655 de
326 624 447 665 quibus
468 625 568 656 modo
585 625 794 664 dicebamus,
817 625 889 665 poti
906 634 978 656 cre-

265 674 434 706 debantur
462 675 577 707 facere
611 676 754 707 Poetas:
793 675 843 706 sic
874 676 977 706 vicini

264 731 399 758 montes
411 725 572 767 Helicon,
592 727 764 767 Citheron,
780 731 815 757 et
832 726 976 758 Parnas-

267 786 336 817 sus,
354 786 411 808 eos
429 777 486 818 qui
502 776 789 815 conscenderent,
815 780 875 807 aut
890 775 976 807 inibi

264 831 506 859 versarentur:
543 832 578 858 et
616 827 808 868 praesertim
847 828 902 868 qui
943 827 975 857 in

266 878 332 909 illis
357 879 529 910 montibus
567 879 804 915 somniassent,
832 882 976 917 repente

266 928 396 960 Poetas
407 930 567 967 existere,
585 933 623 960 nt
637 929 678 959 de
692 929 802 959 Ennio
816 926 976 968 refertur,

265 979 324 1020 qui
356 980 499 1010 Homeri
527 979 670 1010 animam
691 979 723 1010 in
752 989 787 1009 se
812 979 976 1019 migrasse

266 1030 457 1060 somniavit.
494 1030 631 1061 Farnab.
668 1030 977 1061 Casaubon.-—Par-

265 1079 372 1120 nasso]
410 1080 490 1111 Fuit
508 1086 622 1112 autem
640 1080 804 1121 Apollini,
833 1081 977 1121 Baccho,

265 1130 388 1171 Musis,
415 1131 554 1172 aliisque
586 1132 779 1162 numinibus
800 1141 977 1162 consecra-

267 1186 334 1221 tus,
364 1182 398 1212 in
429 1192 495 1223 quo
521 1187 556 1212 et
584 1182 767 1222 Corycium
800 1183 977 1213 Musarum

266 1238 415 1265 antrum.
460 1234 561 1265 Unde
586 1240 621 1265 et
651 1235 762 1264 Musae
791 1233 978 1274 Corycides

266 1283 309 1315 ab
345 1284 471 1316 Ovidio
495 1284 530 1314 in
560 1283 833 1324 Metamorphosi
862 1283 977 1316 dictae.

265 1333 379 1366 Lubin.

309 1386 328 1414 3
356 1385 510 1425 Repente]
534 1385 605 1416 Per
621 1385 756 1417 unicum
772 1389 905 1417 tantum
919 1395 977 1426 po-

263 1438 338 1466 tum
373 1440 409 1466 et
442 1436 620 1476 somnium,
648 1436 721 1467 sine
746 1437 814 1468 ullo
846 1436 976 1468 labore.

265 1485 314 1516 Ut
326 1485 418 1516 illico
431 1490 466 1516 et
478 1487 594 1517 statim
603 1496 668 1518 nno
683 1492 854 1519 momento
866 1486 978 1519 Poeta

265 1535 396 1576 fierem,
412 1537 502 1577 quod
527 1537 647 1568 divinis
671 1538 737 1569 illis
762 1538 882 1570 Poetis
900 1548 978 1569 con-

264 1585 357 1626 tigit,
384 1585 537 1617 Hesiodo
565 1591 601 1618 et
624 1588 974 1628 Enni0.—Prodirem]

264 1634 307 1666 Id
325 1640 388 1673 est,
409 1636 532 1667 Statim
558 1647 599 1667 ex
629 1637 812 1677 improviso
836 1639 977 1670 homini-

265 1686 327 1717 bus
355 1686 466 1717 Poeta
493 1696 707 1728 apparerem,
734 1698 835 1729 quem
859 1698 975 1720 omnes

264 1740 401 1768 nossent
423 1736 593 1768 Poeticen
622 1747 792 1779 nunquam
816 1738 975 1770 didicisse

265 1790 378 1818 antea.
403 1787 714 1827 mmm—Prodire]
738 1788 975 1827 Verbum,du-

263 1838 390 1879 plicem
418 1839 588 1870 notionem
611 1839 741 1870 habet:
771 1840 870 1871 modo
898 1840 975 1871 siin-

264 1888 405 1930 pliciter
424 1888 643 1930 προέρχεσθαι,
668 1891 748 1921 dare
776 1901 811 1921 se
834 1891 866 1921 in
897 1901 976 1922 con·

266 1944 424 1979 spectum
442 1951 450 1971 :
475 1941 576 1971 modo
594 1941 684 1972 idem
699 1945 752 1972 est
781 1950 858 1972 cum
891 1942 975 1972 exis-

266 1995 354 2031 tere,
370 1996 406 2023 et
420 1993 534 2023 subito
549 2002 739 2034 emergere,
768 1998 806 2024 nt
830 1994 886 2025 Sol
904 1993 976 2024 ἀνα-

265 2040 402 2082 τέλλων,
431 2043 484 2073 vel
513 2044 634 2084 aliquis
659 2054 677 2074 e
701 2044 857 2075 machina
879 2045 975 2076 Deus

268 2092 438 2124 Comicus.
469 2094 602 2124 Casanb.

306 2145 327 2174 4
352 2143 643 2185 Ηεῑὶοοηὶαιίαειμιε]
667 2144 708 2175 Id
721 2149 785 2186 est,
800 2146 975 2178 Musarum

263 2196 472 2236 sodalitium,
506 2195 786 2237 familiaritatem,
812 2202 848 2229 et
885 2208 972 2229 com-

264 2246 428 2278 mercium
460 2256 631 2288 nunquam
663 2247 777 2288 habui,
811 2249 871 2280 sed
900 2249 974 2280 aliis

264 2297 340 2328 illas
353 2308 455 2339 cogor
473 2299 676 2339 relinquere.
694 2301 802 2331 Recte
819 2301 974 2332 meliores

265 2356 382 2378 omnes
404 2348 481 2378 libri
505 2349 738 2389 Helicvnz'adas,
767 2361 846 2391 non,
875 2355 913 2382 ut
939 2351 973 2382 in

266 2397 446 2436 nonnullis,
469 2397 680 2429 Ileliconides.
728 2400 902 2432 Dicuntur
918 2411 973 2431 au-

267 2450 337 2478 tem
373 2447 483 2477 Musae
522 2448 763 2480 floheouiades
800 2460 820 2480 a
857 2456 972 2482 monte

267 2496 429 2529 Phocidis
444 2498 609 2528 Helicone
637 2498 669 2528 in
700 2500 848 2539 Boeotia,
866 2502 973 2531 Musis

267 2559 376 2580 sacro.
405 2548 516 2579 Lubin.
552 2548 736 2580 Casaub.-—
748 2550 974 2591 Pallidamque,

265 2600 335 2641 fisa]
359 2599 461 2633 Quod
492 2600 594 2639 igitur
625 2599 785 2640 pallidam
813 2600 973 2631 Pirenem

267 2654 370 2681 vocat
398 2650 584 2692 satyricus,
608 2651 661 2681 vel
693 2650 734 2680 ad
758 2649 908 2682 fabulam
921 2661 971 2682 re-

267 2699 459 2742 ferendum,
489 2706 525 2733 et
550 2702 681 2733 luctum
703 2701 839 2734 Pirenae
856 2702 974 2734 matris

730 125 872 156 NOTAE
905 123 1174 154 VARIORUM
1209 120 1261 155 ΙΝ

1029 216 1219 257 Cenchriae,
1232 226 1275 248 ex
1291 217 1390 259 cujus
1411 217 1591 259 lachrymis
1604 213 1735 249 fontem

1028 267 1116 298 hunc
1152 277 1305 298 manasse
1345 267 1557 309 fabulantur,
1594 272 1736 300 anctore

1023 317 1222 350 Pausania:
1247 318 1301 349 vel
1313 319 1353 349 ad
1372 319 1546 359 pallorem,
1562 328 1662 360 quem
1673 318 1736 350 sibi

1028 369 1131 399 etiam
1148 369 1260 400 studio
1278 373 1314 399 et
1335 374 1409 400 arte
1426 369 1597 400 interdum
1624 367 1736 401 conci-

1027 418 1171 458 liabant,
1199 419 1256 450 isti
1280 417 1378 450 famae
1404 420 1633 459 negotiatores
1649 419 1737 450 Poki-

1029 473 1085 501 tae.
1131 469 1198 501 Hic
1229 470 1359 509 Pirene,
1391 469 1466 501 fons
1487 475 1540 501 est
1556 480 1624 501 non
1641 470 1736 502 Heli-

1027 520 1132 561 conis,
1157 525 1195 552 ut
1211 525 1331 552 censet
1356 520 1441 552 falso
1458 521 1648 560 Cornutus3
1677 520 1737 552 sed

1027 570 1282 610 Acrocorinffli,
1313 571 1372 602 ubi
1395 575 1469 603 erat
1484 571 1737 603 Corinthiorum

1028 630 1101 660 arx,
1132 622 1241 652 Musis
1266 622 1505 663 Nymphisque
1530 631 1639 653 sacer.
1673 620 1737 652 Lu-

1029 671 1092 703 bin.
1119 672 1252 704 Casaub.

1071 726 1090 752 5
1116 723 1197 761 Illis,
1209 722 1278 763 Bra]
1297 723 1414 755 Poetis
1425 723 1556 764 priscis,
1572 722 1739 764 Hesiodo,

1031 771 1152 812 Ennio,
1175 777 1209 803 et
1240 774 1387 804 caetea-is.
1421 774 1739 804 Lubinus.-Remit-

1029 822 1134 863 toque]
1198 823 1359 854 Meliores
1402 823 1478 854 libri
1519 827 1555 854 et
1592 823 1740 854 Puteani

1029 874 1246 914 membranae,
1273 875 1420 905 remitto:
1458 873 1515 904 alii
1541 873 1676 904 codices
1691 884 1739 906 re-

1028 924 1142 964 linqua.
1188 924 1364 965 Signatum
1382 925 1522 956 verbum
1539 924 1630 965 apud
1650 925 1738 965 opti-

1027 983 1098 1005 mos
1116 974 1302 1014 scriptores
1333 975 1393 1005 hae
1411 974 1562 1012 notione,
1586 984 1663 1006 cum
1680 975 1739 1005 ali-

1027 1024 1109 1065 quid
1132 1021 1373 1065 παραιτούμεθα,
1402 1028 1438 1055 et
1473 1024 1646 1064 rejicimus
1684 1025 1740 1056 vel

1028 1075 1193 1105 oblatum.
1236 1076 1568 1115 Casum—Quorum,
1592 1075 1664 1116 ξε]
1698 1076 1741 1107 Id

1028 1131 1093 1164 est,
1108 1125 1175 1157 Qui
1191 1126 1234 1156 ob
1251 1126 1391 1166 egregia
1412 1136 1472 1157 sua
1499 1126 1649 1157 carmina
1671 1130 1738 1157 sta-

1030 1180 1105 1206 tuas
1129 1179 1164 1206 et
1180 1175 1343 1216 imagines
1359 1176 1485 1207 hedera
1507 1182 1686 1208 coronatas
1704 1177 1739 1208 in

1029 1226 1103 1256 aede
1133 1225 1368 1256 Camoenarum
1400 1231 1535 1257 erectas
1563 1224 1738 1267 promeriti

1027 1280 1118 1315 sunt,
1135 1280 1171 1306 et
1201 1280 1330 1306 aeterna
1353 1277 1448 1317 quasi
1471 1277 1642 1308 hominum
1669 1286 1747 1323 me-¹

1027 1326 1136 1357 moria
1166 1326 1258 1366 digni
1285 1327 1594 1367 sunt.—Lambunt]
1627 1329 1737 1359 Meta-

1030 1377 1135 1416 phora
1152 1377 1193 1407 ab
1210 1377 1432 1417 animalibus3
1457 1379 1490 1409 id
1507 1384 1572 1418 est,
1585 1380 1739 1420 cingunt,

1029 1426 1193 1466 ambiunt,
1215 1427 1429 1459 circumfusae
1456 1429 1642 1469 attingunt.
1670 1429 1738 1461 Re-

1029 1476 1132 1517 spicit
1154 1483 1267 1508 autem
1295 1478 1337 1509 ad
1366 1478 1449 1510 folia
1480 1478 1631 1519 hederae,
1662 1490 1737 1521 quae

1027 1527 1133 1558 instar
1164 1529 1287 1569 linguae
1312 1529 1447 1568 trifidae,
1473 1529 1507 1560 id
1531 1535 1598 1569 est,
1622 1531 1738 1571 lingua

1028 1579 1123 1619 quasi
1142 1583 1283 1617 tergunt
1298 1585 1336 1610 et
1350 1580 1514 1611 ambiunt.
1538 1580 1652 1611 Lubin.

1070 1631 1091 1659 6
1120 1629 1268 1669 Hederae]
1308 1630 1373 1660 Hae
1405 1630 1542 1661 Baccho
1569 1640 1690 1671 sacrae,
1703 1635 1737 1662 et

1027 1679 1061 1709 in
1077 1681 1205 1711 Bacchi
1237 1682 1345 1712 tutela
1372 1686 1471 1712 erant
1502 1681 1635 1722 Poetae,
1652 1692 1736 1723 ergo

1020 1729 1099 1770 jure
1122 1729 1188 1760 illis
1210 1731 1472 1761 coronabantur.
1518 1733 1528 1748 ⁶
1545 1732 1603 1762 Me
1621 1732 1735 1763 docta-

1028 1790 1100 1811 rum
1130 1781 1266 1812 hederae
1297 1781 1437 1822 praemia
1462 1780 1625 1813 frontium
1659 1782 1736 1813 Diis

1026 1832 1173 1863 miscent
1190 1831 1346 1872 superis!
1400 1832 1663 1863 Coronabantur
1679 1843 1736 1864 au-

1027 1886 1094 1913 tem
1126 1883 1247 1915 Poe'tae
1282 1884 1423 1924 hedera,
1452 1885 1559 1923 laura,
1597 1894 1737 1927 quercu,

1027 1934 1328 1975 apio.-*Sequaces]
1364 1935 1419 1966 lta
1446 1935 1549 1966 dictae
1573 1935 1663 1975 qnod
1700 1945 1735 1967 se

1028 1986 1222 2025 spargendo
1234 1985 1391 2024 dilatent,
1407 1990 1442 2015 et
1454 1985 1652 2026 crescendo,
1663 1996 1735 2017 mu-

1028 2045 1082 2066 ros
1099 2040 1135 2066 et
1160 2036 1311 2075 arbores,
1341 2045 1424 2077 quas
1452 2036 1557 2066 semel
1584 2046 1738 2077 compre-

1026 2085 1206 2116 hendendo
1222 2085 1464 2126 implicuerint,
1479 2086 1646 2117 tenaciter
1659 2095 1736 2127 per-

1028 2140 1225 2176 sequantur.
1272 2137 1348 2168 Qua
1379 2136 1510 2167 ratione
1542 2147 1562 2167 a
1591 2137 1736 2178 Virgilio

1026 2193 1213 2227 serpentes,
1241 2191 1409 2227 errantes,
1447 2193 1482 2218 et
1522 2188 1734 2222 adhaerentes

1026 2237 1272 2280 dictaess-Ipse,
1288 2238 1356 2278 ssa]
1383 2239 1543 2280 Sequitur
1564 2238 1734 2279 Apodosis

1026 2289 1306 2320 dissimxlitudinis
1322 2301 1329 2321 ε
1363 2290 1475 2320 Tamen
1488 2299 1609 2320 carmen
1624 2289 1737 2329 scribo,

1025 2343 1055 2371 et
1085 2340 1156 2370 licet
1193 2341 1410 2380 scmz'pagnnus
1436 2341 1508 2379 sim,
1543 2341 1676 2381 ineptias
1703 2343 1733 2370 ct

1024 2391 1180 2422 vanitates
1203 2401 1285 2422 meas
1300 2391 1430 2421 insulsas
1443 2401 1511 2421 cum
1524 2391 1638 2421 divinis
1654 2391 1732 2421 Poe·-

1024 2445 1127 2472 tarum
1139 2443 1325 2473 carminibus
1336 2443 1495 2481 conjungo.
1527 2442 1665 2472 Incusat
1681 2451 1732 2472 cr-

1026 2502 1068 2532 go
1088 2502 1123 2521 se
1151 2493 1335 2532 pertinacis
1352 2493 1526 2532 enjusdam
1545 2496 1578 2522 et
1595 2492 1732 2532 insignis

1025 2541 1257 2581 impudentiae,
1282 2548 1317 2571 ut
1335 2543 1396 2571 suh
1414 2553 1472 2571 sua
1490 2551 1635 2581 persona
1647 2543 1730 2573 alios

1025 2593 1472 2634 exagitet.—Sem1·p‹1g‹mus]
1493 2595 1530 2625 ld
1548 2600 1611 2635 est,
1624 2595 1731 2627 Semi-

1025 2643 1140 2686 poeta.
1198 2644 1240 2675 Id
1269 2650 1332 2684 est,
1359 2646 1431 2685 Ego
1465 2656 1614 2687 paganus
1644 2656 1729 2685 snm,

1025 2694 1153 2727 nullum
1177 2694 1306 2728 habeus
1337 2705 1413 2727 cnm
1442 2696 1550 2728 Musis
1570 2706 1731 2729 commer-
