1888 3032
672 139 829 169 l‘l'iRSll

155 237 248 267 totas
279 234 374 266 ducis
407 239 442 265 ct
470 244 511 265 cx
540 234 646 264 solido
667 244 749 265 auro
765 233 862 264 facis.

156 287 253 318 Nota
269 291 383 317 autem
399 285 489 326 quod
509 285 713 325 generaliter
735 284 863 323 Satyri-

154 347 194 367 co
211 337 276 367 risu
308 336 455 366 Deorum
487 335 679 372 simulacra,
705 334 757 364 vel
774 334 861 373 ipsos

154 387 249 416 Deos
265 385 429 424 sculptos,
457 385 510 415 vel
529 385 679 415 Deorum
698 383 860 423 imagines

154 441 257 468 vocet
287 436 399 467 ahenos
422 436 557 474 fratres.
603 434 749 466 Stabant
771 434 860 464 enim

150 487 184 517 in
215 486 384 527 Apollinis
414 486 558 516 Palatini
578 485 710 524 porticu
728 483 860 524 effigies

152 547 255 568 aeneae
275 538 519 578 quinquaginta
534 535 679 566 filiorum
707 534 860 574 JEgypti,

150 587 270 627 quibus
310 593 346 618 ut
385 592 419 618 et
459 586 621 625 Apollini,
652 584 858 625 AEscnlapio‚

152 639 248 678 Isidi,
277 642 339 670 διο.
368 637 527 669 attribuit
543 637 723 668 vetustatis
739 646 856 676 super-

149 689 242 720 stitio
261 688 325 719 vim
344 689 376 719 iu
396 688 518 719 soumis
542 687 715 718 iudicandi
733 688 855 718 curati-

149 749 230 770 ones
259 745 294 771 et
325 740 474 771 remedia
500 740 706 771 morborum.
752 740 852 773 Quod

149 791 244 821 sicui
263 799 458 831 persuasum
477 796 578 829 esset,
601 800 636 821 se
663 790 705 821 ab
732 790 780 821 liis
798 790 851 821 vel

144 841 210 872 illis
227 842 367 872 istorum
384 841 526 872 fratrum
544 841 667 872 certius
685 851 723 871 ac
739 841 850 871 verius

148 892 314 922 somnium
332 892 519 932 accepisse,
544 900 603 922 eos
631 901 700 931 pra²
717 891 851 922 caeteris

147 942 253 973 coluit
269 948 304 973 et
322 943 502 973 inauravit.
528 942 595 973 Alii
615 942 655 972 ad
674 942 849 973 Castorem

145 996 182 1022 et
199 992 373 1023 Pollucem
398 991 558 1023 referunt.
585 992 849 1022 firma—Ahe-

146 1041 215 1081 nos]
237 1043 358 1073 AEneas
383 1047 511 1073 statuas
532 1042 695 1083 iutelligit
710 1042 742 1072 iu
759 1041 850 1072 Pau-

145 1092 224 1122 tb'eo
241 1093 367 1124 Romae.
413 1092 526 1124 Lubin,

185 1145 227 1173 57
251 1142 392 1183 Somnia,
407 1144 475 1184 affixa]
498 1143 563 1173 Illa
586 1142 675 1172 enim
702 1152 777 1173 cum
794 1152 849 1172 ca-

142 1199 206 1234 put
234 1196 410 1235 oppletum
438 1199 503 1233 est,
534 1199 570 1224 ut
595 1195 627 1224 in
654 1194 849 1233 gravedine,

141 1244 279 1276 fallacia
294 1251 330 1277 et
347 1247 460 1276 inania
485 1245 654 1276 insomnia
667 1246 849 1276 obversan-

142 1302 208 1327 tur.
253 1297 428 1337 Ejusmodi
459 1306 539 1327 vera
575 1296 740 1326 insomnia
775 1295 848 1326 Θεό-

139 1360 243 1386 πεμτα
269 1348 439 1379 dicuntur.
487 1347 638 1378 Lubinus.
652 1365 694 1370 —-
707 1348 847 1386 i‘s'omnia,

139 1397 209 1437 εἷτα]
233 1397 398 1438 Appellat
428 1397 574 1437 figurate
604 1398 674 1434 illa,
705 1407 846 1437 qnorum

138 1449 224 1480 rides
251 1450 378 1480 certior
397 1450 431 1480 in
461 1448 610 1479 sanando
634 1453 670 1479 et
693 1448 847 1479 efficacia

141 1501 261 1540 major.
303 1500 372 1531 Per
392 1500 509 1530 εοηιηὶα
523 1499 610 1529 enim
636 1499 706 1529 sive
724 1499 845 1529 insom-

139 1550 196 1580 nia
223 1550 385 1590 intelligit
417 1553 698 1590 praemonstratas
725 1550 847 1580 curati-

137 1609 231 1632 ones.
267 1600 476 1631 casaubonus.
517 1601 607 1639 Lege
637 1600 754 1639 pituita
784 1609 845 1639 per

136 1655 208 1681 tres
232 1651 446 1691 syllabas.——
461 1649 708 1690 Pur-gatissima]
742 1650 845 1682 Omni

138 1701 265 1741 pituita
292 1711 398 1733 vacua
412 1707 450 1733 ct
464 1702 627 1741 carentia,
649 1701 684 1732 id
701 1707 766 1741 est,
782 1702 843 1732 Ve-

137 1762 187 1791 ra,
203 1756 308 1793 certa,
331 1762 397 1783 non
414 1762 499 1784 vana
516 1757 551 1784 et
568 1752 759 1784 temeraria.
782 1753 844 1783 Lu-

138 1803 202 1834 bin.

180 1854 223 1883 58
249 1852 407 1892 Proecipui
428 1855 533 1895 sunto]
567 1853 680 1894 Magis
694 1854 842 1892 colendi,

134 1902 380 1935 honoratiores.
402 1903 516 1934 Lubin.
578 1904 626 1935 Iis
643 1914 723 1943 ergo
741 1904 844 1944 potis-

131 1952 254 1984 simum
286 1954 360 1984 Diis
385 1964 405 1985 a
427 1954 549 1994 quibus
567 1955 709 1995 plurima
727 1965 842 1996 spera-

136 2003 230 2044 bant,
260 2009 319 2035 aut
348 2014 490 2045 quorum
514 2009 721 2045 potestatem
740 2006 843 2036 maxi-

133 2063 223 2085 mam
252 2055 431 2095 putabant,
457 2065 595 2086 auream
624 2055 763 2086 barbam
782 2057 840 2087 tri-

133 2104 295 2136 buebant.
332 2105 505 2138 Casaubon.
557 2107 683 2138 Censet
712 2108 839 2138 Turne—

132 2155 195 2186 bus
220 2155 367 2188 Advers.
400 2165 424 2187 t.
453 2160 504 2188 16.
540 2157 594 2188 hic
631 2168 837 2190 summorum

132 2205 286 2237 Deorum
301 2206 445 2246 insignia
459 2207 654 2247 significari.
678 2208 792 2240 Lubin.

173 2258 216 2287 59
242 2257 373 2294 Aurum,
403 2256 473 2297 δῖα]
511 2256 590 2288 Alia
619 2267 716 2289 vauae
746 2258 835 2290 illius

130 2306 174 2337 de
190 2306 266 2336 Diis
291 2306 458 2347 opinionis
499 2306 624 2339 effecta
648 2308 835 2348 describit;

129 2356 219 2397 quod
235 2357 312 2388 hinc
339 2367 419 2388 vasa
442 2357 559 2389 fictilia
573 2364 607 2389 et
623 2359 746 2399 lignea,
763 2359 834 2400 qui-

129 2406 192 2437 bus
209 2408 320 2438 Numa
347 2409 405 2439 ille
434 2409 663 2440 sanctissimus
695 2410 774 2441 olim
801 2410 833 2440 in

129 2456 305 2488 sacrificiis
322 2468 399 2489 usus
417 2464 518 2499 esset,
534 2460 567 2490 in
585 2469 687 2490 aurea
703 2465 834 2492 mutata

128 2509 387 2540 essene—Vasa
417 2510 547 2551 Numae]
585 2511 635 2543 Ut
652 2512 831 2552 simpuvia,

127 2557 322 2599 capedines‚
351 2559 477 2592 fictiles
511 2562 830 2603 urnulae.—Numae]

128 2606 198 2638 Qui
225 2608 430 2650 Pytliagorae
458 2611 647 2644 imitatione
662 2614 772 2644 vetuit
787 2614 830 2645 si-

128 2655 276 2687 mulacta
302 2658 336 2689 in
363 2662 496 2702 templis
512 2662 598 2695 fieri.
644 2664 830 2696 Iutcrdixit

127 2706 230 2739 etiam
247 2710 282 2740 et
297 2709 407 2742 vetuit
422 2721 542 2746 aurum
557 2716 684 2756 templo
699 2714 827 2749 inferri.

893 138 996 169 ΜΤ.
1031 139 1081 167 11.
1531 129 1615 170 229

912 232 1263 273 ——Satuv·11iaque‚85c.]
1301 232 1358 264 AEs
1387 232 1421 264 in
1452 232 1526 264 ade
1556 234 1616 264 Sa-

913 283 1003 314 turni
1030 283 1252 321 condebatur,
1288 282 1436 314 nondum
1471 287 1616 323 argento

910 342 1061 374 auroque
1075 334 1222 374 signato.
1268 333 1369 363 Unde
1385 333 1540 364 aerarium
1558 343 1616 364 no-

910 394 987 414 men
1003 385 1150 424 accepit.
1177 385 1256 415 Fuit
1273 389 1387 415 autem
1415 385 1498 415 assis
1514 385 1615 416 libra-

910 434 962 472 lis,
979 440 1013 465 et
1030 435 1241 475 dupondius:
1272 435 1360 476 quod
1377 434 1478 465 hodie
1501 434 1536 466 in
1553 445 1616 466 usu

910 486 1083 524 remansit,
1111 490 1146 516 ct
1174 486 1305 517 solebat
1337 486 1471 526 pensari
1501 487 1615 527 potius

908 544 1008 575 quam
1036 537 1228 567 numerari:
1256 536 1345 567 unde
1369 541 1404 567 et
1429 537 1615 578 Dispensa-

908 589 1000 616 tores
1015 585 1098 617 dicti
1113 585 1383 626 Praerogatores.
1413 588 1478 618 Vet.
1494 587 1614 619 sch.—

906 635 1060 668 Saturnia
1086 636 1165 677 ῶνα]
1195 636 1296 668 AErea
1312 639 1462 677 vascula,
1481 639 1613 680 quibus,

905 697 1008 719 aureo
1025 689 1154 728 seculo,
1168 688 1316 720 Saturno
1339 697 1520 730 regnante,
1536 701 1613 724 cum

903 739 984 770 nihil
1014 740 1143 781 uspiam
1178 740 1250 771 auri
1283 745 1385 781 esset,
1415 742 1612 774 utebantur.

901 790 1015 822 Lubin.
1060 791 1153 830 AEra,
1176 791 1209 822 in
1235 791 1357 832 quibus
1379 794 1505 824 veteriS
1530 804 1610 834 pop.

903 842 999 874 Rom.
1024 852 1106 882 opes
1122 843 1225 873 etiam
1243 842 1389 883 publicae
1407 849 1506 876 eraut
1523 846 1612 885 posi-

901 896 943 922 tae
963 903 969 922 :
996 892 1118 924 alludit
1134 893 1176 924 ad
1195 894 1366 933 aerarium,
1381 895 1470 935 quod
1487 895 1519 926 in
1537 897 1611 927 aede

899 942 1047 974 Saturni.
1089 943 1496 985 Casaubonus.—Impulit]
1536 946 1610 978 Irno

902 994 1048 1033 expulit,
1071 998 1106 1024 et
1123 1003 1141 1025 e
1156 995 1293 1035 templis
1310 996 1470 1037 removit,
1485 1002 1520 1027 et
1537 998 1611 1028 loco

902 1043 1040 1084 dejecit.
1074 1044 1222 1076 Lubinus.

944 1097 986 1125 60
1015 1095 1218 1135 Vestalesque,
1234 1096 1301 1136 δῖα]
1339 1097 1479 1128 Fictiles
1495 1108 1611 1140 urnas,

899 1143 1021 1183 quibus
1059 1144 1218 1185 Virgines
1251 1146 1410 1177 Vestales
1453 1152 1608 1188 ternpore

902 1194 1024 1225 Numae
1066 1195 1316 1227 utebantur.—
1331 1197 1463 1228 Tuscum
1491 1198 1609 1240 fictile]

900 1246 1081 1277 Fictilibus
1110 1247 1198 1277 euim
1221 1248 1367 1279 Thuscia
1390 1249 1513 1281 nobilis
1530 1249 1609 1291 fuit,

900 1296 933 1326 in
950 1307 1016 1338 qua
1032 1297 1179 1337 plastice
1201 1299 1442 1339 exercebatur,
1470 1306 1505 1332 et
1519 1302 1609 1341 opti-

899 1357 954 1378 ma
970 1347 1092 1379 fictilia
1114 1349 1361 1380 condebantur.
1409 1352 1556 1383 Posseut
1573 1357 1610 1384 et

899 1399 1021 1431 fictiles
1055 1401 1218 1440 imagines
1255 1402 1412 1443 intelligi.
1459 1403 1608 1436 Luhinus.

899 1449 951 1480 Au
971 1460 1011 1481 eo
1030 1451 1183 1491 respicit,
1201 1452 1290 1492 quod
1308 1453 1470 1494 pleraque
1488 1454 1530 1484 ad
1556 1464 1608 1485 re-

897 1500 1055 1540 ligionem
1068 1502 1262 1541 spectantia
1276 1501 1468 1535 babuerunt
1485 1505 1607 1536 Roma-

897 1551 930 1582 ni
948 1551 989 1581 ab
1012 1552 1186 1582 Etruscis?
1212 1552 1420 1585 Casaubonus.

941 1605 980 1633 61
1009 1602 1168 1641 Ocurvae,
1191 1603 1260 1642 δῖα]
1309 1604 1371 1634 Est
1403 1605 1606 1638 exclamatio

895 1653 1140 1695 indignationis
1171 1655 1285 1695 plena,
1316 1666 1383 1697 qua
1409 1667 1496 1688 vana
1530 1659 1605 1690 haec

895 1704 1013 1745 populi
1029 1704 1071 1735 dc
1087 1705 1166 1736 Diis
1183 1706 1309 1746 opinio,
1337 1708 1427 1748 quod
1451 1714 1488 1740 ut
1504 1709 1607 1741 bomi-

895 1765 966 1795 neS,
982 1756 1030 1787 sic
1046 1761 1082 1787 et
1092 1757 1153 1787 Dii
1166 1758 1360 1789 muneribus
1373 1759 1605 1803 delectentur,

894 1804 1151 1837 refellitur.—O
1166 1807 1281 1847 ειη-ια’]
1323 1808 1457 1841 Animae
1475 1821 1604 1853 pronae,

895 1854 1023 1896 bardae,
1039 1857 1198 1897 stupidae,
1212 1867 1322 1889 rerum
1336 1859 1526 1892 divinarum
1544 1872 1602 1893 ex·

894 1911 1023 1947 pertes,
1038 1910 1074 1937 ct
1092 1906 1133 1937 ad
1150 1909 1270 1938 coelum
1296 1909 1435 1940 minime
1460 1917 1600 1944 erectae.

892 1957 1063 1996 —Curvae]
1103 1958 1203 1990 Quod
1221 1959 1302 1989 nihil
1321 1965 1449 2000 praeter
1464 1967 1602 1995 terrena

892 2008 1112 2048 meditentur,
1128 2009 1211 2039 nihil
1223 2011 1421 2052 coeleste,et
1439 2013 1515 2044 Deo
1531 2014 1602 2055 dig-

891 2067 970 2089 num
1000 2060 1207 2100 concipiant.
1253 2061 1409 2102 Metaph.
1441 2073 1460 2093 a
1498 2064 1600 2096 rebus

891 2110 1063 2150 corporeis
1080 2110 1122 2141 ad
1137 2111 1294 2143 animam.
1317 2112 1520 2145 Lubin.-In
1535 2117 1599 2146 ter·

888 2160 948 2201 ris]
988 2161 1056 2193 Qui
1071 2170 1137 2192 non
1151 2162 1258 2193 solum
1278 2167 1404 2194 terram
1427 2169 1601 2207 spectant,

887 2211 944 2241 sed
960 2211 994 2241 iu
1011 2211 1070 2242 illa
1092 2212 1156 2242 toti
1172 2212 1324 2244 haerent:
1351 2222 1394 2244 ne
1421 2214 1598 2248 minimum

887 2261 1025 2302 quidem
1058 2263 1255 2294 attollentes
1279 2273 1314 2294 se
1331 2273 1436 2305 supra
1448 2265 1598 2299 humum.

887 2313 1335 2355 casaubonum—caelestium]
1368 2315 1446 2348 Suae
1461 2321 1595 2350 naturae

884 2363 1026 2404 ignarae,
1055 2374 1131 2395 cum
1163 2375 1182 2395 a
1205 2365 1407 2398 Coelestibus
1430 2367 1594 2408 originem

885 2414 1058 2446 duxerint.
1105 2415 1228 2447 Inaues
1242 2416 1317 2457 ejus
1334 2418 1538 2459 cognitionis
1554 2428 1593 2450 ac

885 2465 1051 2505 scientiae,
1080 2476 1156 2507 quae
1185 2467 1286 2498 docet
1311 2468 1392 2509 quid
1416 2469 1461 2501 sit
1484 2470 1593 2510 Deus,

883 2521 918 2546 et
934 2517 1100 2556 quomodo
1116 2517 1288 2549 adoretur.
1315 2519 1433 2549 Lubin.

925 2569 966 2597 62
992 2567 1091 2607 Quid,
1119 2568 1189 2608 fisa]
1234 2568 1326 2600 Quid
1362 2567 1514 2608 prodest,
1542 2577 1587 2598 ex

881 2621 999 2648 nostro
1013 2617 1151 2658 ingenio
1167 2622 1203 2649 et
1218 2617 1364 2648 moribus
1381 2618 1476 2648 Deos
1491 2626 1589 2656 spec-

881 2671 965 2706 tare,
980 2672 1017 2699 et
1033 2668 1168 2709 templis
1190 2667 1231 2697 ad
1257 2668 1349 2697 Deos
1367 2671 1501 2697 nostros
1515 2676 1586 2698 mo-

879 2726 946 2759 res,
961 2718 1152 2759 avaritiam,
1168 2720 1202 2749 et
1220 2716 1292 2748 auri
1308 2715 1500 2758 cupidinem
1523 2718 1583 2749 im-
