1888 3032
648 166 810 198 r113Rsn

114 262 274 304 Quisquis,
288 255 356 303 φὶ]
386 262 464 294 Jam
482 261 591 293 Poeta
607 262 746 293 Persius
761 261 816 292 ad-

114 314 259 345 versario
285 313 437 354 superius
463 313 603 344 inducto
630 312 815 353 respondet

113 372 175 404 per
201 364 454 395 concessionem
482 362 754 394 dissimilitudine
780 363 816 393 il-

110 415 299 445 lustratam.
360 414 463 447 Quasi
500 413 615 444 dicat:
655 413 815 445 Concedo

113 464 174 496 tibi
191 465 324 495 laudem
342 463 569 505 respuendam
585 473 650 494 non
667 473 751 502 esse,
768 464 815 494 ita

112 521 240 554 tamen,
264 515 363 557 quod,
378 515 541 557 quamvis,
567 515 595 545 si
623 514 705 555 quid
735 514 815 545 boni

112 566 234 604 scribo,
249 566 383 596 laudem
410 565 489 595 milii
506 564 645 595 decerni
662 574 729 594 non
746 574 815 594 mo·

110 617 197 648 leste
213 615 334 655 feram,
349 621 461 647 tamen
479 615 520 645 ad
539 614 672 645 landem
691 619 726 645 et
745 615 814 655 glo-

111 669 193 700 riam
210 678 275 699 non
292 668 426 700 scribo:
462 667 539 706 Vel,
555 677 594 698 eo
609 676 675 697 non
692 667 816 705 scribo,

111 725 149 751 ut
181 719 314 750 laudem
346 718 742 758 commitam—Quisquis
771 717 816 756 es]

112 769 319 801 Contemtim
336 769 433 807 dicit,
451 769 541 809 quasi
567 769 608 798 ad
640 769 815 808 ignotum3

110 820 144 851 id
173 824 236 860 est,
264 819 468 859 Quicunque
494 829 539 857 es,
565 820 676 860 inquit
693 819 816 858 Poeta,

111 881 213 912 quem
226 871 346 902 induxi
363 871 462 901 modo
487 879 540 901 me
566 875 758 902 monentem
780 875 816 901 et

111 922 191 952 mihi
208 921 439 962 objicientem,
452 931 534 961 cape
546 922 618 961 jam
636 921 737 951 animi
750 921 816 952 mei

112 972 316 1003 sententiam
353 970 577 1003 manifestam.
637 970 817 1003 Eumol).—

113 1022 223 1062 Modo]
247 1022 354 1053 Paulo
370 1027 449 1053 ante
462 1033 536 1054 cum
553 1022 642 1054 dixit
659 1022 816 1053 adversa-

111 1073 191 1111 rius,
213 1075 222 1089 ⁴
240 1073 342 1104 Rides
370 1078 405 1104 et
432 1073 530 1104 nimis
557 1074 652 1104 uncis
678 1074 816 1105 naribus

109 1122 398 1164 indulges.'—E.r‚
421 1123 491 1164 elsa]
528 1124 611 1154 Mea
635 1124 818 1164 reprehen-

112 1174 206 1205 sione
221 1174 301 1205 mihi
321 1173 388 1206 feci
415 1185 434 1205 e
458 1175 632 1205 contrario
648 1181 683 1206 et
699 1175 817 1206 adver-

110 1233 166 1255 sus
181 1233 234 1254 me
253 1224 381 1264 dicere,
408 1225 489 1256 mihi
517 1226 754 1258 contradicere
780 1231 816 1258 et

110 1274 282 1306 resistere.
327 1275 441 1307 Lubin.

153 1328 194 1357 45
219 1326 303 1363 Nan,
318 1326 388 1366 ξιπ]
433 1328 496 1359 Est
512 1328 660 1369 protasis
675 1328 816 1359 dissimi-

109 1377 277 1416 nundinis,
300 1377 453 1409 modesta
469 1379 589 1409 virium
607 1389 741 1410 suarum
758 1389 816 1410 ex·

112 1427 308 1458 tenuatione
333 1427 516 1459 illustrata.
572 1429 679 1461 Quasi
704 1429 816 1460 dicat:

112 1477 201 1507 Laus
217 1476 352 1517 quidem
378 1477 404 1507 si
429 1477 541 1508 obiter
558 1477 599 1508 ad
615 1487 670 1508 me
689 1478 818 1517 veniat,

111 1535 179 1557 non
196 1532 249 1557 est
263 1526 640 1567 recusanda.——Si,{3·c.]
657 1528 817 1559 Modeste

112 1577 201 1607 xires
229 1586 304 1607 suas
332 1581 509 1608 extenuat.
554 1577 588 1608 Si
618 1578 697 1619 quid
725 1577 816 1610 forte

112 1626 238 1667 aptius,
264 1627 472 1665 concinnius,
497 1628 686 1668 elegantius
717 1638 737 1659 a
763 1638 816 1659 me

112 1677 244 1708 edatur.
275 1678 378 1708 Exire
394 1678 481 1708 enim
498 1677 553 1708 hic
569 1682 634 1717 est,
648 1678 691 1708 ad
702 1677 817 1720 finem,

110 1737 149 1759 ac
166 1733 289 1759 metam
307 1729 496 1769 pervenire.
545 1729 677 1760 casaub.

154 1780 196 1808 46
221 1778 364 1815 Quando,
385 1780 454 1820 fisa]
497 1779 682 1820 Singularis
707 1780 815 1811 Persii

111 1828 291 1864 modestia,
326 1838 386 1858 sna
422 1830 650 1861 extenuantis.
711 1831 817 1863 Quasi

112 1879 228 1909 dicat:
268 1878 373 1909 Forte
406 1880 528 1910 merito
558 1880 648 1918 dico,
681 1881 816 1921 qnando

113 1929 177 1960 hoec
191 1929 269 1967 aris,
295 1934 334 1959 ut
363 1929 477 1969 aptius
506 1930 631 1971 aliquid
662 1930 818 1970 scribam,

112 1989 189 2010 rara
215 1979 396 2010 admodum
425 1979 517 2020 apud
546 1989 599 2010 me
626 1985 689 2020 est,
705 1980 738 2010 id
756 1985 817 2020 est,

111 2039 224 2060 rarum
241 2029 396 2060 nimirum
422 2034 458 2061 et
480 2030 678 2061 inusitatum
697 2036 762 2069 est,
779 2035 817 2061 ut

113 2079 239 2120 aliquid
256 2080 354 2110 laude
376 2079 513 2120 dignum
531 2090 550 2111 a
565 2091 619 2111 me
634 2081 814 2112 scribatur.

113 2130 192 2169 Vel,
224 2129 322 2160 Licet
348 2131 550 2161 concinnum
577 2130 710 2170 poema,
740 2140 816 2161 rara

114 2181 186 2211 avis
199 2181 257 2219 sit,
273 2185 307 2211 et
321 2180 466 2211 Phoenix
488 2181 586 2211 alter.
633 2182 816 2213 Formi).—

114 2231 152 2262 Si
177 2231 258 2271 quis,
277 2229 348 2270 ξω]
387 2230 492 2262 Quasi
509 2231 623 2262 dicat:
649 2232 684 2262 Si
701 2237 815 2262 tamen

113 2280 187 2311 fieri
211 2280 330 2321 possit,
358 2284 396 2311 ut
420 2281 617 2312 concinnius
642 2281 770 2322 aliquid
798 2291 817 2313 a

112 2339 166 2361 me
181 2330 400 2362 scriberetur.
446 2331 559 2363 Lubin.

156 2383 197 2412 47
219 2381 370 2422 Laudari,
384 2383 453 2423 ζα]
497 2382 538 2412 Id
555 2387 618 2424 est,
635 2382 748 2414 Nolim
761 2383 817 2414 vel

113 2441 269 2463 recusem
283 2432 425 2463 laudari.
472 2433 611 2464 Interea
637 2444 755 2465 vanam
777 2435 816 2466 il·

114 2483 180 2513 lam
197 2483 314 2524 populi
330 2493 443 2514 auram
459 2493 526 2514 non
543 2484 722 2515 ambitiose
737 2495 817 2516 con-

113 2533 402 2574 secta—Neque,
415 2533 485 2574 εμπ]
529 2534 607 2565 Non
623 2534 731 2565 babeo
747 2536 817 2566 ani-

115 2591 204 2612 mum
219 2582 305 2613 adeo
320 2583 441 2614 durum
457 2589 493 2614 et
509 2583 552 2614 ab
567 2585 658 2615 omni
673 2585 816 2616 humano

115 2630 255 2662 adfectu
289 2641 457 2672 aversum,
490 2638 530 2665 ut
563 2634 656 2664 nullo
687 2634 815 2666 bonore

115 2683 514 2723 commovean—Cornea,
540 2683 611 2724 ξω]
671 2685 816 2716 Prover-

116 2731 208 2764 bium
220 2730 255 2762 in
268 2730 357 2771 illos,
379 2733 438 2773 qui
454 2734 545 2764 nullo
560 2733 686 2765 affectu
701 2734 817 2766 huma-

871 168 977 199 SAT.
1010 168 1041 198 1.
1486 158 1572 199 205

866 272 907 292 no
925 267 1120 303 tanguntur.
1163 261 1206 293 ld
1224 266 1288 303 est,
1309 261 1439 293 animus
1463 261 1573 293 insen·

865 313 972 344 sibilis
982 319 1021 345 et
1033 313 1204 354 stupidus,
1217 312 1451 344 adamantinus
1465 323 1474 350 ;
1501 322 1572 343 cor·

865 372 910 393 nu
938 364 1028 394 enim
1052 373 1117 393 non
1142 363 1257 395 sentit.
1304 363 1572 394 Idem—Cornea

855 413 958 455 fibra]
977 414 1050 444 Etsi
1065 415 1191 445 ἀπαθεῖς
1207 414 1360 445 andimus
1377 423 1437 444 nos
1453 414 1572 454 Stoici,

866 474 1013 496 amorem
1031 470 1143 495 tamen
1161 475 1227 496 non
1241 466 1395 496 exuimus
1409 465 1506 496 bonae
1523 464 1573 495 fu-

866 524 950 545 mae:
986 515 1046 545 sed
1064 516 1176 555 tangit
1192 521 1228 546 et
1244 525 1304 546 nos
1320 524 1358 545 ea
1375 524 1468 546 cura.
1519 514 1572 546 Fi-

865 563 920 595 bra
937 565 1011 596 heic
1027 570 1079 596 est
1096 575 1155 596 cor
1170 576 1177 596 ε
1213 575 1321 596 cornea
1333 566 1408 597 heic
1425 575 1486 606 pro
1502 565 1572 596 val-

867 614 909 646 de
925 614 1022 645 dura.
1071 616 1242 646 Casaubon.

908 668 950 696 48
974 665 1131 706 Sera-sse]
1155 666 1195 697 Id
1213 670 1276 705 est,
1289 666 1427 697 Interea
1443 671 1571 706 tamen,

866 717 947 748 licet
964 717 1080 748 landes
1094 718 1228 748 omnino
1242 727 1308 748 non
1324 727 1492 758 respuam,
1505 728 1574 749 om-

866 768 922 798 nia
938 773 1081 808 propter
1108 769 1225 808 populi
1253 768 1387 798 laudem
1410 773 1571 810 tanquam

866 818 968 850 finem
993 824 1183 850 extremum
1205 825 1240 850 et
1257 830 1422 851 summum
1448 820 1572 851 bonum

866 867 1059 900 faciendum
1077 879 1143 900 non
1166 879 1301 901 censeo.
1348 870 1388 900 Id
1412 876 1474 907 est,
1504 870 1573 902 Re-

867 929 957 956 cuso,
972 928 1039 949 non
1055 919 1213 958 admitto,
1237 929 1304 950 non
1321 920 1472 951 concedo
1489 921 1574 952 illud

867 974 962 1000 tunm
989 979 1064 1009 euge
1086 975 1122 1000 et
1144 975 1238 1000 tuum
1263 969 1349 1009 belle,
1366 970 1399 1001 id
1417 974 1482 1009 est,
1498 971 1573 1001 illas

868 1019 1078 1051 adulantium
1110 1020 1386 1060 acclamationes,
1419 1020 1506 1051 recti
1537 1019 1574 1051 fi-

866 1080 941 1101 nem
970 1075 1005 1101 et
1033 1075 1222 1101 extremum
1249 1070 1575 1112 esse.-!eecti,-&c.]

867 1121 984 1152 Pulcri
1002 1127 1037 1152 et
1052 1122 1186 1152 honesti
1203 1120 1316 1159 finem,
1335 1122 1382 1152 *ob
1400 1131 1501 1162 quem
1521 1131 1574 1153 re-

867 1173 960 1214 liqua
975 1173 1086 1204 omnia
1106 1173 1574 1214 expetuntur.—E.1·tremum]

866 1225 1008 1256 Scilicet
1031 1224 1146 1264 finem,
1171 1229 1206 1255 et
1237 1232 1402 1254 summum
1434 1223 1572 1254 bonurn.

866 1275 979 1308 Lubin.

909 1329 951 1357 49
976 1326 1080 1366 Euge]
1102 1325 1168 1357 Hae
1187 1325 1276 1356 enim
1292 1335 1394 1356 voces
1408 1330 1505 1356 erant
1522 1335 1575 1357 ac·

866 1377 1086 1408 clamantium
1112 1377 1315 1414 auditorum,
1331 1382 1365 1407 et
1382 1377 1575 1408 adsentato-

866 1437 938 1457 rum
957 1427 1179 1458 adulantium.
1224 1429 1287 1459 Est
1304 1428 1393 1458 enim
1420 1428 1575 1468 interjec-

865 1478 913 1507 tio
950 1478 1174 1509 adsentientis
1219 1483 1254 1509 et
1291 1480 1574 1519 congratulantis,

865 1528 921 1559 Sic
950 1528 1133 1559 Horatius:
1169 1529 1177 1545 ‘
1198 1529 1366 1560 Clamabit
1391 1530 1478 1560 enirn
1502 1528 1574 1569 pul-

866 1587 934 1617 cre,
952 1578 1051 1617 bene,
1068 1578 1346 1618 recte.'—Tu11m]
1392 1579 1468 1610 Hoc
1484 1579 1574 1610 enim

865 1627 932 1658 fine
949 1627 1071 1658 scribis
1086 1638 1094 1665 ;
1119 1628 1153 1658 id
1169 1628 1304 1659 unicum
1322 1634 1417 1659 tuum
1434 1634 1487 1659 est
1501 1639 1577 1670 pro-

868 1678 1028 1718 positum,
1066 1688 1141 1709 cum
1180 1679 1466 1717 scribis—Nam,
1503 1680 1573 1720 εμπ]

866 1728 945 1759 Hoc
960 1733 1072 1759 autem
1087 1728 1162 1759 belle
1176 1728 1350 1768 ingeniose
1365 1735 1400 1760 et
1417 1730 1575 1771 ambigue

866 1779 1007 1819 repetit.
1046 1779 1169 1810 Potest
1185 1784 1219 1809 et
1236 1781 1386 1818 τεχνικῶς
1402 1786 1438 1811 et
1455 1781 1575 1811 adver-

867 1829 1002 1860 bialiter
1017 1829 1175 1869 intelligi,
1192 1830 1224 1860 id
1243 1835 1308 1869 est,
1325 1831 1513 1862 Universas
1535 1832 1575 1862 il-

866 1880 918 1910 las
934 1880 1212 1918 acclamationes,
1230 1885 1265 1911 et
1281 1885 1389 1911 totum
1408 1882 1489 1912 illud
1508 1883 1574 1913 Eu-

864 1939 905 1969 ge
931 1935 966 1960 et
994 1930 1081 1968 belle,
1108 1930 1197 1971 quod
1216 1931 1258 1960 ab
1275 1931 1485 1962 auditoribus
1512 1932 1574 1962 tibi

867 1980 1045 2011 acclamari
1071 1984 1251 2020 tantopere
1274 1982 1418 2020 expetis,
1435 1991 1575 2013 accura-

867 2031 933 2061 tius
963 2030 1137 2070 perpende
1173 2035 1207 2061 et
1236 2031 1426 2062 considera.
1483 2033 1572 2064 Nam

866 2080 947 2121 quid
971 2081 1053 2111 illud
1071 2081 1242 2119 vanitatis,
1259 2082 1464 2112 adulationis
1480 2088 1514 2114 et
1533 2084 1573 2113 ir—

864 2132 997 2163 risionis
1012 2141 1078 2162 non
1095 2133 1185 2162 intus
1214 2132 1245 2162 in
1276 2143 1310 2163 se
1334 2133 1574 2164 ha!›et?—Ex-

864 2182 947 2222 cute]
980 2181 1202 2220 Ἐκτινάσσειν,
1227 2183 1279 2213 hic
1296 2193 1355 2222 pro
1373 2184 1504 2224 singula
1523 2192 1575 2214 se-

864 2233 966 2263 orsim
983 2232 1212 2263 considerare.
1261 2233 1391 2264 Casaub.

908 2285 950 2312 50
976 2282 1071 2321 Quid,
1087 2282 1158 2321 ᾅϊ.]
1181 2283 1419 2320 Ἀποσιώπησις,
1437 2283 1572 2316 scilicet

865 2332 1086 2373 ineptiarum,
1101 2333 1272 2368 vanitatis,
1287 2333 1504 2372 adulationis,
1520 2345 1572 2375 sy-

866 2382 1137 2422 cophandarum,
1174 2382 1313 2414 fraudi&
1329 2401 1369 2405 —
1387 2384 1471 2419 Non,
1500 2383 1571 2423 ξα]

867 2433 973 2466 Quasi
989 2432 1101 2464 dicat:
1138 2433 1214 2464 Non
1242 2439 1280 2464 ut
1305 2433 1421 2464 Attius
1448 2435 1571 2472 Labeo,

866 2489 901 2515 et
922 2483 1043 2525 reliqui
1073 2484 1215 2514 Romani
1242 2484 1390 2515 nobiles:
1430 2485 1478 2514 sic
1505 2494 1571 2524 ego

866 2545 1001 2577 quoque
1026 2535 1067 2566 ad
1094 2536 1208 2576 populi
1235 2537 1417 2576 applausus
1433 2541 1572 2575 captan-

866 2587 927 2617 dos
952 2587 1104 2618 carmina
1127 2587 1239 2618 scribo
1256 2592 1290 2616 et
1308 2587 1428 2616 recito.
1474 2584 1526 2615 Ac
1543 2586 1569 2615 si

866 2636 999 2667 diceret
1018 2647 1026 2667 :
1074 2637 1142 2668 Hic
1180 2636 1261 2667 nihil
1298 2635 1406 2666 simile
1444 2633 1570 2665 insanis

865 2687 1003 2727 scriptis
1039 2686 1129 2717 Attii
1159 2684 1328 2716 Labeonis
1363 2683 1572 2724 reperies.—

867 2736 947 2776 Hic]
978 2736 1018 2767 In
1040 2736 1122 2766 meis
1145 2733 1359 2766 Carminibus
1375 2737 1411 2764 et
1425 2733 1568 2774 Satyris.
