1888 3032
263 109 321 152 ’76
772 119 818 148 A.

854 116 1015 147 PERSII
1052 116 1227 148 FLACOI

264 214 391 257 Anne
410 217 552 269 magis
574 213 711 254 Siculi
733 214 984 265 gemuerunt
1006 224 1096 251 aera
1110 211 1308 264 juvenci,

264 282 356 324 Aut
375 284 513 336 magis
535 281 699 321 auratis
722 280 913 333 pendens
935 279 1215 332 laquearibus
1237 280 1355 320 ensis

1676 277 1733 318 40

266 351 512 405 Purpureas
533 350 679 389 subter
701 348 894 388 eervices
915 348 1075 396 terruit,
1100 347 1216 396 imus,

265 442 396 470 cescant.

442 439 492 468 Αη
508 448 550 468 oes
565 438 648 468 tauri
665 437 764 468 Siculi
784 437 911 475 majores
932 437 1030 468 edidit
1044 437 1198 475 gemitus.-
1221 439 1251 467 et
1263 436 1389 474 gladius
1413 444 1430 465 e
1446 433 1640 465 lacunaribus
1655 442 1732 463 auro

264 482 390 513 ‘intectis
403 490 563 521 suspensus
575 482 645 521 plus
660 480 829 518 tremefecit
844 490 981 521 purpura
998 484 1179 511 exornatum
1196 483 1288 520 caput
1304 479 1357 509 sub
1375 487 1422 517 se,
1436 487 1527 518 quam
1538 477 1566 507 si
1583 476 1657 517 quis
1673 475 1733 506 sibi

890 554 1004 563 eeeeee

1010 553 1104 563 σσσσσ

267 602 307 630 44
332 599 387 630 Ita
403 598 620 630 scribendum
639 603 711 630 est:
737 599 914 639 tangebam,
931 598 1079 639 inquam,
1096 608 1162 629 non
1183 597 1353 637 tingebam,
1369 595 1459 637 qnod
1477 599 1512 625 et
1528 593 1734 625 membranae

935 662 1076 693 NOTAE

267 716 424 748 Finibus:
462 719 471 733 ‘
490 717 675 748 Oculorum
707 717 739 747 in
771 716 867 747 nobis
901 726 973 746 sen-

268 778 322 799 sus
340 773 392 799 est
412 768 610 807 acerrimus,
629 767 751 808 quibus
769 767 973 806 sapientiam

268 828 334 849 non
359 819 539 850 cernimus.
587 819 696 851 Quam
729 818 786 848 illa
813 817 973 848 ardentes

269 879 400 900 amores
428 869 596 899 excitaret
625 869 687 907 sui,
716 869 741 898 si
768 866 972 898 videretur!'

270 921 371 952 Hunc
399 921 503 951 Tullii
538 922 648 951 locum
679 919 814 950 videtur
838 928 975 958 expres—

268 971 349 1002 sisse
366 970 512 1002 Sanctus
526 969 737 1009 Augustinus
752 969 976 999 Enarratione

268 1022 301 1052 in
318 1022 490 1052 Psalnium
508 1024 559 1051 6⁷1.
585 1021 642 1051 ubi
660 1020 707 1050 sic
732 1019 854 1049 habet:
880 1020 888 1035 ‘
907 1019 976 1049 Ha-

268 1072 329 1103 bes
349 1073 463 1103 oculos
481 1071 574 1110 foris,
601 1071 690 1101 uude
708 1071 822 1100 videas
840 1079 975 1100 aurum:

268 1123 360 1153 intus
389 1128 439 1153 est
456 1123 587 1160 oculus,
611 1121 700 1151 unde
726 1121 882 1150 videatur
904 1120 977 1159 pul-

269 1172 426 1204 chritudo
438 1170 810 1212 jastium—Quaedam
828 1179 909 1209 ergo
924 1173 977 1200 est

268 1221 665 1264 pulchritudojustitiae,
691 1231 792 1261 quam
822 1220 975 1250 videmus

271 1274 377 1305 oculis
394 1273 518 1313 cordis,
542 1277 576 1303 et
594 1281 755 1309 amamuS,
768 1275 802 1301 et
819 1271 978 1301 exardes-

270 1324 398 1363 cimus,'
411 1326 475 1355 &e.
521 1322 590 1353 Alii
609 1323 739 1362 legunt,
760 1323 916 1353 Virtutem
932 1323 977 1352 in-

271 1375 411 1415 rideant,
427 1375 493 1413 vel,
516 1374 638 1405 Virtuti
655 1374 826 1412 inrideant,
843 1373 978 1404 scilicet

269 1426 425 1457 aliorum:
456 1425 551 1466 parvi
569 1428 664 1454 certe
682 1425 834 1455 interest.

314 1477 568 1516 Iutabescantque
592 1476 714 1516 relicta]
738 1477 867 1506 Dolore
884 1485 978 1506 acer-

270 1527 408 1559 bissimo
425 1528 519 1558 velut
544 1528 654 1567 aliqua
676 1527 754 1557 tabe
780 1536 978 1557 consuman-

270 1583 336 1617 tur,
364 1578 455 1618 quod
484 1578 572 1608 ultro
588 1577 780 1616 abjecerint
806 1577 980 1615 virtutem,

271 1638 342 1659 rem
374 1628 460 1659 adeo
496 1627 681 1668 pretiosam
717 1631 752 1657 et
788 1627 978 1658 amabilem.

273 1679 397 1710 Horat.
425 1678 492 1709 Od.
519 1687 574 1709 111.
602 1680 656 1708 24.
702 1678 710 1693 ‘
728 1677 900 1708 Virtutem
930 1677 978 1707 in-

271 1730 438 1761 columem
463 1729 606 1766 odimus,
621 1728 795 1758 Sublatam
813 1737 855 1758 ex
873 1727 979 1758 oeulis

272 1780 453 1821 quaerimus
467 1779 593 1810 invidis
618 1779 704 1809 Haec
721 1779 796 1818 ipsa
812 1782 863 1808 est
881 1788 981 1819 poena

272 1830 397 1869 damni,
425 1840 526 1871 quam
559 1829 592 1859 in
621 1828 788 1860 damnatis
818 1828 982 1869 Theologi

273 1885 474 1922 agnoscunt.

313 1934 355 1963 39
378 1931 468 1963 Anne
485 1930 585 1969 magis
600 1930 713 1971 Siculi]
739 1929 794 1960 Ne
808 1938 888 1959 vero
905 1929 979 1959 haec

271 1993 291 2015 a
306 1994 360 2015 me
378 1984 482 2024 gratis
499 1983 565 2014 dici
581 1986 682 2023 putet
698 1982 837 2023 aliquis:
863 1982 978 2012 omnia

269 2038 366 2065 certe
384 2034 624 2074 Tyrannorum
641 2034 782 2064 inventa
803 2032 846 2062 ad
872 2033 981 2063 cruci-

272 2082 377 2114 andos
405 2083 567 2120 homines,
594 2083 724 2113 leviora
747 2087 826 2113 sunt
855 2083 982 2113 consci-

272 2134 375 2165 entiae
400 2133 578 2165 tormentis
602 2133 804 2173 assiduoque
830 2133 981 2172 stimulo,

274 2183 396 2225 quibus
425 2184 692 2224 interquiescere
730 2192 901 2223 nunquam
940 2183 982 2212 si-

273 2239 411 2266 nuntur.
459 2234 562 2264 Certe
591 2238 717 2274 quanto
743 2237 886 2273 praestat
913 2233 982 2264 ani-

272 2293 346 2314 mus
361 2284 506 2323 corpori,
523 2288 618 2314 tanto
645 2284 804 2323 graviora
819 2288 897 2315 sunt
914 2284 982 2314 ani-

272 2333 318 2366 mi
336 2334 488 2371 vuhoera,
507 2344 606 2373 quam
623 2334 789 2373 corporis.

319 2383 511 2414 Gemuerunt
530 2384 743 2423 cei‘ajiwenci]
759 2384 983 2425 Metonymia,

274 2444 350 2475 pro,
386 2434 625 2473 ingemuerunt
670 2434 822 2464 homines
862 2434 983 2464 inclusi

275 2491 372 2517 tauro
398 2493 500 2515 aereo.
559 2484 708 2513 Perillus
737 2483 848 2513 Faber
875 2483 983 2513 Athe-

277 2535 402 2567 niensis
418 2533 594 2565 Phalaridi
620 2532 925 2573 Agrigentinorum
950 2533 985 2562 in

277 2587 393 2617 Sicilia
415 2585 575 2626 Tyranno
602 2583 806 2614 fabricatum
824 2593 843 2613 a
859 2593 894 2614 se
914 2587 985 2614 tau-

280 2645 352 2666 rum
377 2644 507 2667 aeneum
533 2633 643 2674 dedit,
668 2633 703 2664 in
727 2643 805 2674 quo,
828 2633 984 2673 subjecto

276 2686 353 2727 igne
384 2685 618 2717 cruciarentur
645 2683 809 2725 homines,
823 2688 859 2714 et
884 2682 986 2715 tauri-

1029 725 1088 745 nos
1106 714 1254 754 mugitus
1280 713 1509 744 imitarentur.
1556 712 1636 752 Ipse
1654 720 1735 742 vero

1029 765 1167 797 Artifex
1185 766 1217 796 in
1235 775 1310 796 eum
1325 765 1492 795 immissus
1510 764 1637 804 primus
1654 762 1736 793 artis

1029 827 1099 847 suae
1115 816 1303 857 periculum
1333 814 1428 845 fecit.
1477 815 1532 844 De
1571 823 1611 844 eo
1646 813 1737 844 Plin.

1030 876 1159 899 xxxiv.
1185 870 1215 898 8.
1248 866 1256 882 ‘
1276 866 1440 896 Perillum
1470 874 1567 895 nemo
1595 863 1737 902 laudat‚'

1030 919 1151 958 inquit,
1187 919 1195 934 ‘
1211 916 1388 948 saeviorem
1406 914 1591 946 Phalaride
1605 914 1738 954 Tyran-

1030 968 1152 1009 n0,qui
1169 972 1304 999 taurum
1322 966 1416 1005 fecit,
1430 966 1577 1006 mugitus
1594 965 1737 996 hominis

1032 1019 1214 1060 pollicitus,
1247 1019 1323 1058 igne
1352 1017 1508 1054 subdito;
1547 1021 1582 1046 et
1610 1016 1738 1056 primus

1032 1081 1108 1102 eum
1125 1074 1288 1111 expertus
1312 1069 1499 1099 cruciatum
1516 1067 1661 1107 justiore
1677 1076 1738 1097 sae-

1031 1121 1138 1152 vitia.’

1074 1176 1115 1204 40
1139 1172 1271 1203 Auratis
1284 1172 1418 1212 pendens
1439 1169 1632 1210 laquearibus
1644 1168 1740 1208 ensis]

1031 1224 1220 1263 Suspensus
1258 1233 1276 1253 e
1313 1223 1462 1262 laqueari
1503 1220 1635 1261 gladius
1664 1223 1739 1249 seta

1033 1274 1167 1315 equina,
1182 1278 1216 1305 et
1233 1273 1409 1303 imminens
1433 1271 1539 1311 capiti
1567 1269 1739 1300 Damoclis

1033 1324 1123 1364 apud
1151 1323 1356 1363 Dionysium
1382 1322 1504 1353 Siciliae
1531 1322 1740 1361 Tyrannum.

1033 1377 1127 1406 Nota
1140 1375 1282 1405 historia
1299 1383 1341 1403 ex
1355 1373 1425 1404 Cle.
1438 1373 1537 1403 Tusc.
1557 1372 1689 1404 Quaest.
1705 1380 1739 1402 v.

1034 1425 1190 1456 Maerob.
1214 1424 1256 1455 ad
1281 1424 1396 1454 Sornn.
1426 1422 1608 1463 Scipionis,
1635 1431 1658 1453 1.
1686 1424 1739 1452 10.

1032 1478 1096 1507 δερ.
1402 1482 1406 1486 ·

1075 1528 1115 1556 41
1142 1526 1322 1565 Purpureas
1346 1523 1450 1554 subter
1474 1522 1619 1562 cervices]
1642 1522 1738 1553 Mors

1033 1577 1210 1608 imminens
1246 1574 1371 1606 terruit
1410 1573 1609 1604 Damoclem
1644 1572 1739 1613 regio

1033 1631 1156 1657 ornatu
1183 1625 1354 1663 amictum,
1381 1623 1443 1654 sub
1471 1632 1550 1653 ense
1568 1622 1626 1653 illo
1652 1621 1741 1662 posi-

1035 1681 1120 1707 tum.

1082 1727 1204 1758 Terruit
1232 1727 1345 1765 magis,
1375 1736 1477 1766 quam,
1503 1724 1570 1765 ἔγω]
1609 1724 1649 1755 Id
1675 1727 1742 1764 est,

1037 1780 1112 1810 Nee
1130 1779 1276 1810 Perillus
1293 1788 1437 1809 accenso
1466 1782 1562 1808 tauro
1583 1786 1679 1807 aeneo
1696 1776 1745 1807 in-

1037 1830 1150 1860 clusus
1176 1828 1400 1859 miserabilius
1417 1827 1557 1867 gemuit,
1582 1837 1646 1858 nec
1674 1827 1742 1858 Da-

1037 1880 1164 1910 mocles
1182 1879 1413 1909 imminentem
1430 1878 1495 1909 sibi
1512 1881 1656 1909 mortem
1673 1877 1743 1908 ani-

1036 1929 1254 1960 madvertens
1290 1929 1395 1969 magis
1423 1928 1611 1968 exhorruit,
1642 1937 1742 1969 quam

1036 1983 1218 2019 torquetur
1253 1979 1438 2009 sceleratus
1477 1977 1603 2007 intimis
1641 1977 1744 2008 animi

1035 2028 1256 2066 cruciatibus,
1285 2038 1361 2059 cum
1395 2028 1563 2058 scelerum
1597 2027 1743 2059 stimulis

1035 2085 1070 2111 et
1085 2079 1184 2110 furiis
1203 2079 1364 2119 agitatur.

1080 2131 1174 2170 Imus,
1188 2130 1266 2161 imus
1279 2129 1470 2170 praecipites]
1484 2128 1632 2170 Egregia
1640 2129 1744 2159 Pros-

1037 2182 1196 2222 opopoeia
1231 2180 1385 2221 Tyranni
1422 2179 1643 2210 conscientiae
1683 2177 1743 2209 fla-

1038 2226 1197 2273 gellis-et
1228 2231 1406 2262 tormentis
1445 2229 1581 2260 adacti:
1621 2228 1742 2270 quibus

1038 2293 1153 2314 secum
1179 2283 1252 2323 ipse
1276 2282 1309 2312 in
1336 2291 1466 2312 summa
1488 2279 1742 2320 desperatione,

1038 2334 1152 2365 dicat:
1177 2338 1291 2364 aetum
1309 2337 1362 2363 est
1387 2332 1429 2362 de
1456 2331 1566 2371 nobis,
1589 2329 1744 2370 praecipi-

1038 2388 1163 2424 tamur,
1196 2384 1356 2425 perimus,
1394 2383 1483 2414 omni
1522 2381 1639 2412 salutis
1677 2389 1743 2421 ope

1039 2434 1210 2465 destituti.
1256 2433 1410 2464 Tiberius
1437 2432 1528 2472 apud
1554 2433 1694 2462 Sueton.
1711 2440 1743 2462 c.

1038 2487 1090 2514 67.
1113 2484 1122 2500 ‘
1141 2483 1232 2516 Quid
1257 2482 1402 2512 scribam
1420 2481 1528 2521 vobis,
1552 2481 1591 2512 P.
1620 2481 1658 2511 C.
1683 2486 1743 2511 aut

1040 2532 1207 2573 quomodo
1233 2531 1391 2568 scribam,
1421 2534 1478 2561 aut
1504 2530 1584 2571 quid
1607 2529 1742 2561 omuino

1040 2593 1107 2613 non
1132 2583 1277 2614 scribam
1304 2582 1366 2612 hoe
1393 2581 1568 2621 tempore?
1607 2581 1667 2611 Dii
1693 2590 1746 2612 me

1040 2635 1192 2675 Deaeque
1218 2633 1317 2674 pejus
1346 2632 1502 2672 perdant,
1520 2641 1617 2673 quam
1634 2631 1744 2674 quoti-

1040 2684 1096 2716 die
1114 2684 1226 2726 perire
1241 2682 1365 2723 sentio,
1382 2682 1409 2713 si
1426 2681 1518 2713 scio.'
