1888 3032
226 161 283 203 50

224 267 380 309 Iliade.

728 170 773 199 A.
810 167 971 198 PERSH
1009 168 1181 199 FLACC!

441 265 630 316 Audaci,
654 266 937 319 quicumque,
962 265 1104 306 afflate
1127 264 1322 316 Cratino,

223 336 391 378 Iratum
415 333 674 388 Eupolidem
697 334 947 387 praegrandi
965 347 1066 375 cum
1082 347 1182 375 sene
1204 335 1360 388 palles,

224 402 394 458 Aspice
417 407 458 443 et
478 402 590 451 haec,
614 402 651 441 si
672 401 777 442 forte
798 402 966 455 aliquid
989 402 1210 443 decoctius
1232 403 1373 445 audis.

224 535 294 567 Ilio.

1605 403 1692 444 125

342 533 487 573 Quisquis
511 532 647 563 imbutus
671 543 703 563 es
726 533 857 563 Cratino
871 534 1038 573 petulanti,
1054 534 1204 574 quisquis
1222 534 1402 565 i1·1wundum
1424 534 1603 574 Eupolidem
1623 545 1694 565 cum

222 578 323 608 vetulo
336 578 504 616 granda’vo
523 576 651 616 legens,
671 576 873 618 pallidus-fis,
901 584 934 607 tn
951 577 1013 607 isca
1027 577 1123 608 etium
1139 578 1220 616 ride,
1234 578 1262 608 si
1281 577 1421 616 sortasse
1437 579 1592 608 auscultas
1607 577 1696 618 quid-

841 676 957 687 eeeeee

961 676 1076 688 eeeeee

452 753 514 782 124
539 750 712 791 Eupoliden
727 750 795 781 Ms.
813 750 1001 782 Cat—125
1026 751 1140 791 Aspice
1164 752 1203 781 ad
1219 751 1284 782 lzoec
1300 751 1367 782 Ms.
1385 751 1464 783 Gal.

879 866 1025 898 NOTAE

266 958 327 987 123
354 954 547 992 Quicumque
575 951 692 994 afflato]
752 951 929 984 Quaesive-

221 1013 273 1039 rat
300 1006 396 1037 initio
426 1004 585 1043 monitor,
612 1004 696 1035 Quis
718 1004 809 1042 leget
833 1003 928 1034 haec?

222 1060 274 1090 En
309 1056 495 1097 respondet
531 1055 585 1086 hic
618 1054 757 1086 tandem
792 1055 928 1086 Persius

220 1109 337 1150 quales
367 1107 449 1138 velit
476 1106 601 1136 habere
630 1106 776 1136 lectores
803 1106 929 1136 Satira-

221 1169 295 1190 rum
313 1167 460 1188 suarum.
506 1157 639 1194 Nempe
655 1155 804 1196 quisqniS
817 1165 930 1186 assue-

220 1216 274 1240 tus
302 1209 367 1240 erit
390 1207 543 1247 legendis
561 1206 767 1237 carminibus
785 1207 930 1246 Cratini,

221 1259 411 1300 Eupolidis,
440 1257 692 1297 Aristophanis,
716 1258 773 1298 qni
790 1257 931 1288 Graeco-

219 1321 291 1342 rum
308 1310 395 1341 vitia
411 1308 580 1339 mordicus
592 1317 764 1347 carpsere,
780 1307 808 1338 is
826 1308 929 1339 etiam

218 1361 368 1392 libenter
394 1360 486 1399 leget
513 1358 585 1388 haec
604 1367 678 1388 mea
695 1358 859 1397 carmina,
881 1359 930 1389 in-

221 1412 305 1453 quit.

261 1462 394 1504 Affiate]
442 1460 646 1500 Metaphora
669 1463 719 1490 est
744 1460 796 1490 vel
824 1469 843 1490 a
867 1458 927 1490 flo-

217 1514 310 1545 ribus
340 1512 540 1545 odoriferis:
575 1513 629 1544 vel
656 1511 830 1551 aPythia,
852 1521 929 1552 quae

220 1568 313 1598 velut
330 1566 480 1598 Numine
492 1564 662 1605 Apollinis
682 1564 822 1602 insessa,
839 1562 931 1594 affla-

219 1626 265 1657 ta,
281 1618 452 1648 illustrata
465 1616 730 1646 vaticinabatur.

264 1668 386 1700 Audaci
404 1667 548 1707 Cratino]
586 1665 769 1705 Proprium
788 1670 840 1697 est
861 1666 931 1696 val-

222 1719 264 1749 de
294 1718 437 1749 hominis
464 1717 552 1746 illins
576 1716 778 1756 epithetum,
802 1717 929 1757 qnippe

222 1769 280 1810 qui
296 1779 371 1800 cnm
388 1767 478 1799 omni
502 1767 664 1797 libertate
687 1767 828 1797 Gra’oos
853 1777 930 1797 exa-

221 1820 361 1860 gitaret,
373 1828 435 1849 nec
454 1826 646 1858 quenquam
659 1817 813 1848 vitiosum
828 1817 931 1849 Athe-

220 1871 271 1901 nis
286 1870 394 1900 latere
411 1869 558 1907 sinebat,
573 1868 653 1909 quin
670 1868 785 1899 statim
801 1860 878 1899 eum
897 1870 928 1900 in

219 1921 363 1951 Scenam
377 1919 466 1949 omni
479 1919 606 1959 populo
616 1918 839 1950 deridendum
854 1929 929 1959 pro-

219 1971 371 2008 duceret,
395 1969 529 2000 scilicet
546 1969 578 1998 in
598 1968 704 1999 vetevi
722 1969 905 2000 Comoedia.

265 2021 410 2060 Cratino]
450 2021 598 2050 Cratinus
607 2019 776 2058 Eupolide
788 2024 822 2050 et
838 2019 927 2050 Aris-

220 2071 368 2110 tophane
387 2069 571 2110 antiquior,
597 2073 697 2099 natus
719 2068 864 2099 Athenis
879 2070 926 2099 di-

219 2122 325 2159 citnr,
350 2125 385 2150 et
409 2119 564 2150 floruisse
583 2120 684 2159 paulo
701 2124 780 2149 ante
799 2120 926 2150 bellurn

222 2171 542 2210 Peloponesincnni:
587 2169 711 2199 vixisse
737 2170 778 2199 ad
801 2180 925 2200 annum

219 2221 441 2251 centesimum
461 2220 585 2258 aetatis,
603 2224 637 2250 et
654 2218 761 2250 fuisse
780 2221 925 2251 omnium

220 2271 404 2302 Poetarum
422 2270 774 2302 maledicentissimuS.

264 2324 325 2352 124
361 2321 557 2361 Eupolidem]
610 2322 644 2351 Is
667 2331 745 2352 cum
775 2322 928 2353 versibus

219 2373 402 2403 lacerasset
421 2373 647 2409 Alcibiadem,
670 2373 703 2403 in
722 2383 813 2403 mare
830 2374 871 2404 al)
889 2384 929 2404 eo

219 2423 456 2463 praecipitatus
490 2428 553 2452 est.
592 2423 684 2453 Tull.
716 2424 871 2463 Epistola
899 2427 928 2455 1.

219 2472 296 2503 Lib.
322 2482 372 2505 vr.
401 2472 443 2502 ad
474 2472 581 2502 Attio.
619 2472 725 2504 ‘Quis
748 2482 814 2502 non
840 2473 928 2503 dixit

219 2522 378 2563 Eupolim
405 2522 448 2551 ab
474 2521 656 2551 Alcibiade
682 2522 865 2560 navigante
893 2523 926 2552 in

218 2573 380 2612 Siciliam,
394 2572 568 2612 dejectum
585 2581 660 2601 esse
677 2571 709 2600 in
724 2580 815 2601 mare
829 2571 850 2601 ?'

264 2622 401 2662 Iratum]
450 2621 623 2653 Int'ensum
636 2626 805 2662 perpetuo
819 2621 925 2653 Athe-

219 2673 386 2704 niensium
403 2672 505 2703 vitiis.

263 2723 451 2763 Proegramli
465 2732 534 2753 cum
548 2720 634 2762 sene]
675 2721 923 2763 Aristophanes

987 954 1085 994 vulgo
1102 954 1317 995 intelligitur,
1335 954 1390 995 qui
1409 963 1467 984 seu
1483 953 1525 984 ob
1541 956 1696 984 aetatem,

985 1015 1043 1035 seu
1072 1005 1114 1035 ob
1142 1006 1221 1046 styli
1255 1007 1460 1044 gravitatem
1483 1004 1693 1044 praegrandis

986 1061 1139 1087 vocatur.
1202 1057 1305 1086 Certe
1333 1056 1422 1086 hunc
1453 1065 1529 1086 cnm
1562 1056 1694 1087 duobus

985 1107 1161 1146 pra-dictis
1180 1107 1311 1147 pariter
1332 1107 1508 1147 conjungit
1526 1106 1694 1138 Horatius

984 1158 1083 1188 initio
1107 1158 1207 1188 Satir.
1231 1160 1262 1188 4.
1289 1157 1350 1187 lib.
1378 1167 1402 1189 1.
1447 1157 1623 1197 ‘'Eupolis,
1645 1161 1695 1188 at-

985 1218 1052 1248 que
1083 1209 1257 1246 Cratinus,
1281 1201 1599 1249 Aristophanesque
1630 1207 1698 1239 Po-

986 1259 1155 1297 etae,’&c.
1200 1260 1352 1300 Tresque
1383 1260 1442 1289 hos
1473 1259 1600 1290 veteris
1630 1259 1694 1290 Co-

985 1310 1117 1341 moediae
1148 1310 1340 1341 scribendae
1373 1310 1553 1350 Principes
1585 1309 1696 1341 imita-

985 1367 1055 1391 tum
1085 1360 1189 1392 fuisse
1229 1361 1412 1398 Lucilium,
1449 1360 1497 1391 ait
1534 1371 1575 1392 eo
1613 1362 1691 1392 loch

984 1412 1093 1443 Porro
1124 1422 1191 1441 non
1223 1417 1358 1443 constat
1387 1411 1538 1442 fueritne
1563 1411 1694 1443 Aristo-

986 1464 1113 1503 phanes
1137 1462 1366 1501 Atheniensis,
1396 1472 1437 1493 an
1469 1462 1633 1502 Rhodius,
1651 1473 1694 1494 an

985 1515 1179 1555 AEgyptius,
1189 1524 1230 1544 an
1242 1514 1378 1545 aliunde
1392 1514 1564 1546 oriundus.
1595 1514 1695 1546 Vixit

987 1569 1142 1604 tempore
1157 1565 1343 1605 Euripidis,
1359 1569 1394 1595 et
1407 1563 1574 1604 flagrante
1590 1565 1696 1595 maxi-

985 1625 1038 1646 me
1082 1616 1170 1645 bello
1214 1615 1508 1655 Peloponesiaco;
1551 1615 1693 1646 Cratino

986 1666 1155 1705 posterior
1178 1665 1319 1696 extitit:
1356 1664 1616 1696 Atheniensium
1633 1675 1692 1696 no-

987 1716 1185 1746 bilissimum
1204 1725 1371 1756 quemque
1397 1716 1524 1746 acriter
1547 1715 1696 1747 insecta-

987 1771 1052 1805 tns,
1069 1767 1152 1797 mire
1178 1771 1290 1797 tamen
1314 1767 1356 1796 ab
1377 1767 1459 1806 ipsis
1474 1766 1692 1798 Atheniensi-

985 1817 1046 1847 bus
1073 1823 1237 1857 acceptus
1266 1816 1490 1856 laudatusque
1517 1821 1581 1848 est.
1635 1818 1692 1848 De

984 1867 1039 1897 illo
1054 1868 1155 1898 Plato
1169 1867 1376 1905 aium-atlas
1391 1867 1554 1907 templum
1567 1866 1692 1908 ubique

985 1923 1192 1958 quaerentes,
1216 1918 1279 1948 hoc
1297 1917 1434 1948 tandem
1452 1917 1516 1948 sibi
1531 1918 1691 1949 statuisse

985 1969 1017 1998 in
1050 1969 1152 1999 corde
1187 1967 1440 2008 Aristophanis.
1507 1968 1693 2008 Scripsisse

981 2018 1093 2050 fertur
1116 2019 1306 2050 Comoedias
1334 2019 1410 2058 plus
1436 2017 1693 2058 qninquaginta,

983 2079 1001 2099 e
1033 2069 1155 2109 quibus
1191 2072 1376 2108 supersunt
1410 2067 1507 2098 nobis
1546 2068 1690 2108 integrm

983 2119 1149 2149 duntaxat
1174 2118 1341 2148 undecim.
1388 2118 1444 2148 De
1459 2117 1611 2157 Cratino,
1624 2119 1691 2149 Eu-

981 2168 1110 2209 polide,
1142 2173 1178 2199 et
1208 2168 1450 2207 Aristophane,
1477 2167 1555 2198 vide
1586 2167 1690 2200 Athe-

981 2229 1107 2259 naeum,
1130 2220 1189 2250 lib.
1215 2228 1237 2249 1.
1263 2225 1299 2250 et
1326 2219 1421 2249 alibi:
1454 2218 1638 2249 Eusebium
1657 2219 1690 2249 in

984 2271 1174 2307 Chronie03
1208 2274 1243 2300 et
1257 2269 1399 2301 Quintil.
1417 2268 1476 2300 lib.
1497 2277 1533 2298 x.
1561 2268 1618 2299 ubi
1645 2268 1689 2300 de

983 2321 1138 2361 legendis
1162 2319 1341 2350 formando
1359 2319 1485 2350 oratori
1501 2318 1622 2350 Poetis
1640 2319 1688 2350 sic

983 2372 1108 2402 habet:
1136 2371 1243 2401 ‘Post
1268 2370 1465 2409 Homerum,
1492 2368 1691 2410 Aristopha-

985 2432 1057 2460 nes,
1075 2421 1229 2461 Eupolis,
1246 2421 1474 2460 Cratinusque
1488 2419 1676 2460 praecipui!

1030 2473 1144 2512 Palles]
1196 2472 1272 2509 Vel,
1311 2480 1417 2511 usqne
1448 2470 1491 2500 ad
1524 2469 1687 2509 pallorem

982 2520 1156 2558 formidas,
1184 2520 1227 2550 ob
1245 2520 1322 2560 styli
1341 2519 1584 2550 acerbitatem:
1617 2519 1688 2559 vel,

982 2581 1081 2611 quem
1100 2571 1244 2610 legendo
1262 2571 1423 2610 pallorem
1441 2570 1654 2602 contraxisti.

1026 2624 1084 2651 125
1111 2620 1243 2658 Siforte
1259 2621 1392 2661 aliquid]
1439 2622 1504 2652 Vel
1533 2621 1623 2652 refer
1643 2622 1687 2653 ad

979 2671 1137 2703 Persium
1161 2671 1203 2701 de
1230 2681 1265 2701 se
1288 2672 1424 2712 suisque
1449 2671 1602 2703 versibus
1618 2682 1687 2704 mo-

979 2721 1077 2754 deste
1101 2722 1305 2754 sentientem
1329 2726 1366 2754 et
1390 2723 1606 2764 loquentem:
1630 2723 1686 2754 vel
