1888 3032
276 130 362 173 194

278 238 346 279 pia.
373 237 382 253 ‘
399 236 591 276 Paupertas
626 231 762 272 impulit
798 229 908 261 audax
933 229 982 260 Ut

273 297 394 319 versus
421 282 592 316 facerem)
640 281 764 312 Horat.
782 280 892 321 Epist.
911 289 935 310 1.
955 283 986 311 2.

275 337 459 371 Far-nuliius.
476 353 517 357 »-
531 333 731 373 Ingeniique]
770 332 901 373 Ingenii
925 341 983 362 no-

274 389 364 420 mine
382 386 606 422 docilitatem,
622 383 816 415 memoriam
833 388 868 413 et
881 387 984 413 caete-

273 449 327 470 ras
345 437 541 469 intellectus
559 436 704 465 virtutos
722 432 900 474 appellari,
926 432 984 463 do-

273 494 329 520 cet
347 488 419 519 Cic.
436 496 470 517 ν.
489 487 530 516 tle
550 485 659 516 Finib.
686 483 819 515 Casaub.

318 542 354 569 ll
385 537 513 576 Venter]
550 537 682 566 Venter
710 533 984 566 esuriens—Ar-

272 589 371 630 tifex]
413 589 454 620 Id
472 593 536 629 est,
561 588 629 621 Qui
654 592 774 618 venter
791 591 826 617 ut
845 586 983 625 insignis

271 639 400 673 artifex
425 645 478 671 est
506 640 540 670 in
570 638 710 670 aviculis
738 638 817 677 illis,
846 637 880 667 in
897 646 984 667 asse-

272 691 417 734 quendis
448 690 601 722 humanis
634 689 775 720 vocibus
805 698 825 719 a
859 692 984 718 natura

272 743 419 786 negatis.
467 743 544 781 Vel,
572 739 712 772 Artifex
739 744 774 771 et
791 740 986 779 ingeniosus

273 795 317 827 ad
334 793 563 836 sequendum:
588 792 635 823 sic
666 791 770 822 etiam
794 790 827 820 in
845 788 985 820 homini-

272 847 347 878 bus.
370 841 679 882 L11binus.—Sequ1']
705 841 794 872 Heic
810 840 915 880 valet,
939 839 986 870 fa-

274 907 355 929 cere
374 897 487 938 sequi3
520 900 574 926 est
602 895 690 925 enim
713 903 817 924 unum
843 892 984 923 verbum

273 949 349 980 loco
365 948 509 980 duorum
523 946 689 987 positum3
707 943 883 985 significat
896 944 985 974 enim

275 999 465 1039 exprimere,
497 997 610 1028 dicere.
651 994 987 1032 Casaub.—Negatas

274 1047 375 1088 voces]
398 1047 428 1079 A
455 1052 587 1078 natura.
626 1046 704 1076 Vox
729 1045 817 1076 enim
839 1044 986 1075 humana

276 1098 391 1129 avibus
416 1102 469 1129 est
486 1107 504 1128 a
521 1102 644 1127 natura
660 1100 783 1136 negata
799 1106 807 1133 3
824 1095 883 1126 sed
900 1100 986 1134 arte,

275 1150 474 1181 stimulante
491 1152 625 1185 ventre,
642 1147 842 1187 acquiritur.

320 1203 359 1231 12
386 1198 571 1239 Ψωφίς-ιη]
597 1198 630 1228 Si
651 1197 892 1228 mendicabula
913 1196 987 1227 lnaee

273 1251 460 1283 Poetarum
480 1251 709 1280 Maecenatem
730 1248 984 1286 nanciscantur,

273 1302 359 1333 adeo
377 1301 438 1332 sibi
454 1300 533 1332 boni
552 1300 712 1331 videntur
734 1299 870 1338 Poe'tae,
885 1298 986 1329 adeo-

276 1362 341 1392 que
358 1351 579 1390 insolescunt,
592 1357 626 1381 ut
645 1360 722 1380 cum
734 1349 833 1380 Bavii
847 1349 914 1380 sint
927 1354 987 1380 aut

275 1402 408 1440 Maevii,
425 1411 486 1442 pro
504 1401 671 1442 germanis
689 1405 804 1431 tamen
831 1399 986 1440 Virgiliis

275 1452 396 1484 haberi
435 1453 621 1492 postulent.
672 1450 988 1489 Casuum—Domi,

277 1502 350 1543 issa]
374 1501 474 1533 Quod
493 1502 563 1542 ejus
580 1500 770 1541 cupiditate
788 1500 819 1530 in
840 1499 935 1530 dolos
952 1504 988 1530 et

278 1552 418 1584 fraudes
446 1552 597 1583 homines
624 1556 781 1591 agantur,
799 1550 868 1589 cni,
888 1551 922 1581 in
938 1551 987 1591 ip-

277 1614 349 1635 sam
380 1604 484 1635 etiam
523 1608 678 1633 naturum
711 1603 888 1642 imperium
923 1607 987 1633 est.

277 1655 389 1686 Nam:
415 1653 531 1686 ‘Quid
561 1663 628 1683 non
659 1652 816 1682 mortalia
844 1656 987 1691 pectora

273 1705 368 1746 cogis
397 1704 483 1735 Ami
515 1713 612 1734 sacra
644 1702 787 1733 fames?
828 1702 987 1733 Lama.—

276 1754 467 1794 Resulserit]
506 1754 611 1785 Liber
638 1753 800 1791 Puteani,
818 1752 986 1791 refulgeat.

279 1806 334 1837 lta
350 1805 501 1847 loquitur
513 1804 666 1843 Persius,
680 1804 773 1834 velut
789 1802 830 1833 de
846 1812 893 1840 re,
913 1812 987 1843 quae

279 1861 422 1897 repente
461 1855 600 1895 existat,
639 1860 674 1885 et
708 1863 786 1885 casu
827 1853 987 1895 quodam.

740 135 881 166 NOTAE
915 133 1182 164 vARlORUM
1217 134 1266 165 IN

1035 228 1125 261 Quia
1149 228 1240 259 enim
1265 238 1331 260 non
1361 240 1403 261 ex
1431 230 1555 262 merito
1579 230 1740 271 ipsorum,

1035 280 1095 311 sed
1119 290 1162 312 ex
1177 280 1318 312 aliorum
1340 283 1500 322 stultitia,
1516 283 1611 313 malis
1624 282 1744 314 Poetis

1035 331 1214 362 commoda
1230 331 1301 362 liaec
1329 334 1503 371 eveniunt,
1531 339 1652 375 optare
1670 334 1742 375 qui·

1036 380 1184 412 demina
1197 391 1331 423 semper
1343 388 1541 423 potuerunt,
1560 390 1593 415 at
1604 393 1742 424 sperare

1036 442 1102 463 non
1143 433 1238 464 item.
1281 434 1650 476 Casuub.—Resulserit]
1674 434 1744 465 Re-

1036 484 1137 523 spicit
1169 485 1210 515 ad
1235 486 1363 516 metalli
1388 490 1423 516 et
1439 495 1616 516 uumorum
1632 486 1743 526 splen·

1037 534 1166 566 dorem.
1214 535 1254 566 Id
1287 541 1353 576 est,
1388 536 1670 577 Resplenduerit,
1707 540 1744 567 et

1037 587 1247 626 apparuerit.
1284 588 1398 619 Lubin.

1081 641 1119 668 13
1147 638 1274 678 Corsos,
1302 639 1372 679 istu]
1412 639 1649 680 Hyperbolica
1675 648 1743 670 am-

1037 686 1216 727 plificatio,
1234 689 1328 730 quasi
1344 689 1457 720 dicat:
1492 690 1593 720 Corvi
1610 694 1644 720 et
1658 689 1745 729 picae

1036 747 1103 768 non
1132 739 1239 769 solum
1262 740 1423 771 humanas
1447 750 1548 771 voces
1577 740 1663 771 lucri
1684 748 1745 780 spe

1037 788 1170 820 discent
1195 791 1408 830 exprimere3
1447 791 1506 821 sed
1549 789 1744 830 perfectum

1037 839 1141 870 etiam
1158 850 1294 872 carmen
1309 841 1486 872 absolvent
1498 844 1534 871 et
1545 840 1746 880 cantabunt,

1037 895 1071 920 et
1110 892 1237 931 egregii
1268 891 1388 922 Poe'tae
1417 891 1576 922 evadent.
1633 891 1746 922 Notat

1036 940 1183 981 figurate
1209 952 1268 973 sua
1291 947 1459 983 tempora,
1487 941 1608 982 quibus
1625 941 1744 972 Poe'tae

1036 992 1123 1024 lucri
1160 1004 1219 1034 spe
1251 994 1333 1024 nihil
1363 1003 1430 1024 non
1464 993 1746 1024 moliebantur:-

1041 1044 1169 1083 Corvos‚
1185 1045 1255 1085 &ej
1279 1044 1319 1076 Id
1337 1049 1403 1083 est,
1430 1045 1558 1074 Corvos
1586 1047 1746 1085 tauquam

1037 1094 1176 1133 Po'etas,
1203 1100 1238 1126 et
1261 1095 1353 1135 picas
1384 1101 1543 1136 tauquam
1574 1094 1746 1125 Poetrias.

1038 1146 1136 1178 Idem.

1083 1201 1123 1229 14
1149 1197 1376 1237 Cuntare‚&c.]
1391 1197 1538 1228 Cantare
1554 1205 1651 1236 posse
1674 1195 1746 1226 dul-

1038 1248 1210 1279 cissimum
1229 1254 1379 1287 cantum,
1407 1253 1442 1278 et
1458 1256 1607 1286 carmen,
1623 1246 1664 1276 ad
1682 1246 1746 1276 Pe-

1039 1298 1110 1338 gasi
1140 1297 1270 1328 fontem
1302 1298 1514 1329 elaboratum
1540 1301 1576 1328 et
1591 1296 1746 1328 omnibus

1038 1349 1187 1379 numeris
1217 1348 1604 1389 absolutum—Credas]
1641 1349 1746 1380 Certo

1039 1398 1159 1429 credas
1198 1402 1234 1428 et
1268 1404 1421 1429 statuere
1448 1398 1747 1439 debeas-Melos]

1038 1449 1079 1479 Iu
1097 1448 1171 1479 aliis
1187 1453 1250 1487 est,
1266 1452 1383 1479 nectar.
1405 1449 1486 1479 Yet.
1507 1448 1748 1490 Scin—fifides]

1039 1499 1108 1530 Hic
1137 1499 1282 1539 primam
1313 1499 1389 1539 lege
1426 1508 1544 1530 versus
1575 1499 1748 1540 producit.

1039 1549 1230 1580 Politianus
1261 1549 1346 1580 dicit
1372 1558 1407 1580 se
1439 1550 1607 1590 reperisse
1630 1554 1749 1590 nectar,

1040 1600 1072 1630 in
1089 1599 1210 1631 codice
1226 1599 1472 1640 antiquissimo.
1503 1599 1612 1631 Lubin.
1659 1600 1747 1631 Vide

1038 1650 1130 1691 Aug.
1163 1651 1326 1682 Politian.
1356 1651 1506 1681 Miscell.
1544 1661 1572 1682 c.
1611 1654 1661 1682 14.
1701 1652 1747 1682 Et

1039 1702 1183 1742 Scoppae
1206 1702 1384 1732 collectan.
1411 1705 1463 1733 34.
1488 1701 1545 1733 ubi
1563 1712 1604 1732 ex
1622 1702 1747 1732 autori·
1793 1734 1800 1738 ,

1040 1756 1113 1782 tate
1142 1751 1283 1782 Homeri
1311 1757 1346 1782 et
1383 1752 1548 1782 Martiani
1586 1752 1747 1792 Capellae,
1793 1747 1799 1751 ’

1040 1802 1206 1833 asseritur
1234 1802 1384 1842 priorem
1414 1803 1470 1833 τοῦ
1494 1803 1588 1833 melos
1603 1802 1747 1843 produci

1041 1863 1153 1894 posse.
1182 1853 1315 1884 Furnab.

761 2241 1152 2296 SATJRA
1214 2244 1260 2292 l.

326 2422 342 2449 1
371 2418 399 2448 Ο
413 2418 517 2457 curas]
555 2419 810 2451 Pronunciatur
830 2421 885 2451 hic
915 2430 988 2451 ver-

283 2480 338 2501 sus
355 2479 374 2500 a
387 2469 519 2507 Persio,
546 2479 621 2499 cum
640 2469 770 2499 defixus
793 2471 826 2500 in
844 2475 990 2500 contom-

284 2519 434 2561 platione
449 2529 558 2548 rerum
571 2518 688 2549 mundi
700 2518 810 2557 hujus,
822 2524 858 2549 et
873 2528 989 2548 corum

283 2569 444 2609 omnium,
471 2578 545 2608 quae
575 2568 734 2598 mortales
757 2568 900 2608 agimus,
915 2568 989 2598 illas

286 2619 430 2650 vanitati
457 2618 631 2657 obnoxias,
659 2618 730 2648 lraec
743 2618 920 2658 plusquam
935 2628 990 2648 va-

284 2679 329 2700 na
345 2678 418 2700 esse
435 2668 720 2706 animadvertens,
735 2668 892 2708 satyram
909 2668 990 2698 scri-

287 2720 367 2752 bere
382 2719 543 2751 instituit.
577 2720 649 2751 Per
660 2729 750 2751 curus
769 2719 925 2750 hominum
940 2719 988 2750 in-

1041 2419 1168 2459 telligit
1196 2418 1237 2448 τὰ
1258 2415 1455 2457 πραττόμενα
1478 2419 1513 2445 et
1535 2413 1688 2444 actiones
1705 2423 1745 2444 ac

1040 2469 1154 2499 studia
1192 2473 1316 2498 cuncta
1361 2465 1566 2496 mortalium.
1618 2463 1745 2494 Rerum

1040 2518 1307 2557 appellationem
1324 2515 1431 2546 refert
1449 2514 1489 2544 ad
1506 2513 1547 2543 τὰ
1562 2512 1648 2544 ὄντα.
1680 2514 1747 2544 Res

1041 2567 1131 2605 dico,
1159 2576 1225 2598 non
1251 2567 1293 2596 ab
1309 2565 1497 2596 hominibus
1511 2563 1634 2603 factas,
1649 2563 1709 2594 sed
1727 2574 1746 2594 a

1040 2622 1164 2647 natura
1189 2621 1335 2655 creatas,
1354 2614 1540 2655 cujusmodi
1561 2619 1640 2645 sunt
1655 2623 1745 2653 gem-

1041 2679 1117 2707 mae,
1133 2677 1264 2707 aurum,
1289 2670 1479 2707 argentum,
1509 2670 1544 2695 et
1560 2664 1682 2695 similia
1696 2663 1747 2694 his

1041 2720 1120 2760 alia,
1143 2719 1177 2750 in
1195 2718 1316 2761 quibus
1343 2721 1484 2758 stupent
1505 2716 1744 2757 plerorumque
