1888 3032
242 141 299 184 14
736 151 797 181 nu
831 148 993 180 rnRsu
1027 147 1160 188 vim,

241 250 458 292 scribendi
480 261 611 303 genus
632 247 816 295 laborat,
832 244 1095 297 ambiguitas
1111 246 1154 284 et
1173 243 1432 296 obscuritas,
1450 258 1550 299 quae
1566 245 1696 288 etiam

242 323 373 360 aucta
392 322 456 358 est
478 316 702 357 brevitatis
738 313 899 362 studio,
929 313 999 353 cui
1033 324 1090 353 ex
1124 312 1273 353 Stoica
1292 312 1438 354 forsan
1458 314 1698 368 disciplina

240 388 416 429 nimium
451 385 657 429 assuevit,
679 385 720 422 et
741 382 1047 429 sententiarum
1085 381 1279 434 argutiis,
1302 383 1461 435 quibus
1490 387 1589 424 tunc
1622 383 1698 424 ho·

240 456 375 495 mines
406 452 741 493 delectabantur.
806 449 985 499 Verum,
1016 462 1068 489 ne
1098 451 1271 502 gravius
1301 463 1429 503 aequo
1460 451 1512 491 de
1546 451 1698 492 Persio

240 533 565 575 conqueramur,
587 518 669 558 hoc
692 518 836 571 utique
856 517 1082 558 tenendum
1113 521 1193 566 est,
1225 519 1415 558 obscura
1434 530 1513 558 nos
1541 518 1697 568 dicere,

239 602 336 643 quae
359 601 384 627 a
405 587 530 627 nobis
550 599 634 626 non
654 585 984 638 perspiciantur,
1004 585 1211 638 justoque
1232 586 1446 634 breviora,
1471 598 1570 638 quae
1591 598 1696 636 rem,

237 669 349 695 nunc
372 655 549 708 quidem
582 654 790 705 ignotam,
826 652 1066 705 significent
1101 656 1279 702 tantum,
1313 666 1396 693 non
1432 653 1698 707 exprimant,

235 726 424 764 nostram
445 735 583 762 rerum
604 722 912 773 cognitionem,
934 724 1128 761 nostrum
1158 722 1367 761 sermonis
1401 720 1546 761 Latini
1568 733 1695 761 usum

235 791 532 844 respicientes.
592 788 708 840 Quis
737 792 881 829 autem
901 801 986 828 non
1006 788 1216 841 intelligit,
1238 802 1335 841 quae
1371 802 1481 829 nunc
1510 789 1697 830 obscura

234 871 457 907 vocamus,
496 857 732 911 perspicua
773 856 1021 909 aequalibus
1063 869 1162 896 esse
1202 856 1412 909 potuisse,
1446 869 1544 909 quae
1583 867 1697 896 nunc

235 925 341 966 dura
360 925 571 974 videntur,
585 938 640 964 ex
658 927 782 977 partc
800 927 900 965 tunc
920 937 1001 963 usu
1021 922 1158 963 fuisse
1178 923 1372 963 mollita?
1404 925 1535 963 etiam
1557 924 1697 964 brevi-

234 994 336 1035 tatis
358 993 563 1042 studium,
586 992 702 1046 quod
723 990 902 1031 nimium
922 1003 1016 1030 esse
1042 990 1308 1043 judicamus,
1331 995 1407 1031 aut
1436 991 1601 1032 nullum
1622 995 1699 1033 aut

233 1061 452 1102 modicum
474 1061 529 1100 iis
550 1059 685 1099 videri
707 1059 865 1112 potuit,
889 1059 1048 1110 quibus
1068 1070 1137 1098 res
1158 1059 1268 1112 ipsae
1291 1062 1377 1098 tam
1398 1062 1515 1099 notae
1537 1063 1696 1109 essent,

233 1132 280 1169 ut
299 1141 384 1168 uno
406 1128 536 1167 verbo
559 1125 729 1166 abunde
762 1125 817 1165 ad
849 1125 1110 1165 intellectum
1141 1125 1445 1166 indicarentur.
1507 1123 1639 1175 Quod
1658 1126 1696 1166 si

233 1196 346 1236 enim
367 1198 456 1235 tam
484 1195 695 1234 obscurus
730 1193 976 1247 aequalibus
1008 1194 1129 1233 visus
1160 1193 1330 1242 fuisset,
1353 1206 1482 1246 quam
1516 1193 1697 1246 quibus-

233 1263 333 1303 dam
363 1275 421 1303 ex
450 1262 779 1310 recentioribus,
812 1262 885 1314 qui
917 1261 1135 1313 potuisset
1166 1273 1390 1300 censuram
1431 1259 1694 1310 Quintiliani

233 1329 429 1382 effugere,
461 1329 535 1382 qui
567 1328 919 1381 perspicuitatem
956 1339 1039 1367 non
1079 1327 1219 1367 solum
1250 1327 1292 1366 in
1327 1331 1512 1377 oratore,
1545 1340 1694 1368 verum

233 1397 364 1437 etiam
399 1398 442 1437 in
465 1395 599 1449 poeta
618 1395 825 1448 requirit?
869 1393 1033 1448 Atque,
1068 1396 1105 1434 si
1139 1395 1339 1434 volumus
1372 1407 1518 1434 verum
1552 1395 1694 1446 fateri,

230 1464 331 1506 loca
351 1477 476 1517 aeque
496 1464 688 1504 obscura
718 1464 761 1503 in
782 1462 1013 1515 quibusvis
1035 1462 1283 1502 auctoribus
1305 1462 1694 1515 deprehenduntur,

233 1530 559 1584 difficilioraque
593 1530 763 1584 passim
807 1530 1043 1582 aenigmata
1076 1530 1204 1569 nobis
1240 1529 1450 1570 solvenda
1493 1530 1691 1579 fuissent,

230 1598 314 1638 nisi
330 1611 384 1638 ea
402 1601 595 1638 veterum
623 1597 997 1649 grammaticorum
1019 1596 1244 1648 diligentia
1263 1601 1536 1650 occupasset,
1562 1601 1693 1651 atque

232 1664 454 1717 explicata
479 1666 607 1705 nobis
643 1663 905 1705 tradidisset.
966 1662 1129 1703 Verum
1148 1664 1260 1703 enim
1290 1676 1391 1705 vero
1412 1677 1550 1718 prope
1570 1665 1693 1706 dixe-

231 1732 327 1782 rim,
359 1733 567 1773 ridiculos
598 1745 674 1772 eos
707 1744 818 1782 esse,
848 1732 923 1785 qui
953 1730 1151 1771 Persium
1182 1731 1440 1772 obscuritati
1473 1731 1691 1773 studuisse

231 1799 497 1851 perhibeant,
531 1802 576 1839 ut
610 1798 854 1839 delatorum
883 1798 1123 1852 periculum
1154 1797 1375 1850 effugeret,
1405 1802 1480 1838 aut
1502 1798 1691 1840 Neronis

231 1867 338 1907 iram
353 1864 545 1909 evitaret.
608 1866 748 1917 Quasi
780 1859 886 1907 istis
914 1865 1182 1920 temporibus
1212 1866 1280 1906 vel
1300 1865 1526 1906 levissima
1547 1867 1690 1920 suspi-

233 1934 303 1974 cio
329 1946 413 1974 non
434 1935 523 1974 vim
544 1935 686 1987 ipsius
717 1933 865 1973 delicti
895 1933 1108 1982 habuerit,
1142 1936 1216 1973 aut
1250 1931 1430 1973 Persius
1463 1934 1689 1974 arbitratus

231 2000 302 2050 sit,
323 2000 543 2041 Neronem
571 2001 615 2041 id
645 2014 730 2041 non
764 2013 862 2041 esse
892 2000 1225 2050 intellecturum,
1258 2001 1373 2054 quod
1405 2001 1460 2040 ab
1488 2001 1689 2041 omnibus

231 2067 410 2121 reliquis
437 2069 616 2119 intelligi
653 2071 834 2121 optaret.
898 2067 1011 2108 Mihi
1038 2067 1213 2121 quidem
1239 2068 1472 2107 verisimile
1502 2067 1687 2118 videtur,

230 2134 430 2175 Persium
453 2135 505 2174 de
527 2134 708 2175 edendis
728 2134 874 2174 satiris
893 2138 998 2183 tum,
1021 2147 1121 2174 cum
1153 2146 1226 2174 eas
1259 2134 1478 2183 scriberet,
1498 2147 1552 2174 ne
1573 2135 1688 2188 cogi-

230 2204 350 2241 tasse
369 2202 561 2254 quidem,
583 2214 735 2242 verum
767 2202 812 2241 in
846 2201 988 2241 animo
1013 2200 1235 2249 habuisse,
1269 2200 1467 2254 aequiora
1491 2204 1688 2254 tempora

232 2273 479 2321 expectare,
497 2272 543 2309 ut
563 2268 803 2318 Juvenalis,
824 2273 871 2308 ut
887 2269 982 2321 ipse
1002 2267 1182 2308 Tacitus
1202 2267 1322 2316 fecit,
1339 2267 1416 2308 sed
1435 2271 1569 2308 morte
1589 2268 1686 2321 ejus

230 2340 492 2388 praematura
531 2336 638 2375 illud
671 2349 779 2389 opus
812 2335 1111 2388 imperfectum
1152 2335 1198 2374 in
1248 2335 1488 2375 amicorum
1531 2347 1684 2374 manus

231 2402 414 2451 venisse,
436 2406 483 2442 ut
503 2403 599 2454 ipse
631 2403 735 2442 vitae
758 2407 925 2450 auctor,
949 2403 1149 2455 quisquis
1170 2403 1242 2442 ille
1267 2402 1441 2442 tandem
1461 2402 1533 2450 sit,
1554 2403 1684 2442 testa-

230 2472 313 2508 tur.
375 2467 494 2518 Quid
515 2468 558 2507 hi
577 2470 835 2508 resecuerint
853 2470 920 2508 vel
935 2469 1253 2509 immutaverint
1266 2468 1335 2509 vel
1357 2468 1683 2520 castigaverint,

232 2538 306 2575 aut
326 2534 500 2588 quando
532 2534 687 2574 satiras
707 2535 804 2574 illas
827 2536 1106 2587 vulgaverint,
1135 2536 1222 2588 ipsi
1253 2536 1355 2575 vitae
1377 2536 1541 2576 auctori
1561 2537 1683 2587 igno-

230 2606 321 2641 tum
355 2601 493 2642 fuisse
535 2601 713 2642 videtur.
776 2601 907 2651 Quod
946 2603 1059 2642 enim
1109 2602 1231 2651 dicit,
1273 2601 1509 2642 Cornutum
1549 2615 1682 2652 unum

232 2681 404 2709 versum
440 2669 484 2709 in
521 2669 662 2722 prima
700 2670 835 2709 satira
871 2672 1082 2719 mutasse,
1118 2683 1170 2711 ne
1201 2682 1300 2710 eum
1329 2669 1384 2709 ad
1421 2681 1467 2710 sc
1500 2669 1682 2711 traheret
