1888 3032
205 133 291 176 302
496 141 753 173 RECENSUS
791 137 1072 169 EanloNuM
1108 138 1155 169 A.
1188 139 1371 171 mensu.

260 239 399 281 Persii
422 239 515 280 Sat,
531 237 630 279 8vo.
651 237 753 291 maj.
772 235 894 289 Lips.
916 235 1046 277 1809.

260 308 404 350 Persii
426 308 520 347 Sat.
542 318 642 346 cum
663 308 892 345 comment.
915 304 1017 345 Svo.
1040 302 1181 344 Paris.
1202 301 1330 344 1812.

259 375 401 417 Persii
423 374 514 415 Sat.
536 373 590 414 ad
614 372 741 414 codd.
789 372 1015 413 Parisinos
1037 371 1288 419 recensitas,
1318 371 1435 411 lectt.
1456 372 1666 413 varietate

202 447 244 485 et
275 442 586 484 commentario
618 444 829 495 perpetuo
863 440 1100 482 illustravit
1129 438 1185 480 A.
1207 438 1258 479 L.
1280 438 1532 489 Achaintre,
1565 439 1668 481 Svo.

203 511 347 552 Paris.
370 509 497 551 1812.

259 578 350 619 His
371 577 572 633 adjicias,
597 577 714 631 apud
735 576 922 630 Anglos,
943 575 1013 617 the
1047 575 1213 616 Satires
1233 575 1285 615 of
1314 573 1497 616 Persius
1528 577 1669 616 trans-

201 646 321 688 lated
359 647 419 701 by
456 644 530 686 W.
567 644 855 694 Drummond,
891 643 997 697 Esq.
1032 643 1130 684 Svo.
1163 643 1301 684 Lond.
1334 644 1460 684 1799.
1519 641 1668 683 Versu·

203 714 393 764 Runico‚
426 717 471 755 et
501 713 689 763 musico,
730 716 773 754 et
807 725 905 752 cum
938 711 1052 751 notis
1088 723 1140 751 ac
1172 711 1344 764 praefat.
1380 710 1666 764 elegantibus.

202 782 302 824 Nec
329 780 704 836 praetermittenda
724 783 791 820 est
808 779 954 821 versio
987 777 1180 832 poetica,
1213 779 1456 819 novissima
1488 782 1530 818 et
1563 791 1668 819 con-

202 851 331 891 cinna
359 852 401 890 et
419 852 621 899 venusta,
644 848 869 889 Francisci
888 846 1072 895 Howes,
1094 844 1148 886 A.
1162 845 1227 886 M.
1249 846 1387 887 Lond.
1409 845 1535 887 1809.
1567 858 1669 886 cum

202 918 315 959 notis
335 917 618 959 doctissimis.

259 985 318 1026 Et
337 984 515 1039 quidem
535 983 783 1025 addendum
805 983 863 1022 sit
900 982 1033 1034 quod,
1055 985 1104 1023 ut
1124 981 1411 1035 singularium
1431 983 1513 1021 sat.
1534 981 1668 1021 inter-

200 1057 345 1107 pretes
363 1057 407 1094 et
426 1053 662 1093 imitatores
682 1050 910 1091 Juvenalis
931 1049 1097 1099 habuit,
1121 1050 1186 1091 sic
1208 1049 1339 1090 etiam
1360 1049 1555 1089 Persius.
1593 1047 1666 1088 Ex

200 1121 283 1162 hoc
297 1133 477 1161 numero
496 1119 580 1160 fuit
598 1119 671 1159 ille
689 1119 763 1172 qui
777 1117 915 1158 edidit
935 1121 1015 1158 sat.
1028 1117 1129 1158 Sam
1152 1129 1252 1157 cum
1273 1116 1387 1156 notis
1401 1115 1495 1169 jam
1515 1127 1668 1166 mem.;

201 1192 243 1230 et
264 1189 339 1243 qui
361 1187 478 1241 apud
508 1190 745 1236 nostrates,
769 1186 837 1227 the
859 1184 1045 1235 Baviad,
1072 1197 1099 1225 a
1119 1183 1425 1238 paraphrastic
1447 1182 1665 1223 imitation

200 1256 252 1297 of
265 1257 333 1297 the
355 1257 444 1297 first
461 1256 589 1296 satire
610 1254 661 1295 of
675 1253 870 1295 Persius.
902 1251 946 1293 A
966 1265 1063 1292 new
1083 1251 1183 1294 edit.
1226 1250 1337 1291 Cum
1357 1250 1492 1299 notis„
1510 1249 1635 1290 1793.
1652 1263 1663 1301 ;

201 1329 243 1367 et
274 1325 351 1378 qui
388 1321 608 1376 (Meister)
645 1322 736 1363 Sat.
761 1333 791 1361 1.
813 1321 914 1362 Svo.
935 1320 1062 1362 1801.
1092 1324 1135 1361 et
1156 1322 1384 1361 comment.
1404 1318 1450 1359 in
1482 1317 1575 1359 Sat.
1597 1328 1669 1358 ιν.

202 1393 302 1436 Svo.
323 1391 432 1433 ibid.
454 1391 581 1434 1801.
613 1402 714 1431 cum
735 1389 885 1430 multis
907 1388 1027 1430 aliis..
