1888 3032
698 136 883 169 SATIRA
915 136 960 166 V.

1471 123 1557 168 113

97 238 196 282 Nec
217 238 393 294 stloppo
414 236 602 282 tumidas
622 235 812 278 intendis
829 245 1026 289 rumpere
1042 232 1227 275 buccas.

96 307 249 349 Verba
268 311 383 360 togae
404 306 614 360 sequeris,
631 305 838 360 junctura
858 302 1042 344 callidus
1063 301 1170 352 acri,

98 372 184 414 Ore
205 377 317 415 teres
338 373 531 423 modico,
553 373 769 426 pallentes
788 369 936 411 radere
956 382 1099 410 mores

1501 367 1559 410 15

98 440 284 490 Doctus,
306 445 349 482 et
368 442 550 493 ingenuo
571 439 751 492 culpam
771 436 955 489 defigere
981 436 1101 477 ludo.

95 572 216 602 conaris
223 571 376 611 frangere
391 572 488 602 malas
501 571 628 611 inflatas
641 569 763 609 ingenti
775 577 859 599 sono.
904 567 1042 598 Sectaris
1054 577 1139 598 voces
1153 567 1249 607 pacis,
1260 567 1381 608 peritus
1385 566 1469 607 sorti
1481 578 1560 600 com-

93 614 259 656 positione,
270 615 388 655 politus
401 614 480 655 stylo
496 614 643 654 modesto,
655 613 748 644 solers
760 611 972 652 perstringere
988 610 1067 642 vitia
1078 610 1211 653 pallida,
1226 614 1256 642 et
1271 621 1385 643 noxam
1399 611 1561 651 confodere

710 706 748 718 ‘O
753 706 808 718 ”O
813 705 948 718 ‘ovete‘

96 775 139 805 13
161 775 281 814 stloppo
295 775 462 815 scriptum
478 774 681 814 invenimus,
708 784 775 806 non
789 776 923 815 seloppo,
944 774 978 805 in
993 773 1148 805 omnibus
1177 773 1324 815 antiquis
1348 774 1563 815 membranis,

96 825 167 848 non
192 818 300 848 solum
330 818 449 858 Persii,
478 828 594 849 verum
621 818 725 849 etiam
742 818 922 849 Prisciani.
948 817 1205 848 casaubon—15
1233 818 1297 848 Ore
1321 818 1398 848 teris
1426 819 1493 850 Ms.
1518 820 1562 851 R.

99 858 169 890 Alii
185 859 260 890 libri
276 861 376 901 vulgo
394 860 500 891 edunt
523 863 623 902 terisg
648 861 737 902 quod
765 861 793 892 si
819 861 873 892 cui
899 861 1046 900 placeat,
1070 859 1297 900 repetendum
1320 861 1387 891 erit
1409 865 1446 892 et
1462 871 1564 893 versu

97 902 320 944 praecedenti,
342 903 435 934 verba
455 906 559 944 togae,·
588 903 656 935 erit
680 908 794 935 autem
822 913 874 935 ore
902 906 1001 934 terere
1028 902 1119 933 verba
1145 902 1235 933 idem
1257 912 1297 933 ac
1325 903 1432 944 loqui,
1455 904 1563 936 verba

781 994 922 1028 NOTAE

146 1065 185 1094 13
210 1063 278 1094 Nec
291 1064 409 1105 stloppo
425 1064 563 1096 tumidas
576 1064 712 1096 intendis
721 1074 806 1095 rum-

96 1123 171 1154 pere
197 1112 320 1154 buccas]
369 1113 522 1146 Adverte
550 1115 783 1155 gradationem
797 1125 805 1145 :

100 1172 165 1195 nec
181 1163 306 1203 stylum
321 1162 416 1194 inflas
430 1164 472 1195 ad
488 1165 597 1195 instar
609 1163 720 1203 follis;
744 1173 807 1194 nec

100 1212 276 1244 meditaris
302 1218 338 1244 et
354 1217 467 1244 tecum
491 1213 600 1254 agitas
615 1212 758 1244 confusa
773 1217 809 1244 et

101 1262 279 1304 impedita,
290 1273 382 1294 more
395 1264 557 1302 cornicis3
581 1273 646 1295 nec
659 1263 808 1305 denique

102 1323 160 1345 ore
199 1314 352 1355 turgenti
388 1315 600 1356 pronuntias,
636 1319 675 1346 ut
712 1314 810 1356 quasi

104 1364 279 1405 stloppum
296 1365 400 1396 edere
414 1365 576 1397 videaris.
620 1366 676 1397 Sic
691 1365 810 1396 laudat

106 1414 278 1446 Cornutus
299 1415 413 1446 Persii
437 1416 678 1456 elocutionem,
696 1416 810 1447 inven-

104 1465 244 1506 tionem,
259 1465 580 1505 pronuntiationem.

148 1515 296 1555 Stloppo]
339 1515 417 1546 Vox
441 1515 524 1546 ficta
550 1516 592 1547 ad
620 1515 812 1556 exprimen-

107 1565 187 1597 dum
203 1575 321 1597 sonum
337 1575 379 1597 ex
395 1565 520 1598 infiatis
536 1567 615 1598 aere
632 1567 761 1606 buccis,
777 1571 813 1597 et

105 1616 140 1647 vi
165 1615 310 1657 quadam
336 1620 397 1648 aut
425 1615 496 1648 ictu
526 1617 618 1649 elisis
652 1621 688 1648 et
725 1626 815 1649 eom-

107 1666 231 1707 pressis
250 1665 389 1698 editum.
434 1667 504 1698 Hic
521 1667 660 1708 egregie
676 1666 816 1698 adhibe-

110 1722 166 1749 tur
179 1716 222 1748 ad
235 1716 491 1758 significandam
505 1717 819 1758 pronuntiationem

109 1767 274 1799 tumidam
289 1773 324 1799 et
336 1767 544 1800 affectatam.
582 1768 682 1809 Legit
692 1769 818 1800 Casau-

109 1819 217 1851 bonus
232 1820 365 1860 stlvmzo,
380 1828 447 1850 non
464 1820 596 1860 seloppo,
618 1829 661 1850 ex
677 1819 819 1859 antiquo

110 1868 254 1908 Codice,
270 1873 305 1900 et
324 1868 419 1900 favet
433 1869 642 1909 Priscianus,
656 1869 681 1899 1.
697 1877 723 1899 1.
742 1877 772 1899 c.
788 1871 820 1900 4.

157 1922 196 1951 14
226 1918 326 1950 Verba
341 1922 424 1958 togoe
437 1918 590 1958 sequeris]
636 1918 716 1949 Non
731 1917 821 1948 bella

111 1970 264 2002 carmine
279 1969 455 2009 describis,
468 1969 527 2000 sed
542 1978 618 2010 quae
633 1967 728 2008 pacis
737 1971 821 1999 tem·

113 2030 198 2061 pore
224 2021 259 2052 in
286 2030 348 2051 usu
375 2024 465 2052 sunt.
510 2020 566 2051 Sic
582 2018 669 2050 libet
684 2018 758 2049 haec
773 2018 821 2048 in-

113 2071 284 2112 telligere,
308 2071 416 2112 magis
444 2080 545 2112 quam
570 2070 612 2100 de
629 2068 822 2100 forensibus

117 2125 155 2152 et
170 2121 344 2161 oratoriis,
369 2126 429 2151 aut
445 2120 549 2151 etiam
564 2119 606 2150 de
619 2119 732 2150 Satira
747 2128 823 2160 quae

115 2170 257 2212 propria
270 2171 501 2201 Romanorum
518 2170 573 2210 sit,
588 2169 823 2210 interpretari.

163 2219 271 2260 Togae]
307 2220 416 2251 Vetus
445 2220 558 2251 Schol.
580 2219 635 2250 hic
651 2220 702 2250 ita
717 2219 825 2260 loqui-

117 2275 195 2302 tur:
235 2271 244 2288 ‘
255 2271 360 2310 Toga,
388 2280 509 2311 purum
535 2270 690 2311 pallium,
716 2270 826 2300 forma

118 2320 279 2362 rotunda,
304 2320 429 2352 fusiore
453 2326 555 2362 atque
578 2320 766 2351 inundante
782 2319 825 2350 si-

119 2382 187 2404 nu:
213 2372 256 2402 de
273 2371 335 2403 sub
353 2371 473 2402 dextro
489 2371 642 2411 veniens,
657 2380 759 2411 super
770 2370 827 2400 hu-

118 2432 250 2454 merum
260 2423 433 2454 sinistrum
445 2422 583 2462 ponitur
595 2433 602 2453 2
628 2422 726 2462 cujus
736 2421 826 2452 simi-

119 2471 299 2503 litudinem
326 2472 359 2503 in
384 2472 606 2512 operimentis
634 2472 827 2503 simulacro-

122 2532 211 2563 rum,
234 2523 289 2554 vel
305 2523 516 2564 picturarum
533 2523 735 2564 aspicimus:
760 2533 830 2554 eas-

125 2582 192 2613 que
213 2577 341 2604 statuas
371 2578 504 2614 togatas
520 2583 694 2605 vocamus.
739 2574 831 2614 Toga

126 2623 270 2654 Romani
287 2623 320 2654 in
337 2633 436 2664 pace,
458 2624 492 2654 in
510 2623 599 2655 bello
615 2624 831 2664 paludamen-

127 2671 172 2703 tis
189 2673 383 2704 utebantur.
429 2674 593 2706 Mensura
614 2678 704 2717 togae
727 2675 830 2717 justae

215 2724 330 2766 Delph.
345 2730 377 2757 et
396 2726 470 2758 Var.
483 2727 570 2759 Clas.

859 1072 956 1094 senas
971 1062 1065 1093 ulnas
1080 1060 1253 1092 habebat.’
1301 1061 1388 1102 Toga
1403 1071 1467 1103 per
1481 1067 1567 1095 met-

860 1114 1031 1154 onymiam
1067 1112 1237 1153 significat
1274 1122 1407 1152 pacem.
1475 1114 1568 1147 Hinc

861 1165 946 1196 illud
976 1163 1099 1195 Tullii:
1139 1164 1149 1181 ‘
1165 1163 1300 1194 Cedant
1331 1174 1423 1195 arma
1451 1165 1568 1206 togae!

862 1216 955 1256 Lege
971 1214 1128 1245 Macrob.
1142 1214 1314 1246 Saturnal.
1330 1215 1387 1245 lib.
1402 1224 1425 1247 1.
1443 1225 1519 1258 cap.
1535 1219 1568 1250 6.

862 1265 962 1297 Alex.
975 1265 1016 1296 ab
1031 1264 1133 1296 Alex.
1150 1264 1208 1295 lib.
1225 1274 1259 1296 v.
1276 1274 1352 1305 cap.
1370 1268 1423 1297 18.

905 1317 1065 1347 Junctura
1079 1315 1208 1346 callidus
1221 1315 1304 1357 acri]
1348 1316 1496 1349 Quidam
1515 1316 1571 1349 hie

863 1366 1043 1399 Satiricum
1068 1367 1173 1397 salem
1191 1367 1510 1406 comminiscuntur3
1535 1372 1573 1399 at

865 1418 985 1448 melius
1001 1416 1059 1447 alii
1072 1417 1190 1447 scitam
1207 1427 1247 1448 ac
1264 1417 1437 1449 robustam
1453 1418 1573 1450 verbo·

865 1476 941 1497 rum
965 1466 1258 1506 compositionem,
1278 1477 1344 1498 non
1361 1469 1495 1500 mollem
1513 1473 1574 1501 aut

866 1516 1107 1557 rhythmicam,
1130 1516 1238 1557 qualis
1251 1517 1381 1548 Neroni
1398 1517 1573 1551 affectata.

866 1567 952 1598 Tull.
977 1576 1032 1598 111.
1060 1567 1101 1598 de
1126 1567 1286 1606 Oratore,
1309 1569 1318 1586 ‘
1334 1569 1401 1600 Sed
1428 1570 1455 1600 si
1482 1569 1574 1601 habi-

869 1621 942 1648 tum
958 1617 1061 1647 etiam
1077 1617 1238 1648 orationis
1255 1622 1292 1649 et
1312 1618 1410 1659 quasi
1425 1620 1574 1651 colorem

868 1667 1016 1708 aliquem
1032 1666 1198 1707 requiris;
1222 1671 1275 1698 est
1290 1668 1390 1709 plena
1406 1669 1576 1710 quaedam,

870 1721 907 1748 et
922 1721 1035 1747 tamen
1058 1721 1150 1747 teres
1169 1726 1208 1747 ac
1228 1717 1349 1757 tenuis,
1366 1722 1402 1749 at
1418 1727 1484 1749 non
1500 1719 1574 1751 sine

871 1767 984 1798 nervis
1000 1777 1040 1797 ac
1056 1766 1206 1798 viribus.’

918 1820 956 1848 15
995 1819 1058 1847 Ore
1086 1820 1169 1848 teres
1197 1817 1329 1857 modico]
1386 1818 1511 1851 Horat.
1541 1819 1577 1851 in

874 1867 983 1899 Arte:
1008 1868 1017 1884 ‘
1033 1867 1145 1898 Dedit
1168 1877 1227 1899 ore
1244 1867 1392 1899 rotundo
1416 1869 1516 1901 Musa
1530 1870 1579 1901 10-

875 1916 954 1959 qui.'
978 1916 1047 1947 Alii
1058 1917 1190 1957 legunt,
1200 1917 1290 1957 teris,
1303 1917 1339 1947 id
1353 1922 1418 1957 est,
1433 1919 1579 1960 expolis,

873 1966 1046 2009 superflua
1060 1977 1208 2009 resecas,
1231 1972 1270 2000 ut
1290 1967 1417 2000 ferrum
1433 1969 1514 2001 lima
1527 1975 1578 2001 te-

876 2018 923 2049 rit
939 2021 974 2048 et
989 2017 1140 2058 laevigat.
1534 2028 1537 2030 ·

920 2069 1082 2100 Pallentes
1104 2070 1212 2100 radere
1238 2079 1337 2101 mores
1358 2070 1482 2113 doctus]
1526 2071 1582 2103 Tu

878 2128 946 2150 non
961 2118 1060 2150 modo
1077 2123 1185 2159 recte,
1203 2119 1264 2151 sed
1288 2123 1325 2151 et
1347 2126 1444 2152 recta
1460 2120 1582 2152 scribis

878 2175 914 2201 et
942 2170 1042 2202 bona.
1097 2171 1266 2203 Nimirum
1295 2172 1422 2212 placita
1448 2182 1582 2205 morum

879 2224 1008 2251 tractas
1024 2221 1244 2262 sanctissima,
1261 2226 1298 2253 et
1313 2223 1418 2253 multo
1434 2223 1504 2255 sale
1526 2223 1584 2254 ho·

878 2271 1006 2302 minum
1023 2271 1106 2302 vitia
1122 2269 1292 2302 defricare
1314 2272 1453 2312 satagis.

923 2321 1081 2352 Pallentes
1102 2321 1216 2361 mores]
1262 2322 1444 2362 Nunquam
1460 2331 1527 2353 non
1544 2322 1586 2354 ti-

881 2375 976 2401 ment
1003 2371 1059 2412 qui
1084 2371 1149 2402 sibi
1177 2371 1303 2402 conscii
1334 2377 1412 2403 sunt
1441 2372 1585 2414 alicujus

882 2420 1016 2462 flagitii.
1054 2423 1100 2453 Et
1113 2421 1225 2453 Satira
1242 2432 1316 2463 quae
1331 2422 1458 2452 nemini
1474 2422 1586 2463 parcit

883 2471 1050 2512 improbo,
1061 2472 1158 2503 malis
1171 2472 1335 2513 pallorem
1350 2472 1492 2504 inducit.
1516 2472 1587 2502 Ho-

884 2527 949 2553 rat.
966 2522 1077 2563 Epist.
1095 2531 1120 2554 1.
1138 2525 1168 2553 1.
1193 2524 1203 2539 ‘
1220 2522 1288 2553 Hic
1309 2532 1421 2553 murus
1437 2522 1586 2552 aheneus

885 2577 980 2611 est03
1004 2573 1098 2604 Nihil
1126 2573 1281 2604 conscire
1309 2572 1384 2612 sibi,
1407 2571 1499 2601 nulla
1513 2571 1586 2611 pal-

884 2623 1013 2654 lescere
1029 2623 1152 2664 culpa?

930 2677 971 2705 16
993 2674 1134 2714 Ingenuo
1149 2673 1269 2715 culpam
1282 2670 1417 2712 defigere
1431 2668 1516 2710 ludo]
1538 2670 1589 2702 Ut

827 2727 917 2759 Pers.
1466 2723 1503 2756 H
