1888 3032
697 161 858 194 PERSII

161 267 202 290 ac
228 257 335 298 loqui,
364 256 466 288 verba
497 267 661 298 usurpare
685 259 865 290 sivmscri-

163 309 288 349 hendo,
302 310 372 341 sive
388 310 569 352 loquendo.
609 310 865 341 Casanb.—Pal-

161 360 273 400 lentes]
289 361 413 391 Sensus
426 366 497 392 est:
513 363 576 401 Tu,
590 362 698 398 Persi,
715 360 866 391 didicisti

162 411 320 451 Satyram
345 411 508 450 scribere,
532 417 567 443 et
594 412 715 442 doctus
736 420 784 450 es,
801 411 865 441 vir-

162 464 270 492 tutem
289 466 323 492 et
345 462 558 502 sapientiam,
582 463 722 503 ejusque
749 462 866 502 majes-

161 516 268 542 tatem
294 513 544 552 commendare,
561 517 595 544 et
625 522 732 543 mores
760 512 864 542 homi-

161 572 242 593 num
269 573 391 604 pravos
417 568 452 594 et
479 564 522 594 ob
546 563 669 593 malam
693 562 865 593 conscien-

161 615 243 646 tiam
266 617 432 656 pallentes
448 620 484 647 et
500 616 714 656 trepidantes
733 614 865 653 radere,

161 665 331 705 mordere,
346 671 382 698 et
398 666 570 698 insectari.
605 666 661 697 Sic
681 666 862 697 Horatius:

161 716 171 732 ‘
192 716 251 747 Nil
278 718 433 748 conscire
456 717 530 756 sibi,
557 717 650 747 nulla
676 716 864 757 pallescere

160 765 282 806 culpa!
299 767 492 806 ——Raclere]
530 767 779 807 Perstringere,
811 775 866 796 no-

162 820 248 847 tare.
293 817 407 848 Lubin.

207 869 247 897 16
284 867 420 907 Doctus]
457 868 674 908 Ingeniosus:
702 871 736 897 et
753 870 866 907 potest

163 926 236 947 esse
259 916 429 957 Particip.
454 928 516 958 pro
544 916 802 956 &Maecia—Et
817 917 864 947 in-

158 968 276 1008 genuo]
306 968 458 999 Aliorum
488 969 624 1010 culpam
654 973 689 1000 et
713 968 866 1007 crimina,

162 1027 229 1049 non
248 1019 443 1059 petulanter
470 1023 506 1050 et
534 1019 671 1059 rustice,
688 1018 749 1049 sed
775 1019 865 1058 inge-

161 1077 241 1108 nuo,
258 1068 389 1099 liberali
413 1074 449 1099 et
471 1069 603 1100 urbano
623 1069 704 1109 joco
731 1072 766 1099 et
791 1069 866 1099 sali-

162 1117 225 1149 bus
241 1117 390 1158 defigere
415 1124 450 1150 et
473 1124 605 1158 notare,
629 1119 726 1159 quasi
754 1119 866 1149 ridens

162 1168 352 1210 ludensque
386 1169 469 1200 vitia
499 1169 868 1211 carpere.—-Dffigere]

163 1219 309 1258 Noram,
324 1220 378 1250 vel
396 1220 507 1260 potius
531 1219 646 1257 ferire,
662 1223 698 1250 et
722 1219 867 1250 transfo-

163 1267 254 1300 dere.
291 1269 424 1300 Salilms
439 1274 475 1300 et
487 1270 672 1300 acrioribus
684 1269 789 1310 jocis,
806 1279 868 1301 ceu

163 1319 313 1359 colaphis
330 1324 459 1359 petere.
486 1320 618 1350 Casauh.

206 1373 245 1401 17
271 1371 371 1410 Hinc,
385 1371 456 1410 ἂψ]
479 1371 565 1402 Hinc
580 1381 624 1402 ex
647 1371 816 1411 corruptis
832 1375 868 1402 et

164 1420 358 1460 depravatis
387 1421 558 1451 hominum
596 1421 757 1458 moribus,
798 1426 866 1452 tuae

164 1470 297 1511 Satyrae
335 1471 572 1501 convenientia
609 1471 794 1512 deprome:
834 1475 869 1502 et

164 1520 238 1551 illas
277 1521 426 1560 tragicas
456 1521 630 1561 materias,
667 1531 799 1552 coenam
833 1525 869 1552 et

163 1579 296 1602 mensas
322 1571 509 1611 Thyesteas
536 1574 572 1601 et
599 1570 765 1611 Procnes,
792 1581 869 1602 cuin

165 1620 280 1662 capite
296 1626 332 1652 et
347 1620 502 1661 pedibus,
525 1620 599 1651 aliis
626 1621 808 1662 grandibus
832 1625 869 1652 et

163 1671 302 1702 tumidis
330 1671 450 1702 Poetis
477 1671 869 1712 relinque.—Relinque,

162 1723 231 1764 ἐξα]
252 1722 308 1753 Ne
331 1731 425 1752 sume
453 1722 516 1752 tibi
541 1722 768 1763 Tragoediam,
793 1733 869 1764 quae

166 1772 330 1804 describit
354 1781 515 1813 mensam,
545 1773 580 1803 in
611 1782 678 1813 qua
701 1777 806 1812 caput
833 1776 870 1804 et

165 1822 282 1863 pedes,
310 1827 345 1853 et
371 1822 505 1863 reliqua
532 1824 684 1854 membra
711 1823 873 1863 filiorum,

166 1874 257 1915 patri
272 1873 429 1914 Thyestae
446 1874 479 1904 in
497 1874 609 1904 cibum
624 1874 783 1914 apposita
798 1873 870 1904 fue-

164 1923 420 1964 re.—Mycenis]
457 1923 498 1954 In
525 1924 668 1955 civitate
698 1924 868 1962 Laconiae‚

163 1974 225 2005 ubi
264 1973 390 2005 Atreus
423 1974 583 2015 Thyestae
623 1973 734 2015 fratri,
762 1974 869 2006 filium

166 2025 373 2066 epulandum
395 2025 484 2065 patri
509 2025 679 2065 apposuit.
724 2025 795 2056 Alii
823 2027 869 2056 le-

169 2080 255 2116 gunt
269 2076 428 2116 Mycenas,
445 2076 535 2116 quod
559 2081 650 2107 esset
674 2086 736 2117 pro
763 2077 870 2117 Myce-

166 2136 260 2157 noeas.
299 2126 420 2158 Lubin.

212 2180 252 2208 18
280 2176 476 2218 Plebeiaque]
498 2178 670 2219 Quicquid
695 2178 738 2208 ad
765 2179 870 2210 vitam

167 2236 377 2259 communem
393 2232 429 2258 et
445 2228 607 2268 populum
623 2228 871 2259 emendandum

169 2282 316 2319 spectat.
342 2278 474 2310 Omitte
492 2288 573 2319 ergo
588 2284 786 2319 argumenta
803 2285 870 2310 tra-

170 2328 246 2368 gica
268 2333 303 2359 et
330 2338 462 2359 omnem
486 2329 649 2361 orationis
674 2340 795 2361 vanum
820 2335 870 2362 tu-

169 2388 308 2410 morem.
357 2378 487 2410 Casaub.

212 2430 253 2458 19
278 2429 362 2466 Non,
387 2428 457 2468 Sym]
501 2430 700 2470 Respondet
728 2430 869 2461 Persius

163 2479 236 2519 jam
264 2478 307 2508 ad
335 2479 477 2510 Cornuti
499 2480 549 2510 sui
569 2481 789 2520 praeceptoris
812 2480 870 2511 ob-

165 2528 367 2568 jectionem.
414 2530 494 2560 Non
525 2531 587 2561 hoc
619 2540 694 2571 agn,
724 2536 762 2561 ut
792 2540 871 2562 cen-

171 2582 242 2608 tnm
268 2587 326 2608 ora
349 2584 384 2610 et
405 2579 539 2620 linguas
563 2587 694 2621 nactus,
718 2582 870 2623 grandia,

171 2632 208 2658 ct
241 2628 398 2659 sublimia
425 2630 648 2662 deliramenta
686 2632 871 2664 Poetarum

172 2678 573 2723 describam—Rullum]
594 2682 635 2713 In
651 2683 786 2714 modum
802 2683 873 2714 bul-

172 2728 215 2760 lae
231 2725 371 2767 inflatis,
385 2733 422 2761 et
444 2731 600 2771 turgidis,
622 2733 682 2764 sed
704 2733 872 2765 inanibus,

260 2783 378 2824 Delph.
395 2786 424 2814 ct
446 2783 518 2816 Var.
533 2785 616 2818 Clas.
751 2778 754 2781 v

920 160 1026 192 sA‘r.
1059 160 1103 192 v.
1534 152 1619 193 ‘257

917 258 1029 289 Lubin.
1076 257 1116 288 Iu
1146 255 1229 288 Mss.
1261 255 1463 298 quibusdam
1493 256 1620 295 legitur

913 309 1061 348 pullatis:
1086 308 1223 349 pullatae
1250 317 1361 347 nuga’,
1388 317 1462 348 quae
1490 307 1621 348 pullatis

917 364 950 389 et
965 358 1038 388 vilis
1055 358 1180 398 popelli
1193 357 1326 398 judicio
1341 357 1408 387 sint
1422 357 1620 397 probandae.

917 410 992 440 Nec
1023 410 1109 439 male
1142 413 1240 439 vetus
1271 409 1451 448 interpres,
1471 408 1620 448 quisquis

917 459 973 489 ille
997 458 1074 498 fuit,
1098 459 1140 490 de
1169 460 1310 499 tragicis
1339 458 1549 499 argumentis
1573 458 1622 488 in-

918 514 1152 550 terpretatum
1178 518 1309 549 semper
1333 509 1421 539 enim
1444 508 1476 538 in
1501 514 1622 548 tragoe-

917 558 982 589 diis
999 569 1098 599 reges
1116 560 1250 600 pullati,
1273 559 1335 590 hoc
1359 565 1422 597 est,
1448 558 1570 597 moesti,
1584 562 1622 589 et

917 609 1028 650 aliquo
1054 609 1183 647 ingenti
1211 619 1291 640 casu
1319 609 1435 640 tristes
1461 608 1623 640 inducun-

917 664 984 691 tur.
1032 661 1164 692 Casaub.

959 713 1001 741 20
1025 711 1165 750 Pagina,
1192 711 1262 752 Esca]
1308 713 1465 745 Carmen.
1520 716 1624 757 Dare,

916 760 983 801 ὁμὴ]
1008 762 1093 794 Quae
1116 762 1241 803 pagina
1257 761 1385 794 fumum
1410 769 1445 795 et
1461 774 1513 796 res
1530 766 1622 797 leves

917 817 952 842 et
968 821 1070 842 vanas
1086 814 1241 844 extollat.
1276 814 1426 846 'rui-neb.
1445 824 1509 847 xx.
1528 819 1556 848 1.

959 864 999 892 21
1025 862 1158 900 iS'ecretz',
1172 863 1241 902 ἔγω]
1268 863 1354 894 Haec
1371 874 1436 895 non
1454 866 1621 903 omnibus,

919 913 978 944 sed
996 914 1057 944 tibi
1075 914 1162 945 (lico.
1195 915 1250 945 Ne
1268 916 1401 947 scilicet
1417 917 1491 957 quis
1509 918 1624 948 existi-

919 969 988 995 met
1004 974 1058 994 me
1074 964 1199 1005 aliquid
1215 965 1352 995 auribus
1366 967 1433 996 tuis
1449 966 1623 1008 daturum,

918 1019 954 1045 et
981 1019 1016 1045 te
1044 1023 1159 1045 coram
1182 1015 1256 1045 aliis
1284 1015 1511 1056 laudaturum,
1533 1018 1623 1057 quod

919 1065 1124 1096 adulationis
1153 1065 1304 1107 speciem
1339 1066 1624 1110 haberet.——Tibi‚

917 1115 986 1156 δ)ϊ.]
1008 1116 1132 1147 Sensus
1149 1122 1221 1148 est:
1247 1117 1372 1148 Intima
1389 1120 1540 1158 pectoris
1556 1120 1624 1150 mei

920 1167 1108 1205 penetralia
1121 1167 1194 1207 tibi,
1205 1177 1224 1198 o
1235 1168 1396 1207 Cornute,
1409 1169 1510 1209 idque
1525 1170 1624 1200 Musa

920 1217 1124 1248 exhortante
1154 1222 1188 1248 et
1216 1218 1412 1258 instigante,
1446 1229 1537 1250 nunc
1569 1229 1625 1250 ex-

919 1268 1078 1300 cutienda
1095 1274 1131 1299 et
1147 1270 1358 1310 exploranda
1374 1268 1531 1308 exhibeo,
1558 1280 1625 1302 me-

920 1328 986 1359 que
1012 1320 1077 1350 tibi
1107 1324 1216 1351 totum
1249 1320 1360 1360 pando
1383 1324 1420 1350 et
1451 1320 1626 1360 aperio.—

922 1371 1088 1411 Camoenae]
1114 1372 1236 1409 Musae,
1261 1371 1358 1412 quasi
1374 1376 1478 1402 castae
1502 1372 1625 1403 mentis

920 1421 1094 1460 praesides.
1139 1421 1253 1453 Lubin.

964 1474 1005 1501 22
1031 1472 1243 1512 Excutienda]
1260 1472 1506 1512 Examinanda,
1521 1473 1624 1514 inspi-

920 1520 1052 1551 cienda.
1077 1522 1259 1552 Proecordia
1274 1532 1335 1562 pro
1350 1522 1626 1558 animm—Quan-

918 1574 1024 1611 taque,
1057 1571 1124 1612 Esca]
1169 1572 1346 1603 Sententia
1375 1582 1394 1603 a
1430 1573 1626 1613 Pythagora

921 1627 1043 1662 tracta,
1059 1623 1233 1653 dimidiam
1253 1623 1372 1653 animae
1396 1633 1465 1654 suae
1490 1629 1624 1663 partem

921 1671 1008 1704 dicit
1037 1673 1238 1711 Cornutum,
1261 1678 1299 1704 ut
1325 1673 1486 1704 Horatius
1514 1674 1626 1714 Virgi-

920 1722 1020 1753 lium:
1048 1723 1057 1739 ‘
1077 1724 1122 1754 Et
1143 1727 1267 1754 ⁴serves
1298 1722 1418 1753 animae
1449 1722 1624 1754 dimidium

921 1772 1030 1803 meae.'
1084 1773 1154 1803 I'ec.
1174 1773 1246 1803 Sch.
1261 1791 1305 1794 —
1322 1772 1516 1812 Quantaque,
1554 1774 1625 1814 ἕνα]

922 1822 1096 1854 Quantum
1123 1832 1186 1862 ego
1219 1827 1296 1852 tuus
1326 1822 1401 1860 sim,
1426 1826 1463 1852 ut
1487 1821 1625 1854 ‹lemon-

921 1875 1038 1911 strem,
1058 1871 1122 1902 huc
1145 1872 1224 1902 mihi
1241 1876 1294 1902 tot
1318 1880 1389 1911 ora,
1405 1875 1457 1902 tot
1474 1882 1573 1904 voces
1591 1878 1625 1905 et

920 1921 1052 1961 linguas
1067 1929 1206 1962 exopto.

963 1974 1004 2002 23
1031 1972 1182 2013 cornute]
1200 1975 1278 2006 Fuit
1296 1977 1523 2018 Philosophus
1540 1978 1628 2009 Stoi-

922 2031 991 2060 cus»,
1013 2022 1125 2053 Persii
1154 2032 1361 2066 praeceptor,
1392 2033 1514 2069 quarto
1547 2034 1625 2070 post

922 2073 1034 2104 Persii
1051 2079 1194 2106 mortem
1211 2086 1298 2108 anno
1315 2088 1334 2108 a
1352 2079 1489 2110 Nerone
1505 2080 1538 2111 in
1555 2079 1625 2111 exi-

921 2122 1000 2154 lium
1017 2124 1144 2164 pulsus.
1188 2126 1303 2158 Lubin.

964 2182 1004 2210 24
1021 2179 1210 2219 Ostendisse‚
1220 2179 1288 2219 guz]
1303 2181 1414 2212 Quam
1426 2190 1503 2211 vere
1518 2180 1625 2212 amice

922 2240 1003 2271 erga
1030 2234 1067 2261 te
1097 2229 1254 2261 adfectus
1283 2230 1532 2268 sim.—-Pu!8a,
1553 2230 1634 2271 Est-J*

922 2281 1028 2313 Quasi
1057 2280 1170 2311 dicat:
1207 2280 1241 2310 Si
1270 2281 1376 2311 minus
1401 2280 1474 2311 haec
1501 2281 1625 2320 credis,

922 2335 1055 2361 tantum
1083 2330 1134 2360 fac
1159 2329 1260 2360 modo
1285 2330 1487 2370 periculum,
1504 2335 1540 2362 et
1566 2341 1625 2362 ex-

921 2381 1029 2421 plora,
1043 2381 1099 2422 qui
1117 2381 1198 2412 satis
1215 2381 1335 2412 doctus
1348 2392 1396 2421 es,
1412 2382 1528 2413 fictum
1545 2383 1627 2414 ami-

922 2441 996 2462 cum
1012 2441 1031 2462 a
1048 2440 1128 2462 vero
1144 2431 1513 2472 discernere.-Pulsa]
1530 2432 1625 2464 Alle-

923 2482 1018 2522 gotia
1046 2481 1088 2513 ab
1116 2482 1195 2520 illis,
1223 2483 1280 2523 qui
1310 2482 1438 2513 tinnitu
1461 2488 1495 2513 et
1514 2483 1624 2522 pulsu,

922 2531 1077 2564 fictilium
1106 2533 1338 2573 integritatem
1375 2533 1622 2571 explorant.—

923 2583 1125 2622 Dignoscere,
1140 2582 1209 2623 ξω]
1235 2583 1323 2613 Satis
1347 2583 1482 2619 doctus,
1505 2585 1541 2611 et
1564 2589 1624 2620 pe-

923 2634 1008 2665 ritus
1020 2633 1231 2674 dignoscere,
1243 2637 1278 2663 et
1295 2633 1498 2661 discernere.
1523 2630 1622 2662 Idem.

965 2687 1006 2715 25
1030 2684 1181 2722 Solidum,
1195 2683 1264 2722 assa]
1287 2681 1386 2713 Quod
1402 2681 1570 2721 integrum
1588 2685 1625 2712 et

924 2733 1092 2766 sincerum
1109 2737 1217 2764 sonet.
1263 2730 1437 2762 Fictilium
1459 2729 1548 2761 enim
1571 2740 1622 2762 so-

811 2783 813 2785 ’
849 2788 938 2835 Pers.
1508 2784 1538 2817 R
