1888 3032
735 156 915 187 SA‘rlRA

950 157 1008 187 lV.

137 250 187 292 M
191 252 369 307 ajestate
389 264 559 293 manus.
603 251 724 302 Quid
744 252 899 294 deinde
918 253 1094 307 loquere
1107 254 1126 293 'l
1178 252 1388 304 Quirites,

136 319 255 369 Hoc,
272 323 393 373 puta,
413 332 499 360 non
512 320 680 374 justum
697 325 784 362 est:
815 320 922 362 illud
944 320 1080 362 male:
1112 321 1275 362 rectius
1296 321 1420 362 illud.

132 428 243 458 statuit
270 428 423 468 imponere
449 429 605 459 silentium
627 429 721 460 coetui
736 428 877 467 sert-enti
898 438 954 468 per
968 429 1190 460 auctoritatem
1215 432 1347 462 dextrae.
1379 429 1470 466 Quid
1491 433 1597 470 postea

133 468 240 502 dices?
285 471 316 502 Ο
334 471 478 511 Romani,
495 472 583 512 illud,
597 472 715 512 opinor,
737 481 796 502 non
818 475 865 502 esc
889 472 1053 502 secundum
1070 473 1150 510 3101,-
1172 473 1227 503 hoc
1253 474 1394 514 iniquum
1415 477 1485 512 est3
1514 473 1599 503 istud

745 566 979 579 ‘eeoaeeaeaeeeee

135 630 278 662 Gal.-—9
301 630 359 661 Ita
373 628 577 661 membranae
601 630 794 671 Bongarsii,
816 639 883 662 non
905 635 992 671 puto.
1037 631 1234 664 Priscianus
1258 632 1317 665 lib.
1332 642 1392 664 xv.
1418 632 1462 664 de
1487 632 1596 663 termi-

798 718 938 750 NOTAE

134 780 225 811 centi
241 780 275 811 in
292 780 388 812 iram.

176 830 300 862 Fecisse
329 830 471 872 silentia]
501 832 621 873 virgil.
652 831 785 865 AEneid.
810 841 835 864 1.

132 881 208 912 ‘Ac
239 883 345 913 veluti
384 892 504 924 magno
531 883 563 914 in
595 885 721 924 populo
759 894 836 915 cum

135 941 226 972 saepe
249 937 368 964 coorta
385 938 438 965 est
465 933 736 966 Seditio.-Tum
765 935 836 975 pie-

134 989 204 1015 tate
219 993 356 1023 gravem
371 995 410 1015 ae
434 986 565 1017 meritis
581 987 608 1017 si
622 985 712 1017 forte
726 986 836 1017 virum

135 1043 235 1075 quem
271 1035 503 1076 Conspexere,
527 1036 653 1075 silent,’
678 1038 743 1068 &c.
787 1036 837 1067 At

135 1095 215 1116 vero
232 1095 332 1127 quam
356 1086 595 1118 auctoritatem
620 1087 760 1119 habebit
777 1087 838 1118 im-

133 1135 250 1167 berbis
266 1135 463 1167 adolescens
481 1137 524 1167 ad
548 1137 838 1177 comprimendum

137 1186 417 1218 tumultuantium
429 1185 597 1218 furorem?

177 1238 197 1266 8
221 1237 392 1275 Majestaee
421 1236 543 1277 manus]
588 1237 704 1269 Valer.
742 1238 838 1270 Max.

133 1287 192 1318 lib.
215 1296 257 1318 11.
283 1287 399 1327 capite
422 1287 554 1325 ultimo,
577 1288 586 1304 ‘
603 1287 690 1328 Est‚'
711 1288 836 1329 inquit,

132 1340 140 1353 ⁴
159 1337 216 1368 illa
233 1338 327 1379 quasi
349 1338 486 1379 privata
507 1348 662 1377 censura,
676 1339 835 1379 majestas

133 1387 300 1418 clarorum
326 1388 487 1426 virorum,
518 1388 590 1419 sine
616 1388 837 1419 tribunalium

134 1436 284 1477 fastigio,
296 1437 367 1468 sine
383 1437 618 1478 apparitorum
634 1438 839 1479 ministerio,

134 1492 257 1526 potens
270 1486 304 1517 in
317 1497 378 1518 sua
393 1486 616 1527 amplitudine
641 1487 838 1519 obtinenda.

136 1537 247 1568 Grato
263 1536 350 1567 enim
373 1541 409 1568 et
432 1537 587 1577 jucundo
609 1537 751 1570 introitu
773 1538 840 1570 ani-

135 1586 200 1618 mis
229 1587 401 1618 hominum
428 1587 582 1619 illabitur
608 1588 841 1620 admirationis

136 1641 309 1678 praetextu
339 1637 476 1668 velata:
518 1647 623 1678 quam>
643 1643 738 1669 recte
765 1639 840 1680 quis

135 1686 262 1718 dixerit
287 1687 424 1728 longum
448 1692 484 1718 et
512 1687 651 1720 beatum
677 1689 840 1720 honorem

135 1736 208 1768 sine
237 1737 388 1769 honore.'
433 1738 538 1770 Ovid.
568 1739 709 1771 Metam.
739 1749 765 1770 1.
799 1739 840 1771 110

135 1787 243 1819 Jove:
268 1787 278 1805 ‘
294 1787 361 1820 Qui
400 1792 580 1830 postquam
609 1798 703 1829 voce,
728 1799 841 1821 manu-

137 1846 214 1878 que,
249 1838 427 1869 Murmura
457 1839 672 1878 compressit,
699 1844 840 1871 tenuere

137 1887 421 1918 silentiacnncti.'
479 1888 634 1919 Lucanus
660 1888 720 1920 lib.
746 1898 771 1920 1.
797 1889 838 1920 de

137 1937 230 1969 Julio
248 1938 385 1969 Caesare
404 1947 410 1967 :
437 1937 446 1954 ‘
460 1936 660 1969 Tumultum
694 1938 837 1978 Compo-

140 1988 207 2019 suit
220 1988 329 2028 vultu,
351 1988 540 2028 dextraque
557 1988 695 2019 silentia
715 1988 840 2030 jussit!

139 2038 220 2071 Act.
236 2039 358 2079 Apost.
375 2048 448 2079 cap.
462 2041 515 2071 13.
531 2039 540 2055 ‘
557 2039 708 2080 Sui-gens
723 2043 838 2071 autem

139 2088 281 2128 Paulus,
297 2093 332 2119 et
355 2098 456 2121 manu
472 2089 645 2120 silentium
663 2089 839 2129 indicens‚'

139 2139 203 2169 &c-
247 2137 315 2168 Ubi
330 2138 579 2170 observandum
594 2149 669 2170 cum
681 2140 840 2171 doctiori·

138 2188 358 2228 bus,morem
385 2188 483 2220 illum
500 2187 604 2220 fuisse
631 2190 765 2230 pridem
792 2191 841 2221 in-

139 2237 282 2271 dicendi·
303 2238 442 2277 silentii,
477 2243 618 2270 extensa
639 2239 775 2280 quidem
805 2244 842 2271 et

140 2293 305 2330 porrecta
327 2299 427 2319 manu
442 2299 452 2327 3
468 2288 528 2320 sed
545 2288 594 2320 ita
611 2294 648 2320 ut
664 2288 843 2320 inferiores

140 2338 208 2370 duo
235 2338 348 2379 digiti,
378 2338 531 2369 medicus
573 2342 609 2369 et
636 2338 845 2379 auricularis,

141 2388 460 2429 comprimerentur,
491 2388 615 2418 erectis
640 2392 677 2418 et
693 2389 841 2419 eminen-

141 2438 235 2470 tibus
252 2438 359 2469 tribus
386 2438 473 2477 aliis,
500 2438 638 2478 pollice,
663 2438 789 2477 indice,
805 2442 842 2469 et

141 2488 265 2520 medio.
313 2486 412 2520 Quod
424 2488 535 2528 ipsum
551 2487 622 2518 fieri
641 2493 842 2520 consuetum

141 2537 183 2569 ab
211 2537 391 2578 Episcopis
407 2538 498 2576 olim,
517 2538 766 2579 alloquentibus
787 2548 844 2579 po-

143 2588 240 2628 pulos
257 2598 296 2620 ac
319 2588 618 2629 benedicentibus,
644 2594 740 2621 notat
762 2590 842 2620 Sca-

143 2638 230 2678 liger
258 2639 292 2669 in
314 2640 544 2680 Propertium.
589 2640 733 2670 Sanctus
761 2638 843 2669 Hie-

145 2697 301 2728 ronymus
338 2689 380 2719 ad
425 2690 603 2721 Rusticum
637 2689 839 2721 Monachum

232 2741 349 2781 Del-ph.
364 2745 393 2772 et
414 2742 487 2774 Var.
506 2743 591 2774 Clas.

891 781 993 814 affert
1009 783 1108 815 aliam
1123 794 1257 826 quoque
1275 783 1456 815 audientiae
1473 783 1599 815 facien-

891 834 943 865 dae
965 834 1142 875 rationem,
1157 835 1309 866 nimirum
1328 835 1594 875 concrepatione

891 883 1033 915 duorum
1060 885 1254 925 digitorum.
1288 886 1297 902 ‘
1319 885 1403 916 Cum
1431 884 1594 916 librorum

891 938 1019 966 struem
1034 934 1269 976 exposuisset,'
1286 934 1407 976 inquit,
1422 935 1430 951 ‘
1446 934 1595 965 adducto

890 985 1082 1026 supercilio,
1097 985 1282 1016 contractis
1292 984 1440 1023 naribus,
1452 993 1491 1015 ac
1507 983 1598 1015 fron-

891 1041 926 1068 te
949 1041 1083 1077 rugata,
1101 1036 1232 1067 duobus
1247 1035 1398 1076 digitulis
1411 1044 1598 1075 concrepa-

891 1087 961 1126 bat,
987 1088 1051 1118 hoc
1077 1087 1174 1127 signo
1199 1086 1241 1118 ad
1270 1086 1474 1119 audiendum
1501 1084 1600 1116 disci-

893 1137 988 1178 pulos
1007 1137 1218 1176 provocans!

937 1187 1023 1222 Quid
1038 1187 1148 1218 deinde
1163 1186 1304 1227 loquere]
1344 1186 1389 1217 Et
1417 1186 1444 1217 si
1459 1185 1598 1217 audien-

892 1237 973 1267 tiam
993 1237 1058 1268 tibi
1075 1236 1195 1268 feceris
1218 1237 1437 1276 imperatorio
1461 1236 1597 1267 nomine

889 1296 929 1317 ac
943 1287 1052 1327 vultu,
1071 1291 1107 1318 et
1124 1286 1304 1327 majestate
1323 1296 1453 1325 manus,
1474 1291 1513 1316 ut
1535 1285 1600 1316 tibi

890 1337 1029 1378 largior,
1048 1338 1122 1377 jam
1147 1337 1366 1377 experiamur
1380 1347 1479 1378 quam
1497 1336 1600 1367 orati-

892 1397 989 1418 onem
1013 1392 1049 1418 et
1065 1397 1164 1428 quam
1189 1387 1346 1418 idoneam
1364 1386 1528 1427 pacandae
1547 1396 1599 1417 se-

894 1436 1016 1467 ditioni
1031 1437 1075 1467 513
1092 1436 1278 1467 habiturus.
1322 1436 1410 1466 Nam
1425 1435 1478 1466 vir
1489 1435 1600 1476 gravis

894 1486 985 1525 apud
1009 1486 1190 1527 Virgilium
1206 1486 1284 1516 loco
1300 1485 1406 1516 citato
1424 1484 1555 1516 AEneid.
1573 1493 1600 1517 1.

894 1537 902 1554 ‘
920 1536 1022 1578 Regit
1036 1537 1136 1568 dictis
1151 1537 1292 1577 animos,
1307 1540 1343 1567 et
1359 1540 1502 1576 pectora
1516 1535 1600 1566 mul-

895 1587 972 1619 eet!

939 1637 1094 1679 Quirites]
1115 1636 1265 1669 Abusive
1291 1636 1440 1677 positum
1465 1635 1601 1667 videtur

894 1697 957 1729 pro
992 1688 1094 1720 Ciues.
1140 1689 1296 1719 Fortasse
1320 1687 1426 1717 etiam
1450 1686 1529 1716 hinc
1555 1686 1602 1716 in-

895 1738 969 1769 nuit
986 1749 1006 1770 a
1022 1748 1058 1770 se
1083 1738 1179 1779 carpi
1197 1739 1370 1770 Neronem
1384 1737 1517 1778 Populo
1534 1737 1600 1768 Ro-

894 1798 993 1819 mano
1008 1789 1218 1830 loquentem.

936 1842 957 1870 9
985 1839 1062 1879 Hoc,
1085 1842 1174 1879 puta,
1202 1848 1262 1869 non
1277 1837 1402 1876 justum
1434 1835 1494 1877 est]
1543 1836 1598 1868 Sic

892 1888 977 1929 legit
1006 1888 1244 1919 Casaubonus:
1272 1890 1360 1927 puta,
1375 1886 1452 1917 adv.
1478 1885 1512 1916 id
1535 1891 1602 1926 est,

894 1938 1049 1969 scilicet:
1077 1942 1111 1969 et
1126 1939 1211 1969 citat
1233 1938 1446 1968 Priscianum
1462 1936 1522 1967 lib.
1539 1945 1598 1968 xv.

893 1987 962 2019 Sed
991 1987 1158 2018 Prisciani
1185 1987 1291 2018 verba
1320 1996 1439 2027 parum
1472 1986 1602 2026 juvant

896 2048 970 2069 eam
994 2037 1186 2069 lectionem.
1233 2038 1351 2068 Malim
1378 2037 1494 2078 itaque
1522 2046 1598 2068 cnm

896 2087 979 2128 aliis,
995 2088 1048 2117 hoc
1063 2089 1148 2127 puto,
1161 2088 1226 2118 Sec.
1246 2086 1367 2127 quibus
1385 2086 1497 2117 verbis
1510 2085 1601 2116 belle

896 2138 1101 2178 exprimitur
1125 2137 1264 2178 puerilis
1287 2137 1408 2176 oratio,
1424 2140 1461 2167 ut
1485 2135 1602 2166 obser-

895 2191 977 2219 vant
992 2187 1085 2218 docti
1100 2187 1325 2227 Interpretes,
1349 2191 1385 2217 et
1408 2194 1517 2216 sermo
1540 2185 1598 2214 lio-

894 2238 992 2269 1111010
1008 2246 1120 2268 rerum
1143 2242 1179 2268 et
1199 2236 1419 2267 scientiarum
1435 2234 1598 2275 imperiti.

896 2289 1014 2319 Tantae
1031 2292 1126 2318 certe
1138 2286 1238 2317 animi
1252 2285 1468 2316 confidentiae
1484 2289 1520 2316 et
1531 2293 1601 2318 ma-

896 2347 960 2368 nus
983 2336 1143 2377 gravitati
1160 2345 1199 2367 ae
1216 2334 1404 2376 majestati,
1427 2334 1602 2366 minimum

897 2386 1082 2427 respondet
1103 2386 1188 2416 illud
1217 2385 1468 2416 subdubitantis
1495 2388 1530 2415 et
1554 2384 1603 2414 di-

898 2447 974 2469 cere
987 2437 1207 2478 exordientis,
1219 2440 1306 2477 puto.

939 2489 1024 2520 Illud
1035 2490 1126 2529 male,
1139 2489 1255 2521 rectius
1269 2487 1362 2528 illud]
1392 2487 1500 2520 Quasi
1517 2495 1597 2518 vero

899 2539 1046 2580 simplici
1058 2539 1116 2571 illa
1131 2538 1209 2569 mali
1225 2538 1515 2575 enuntiatione‚et
1530 2545 1600 2566 me·

897 2589 990 2620 lioris
1005 2588 1234 2630 appellatione
1251 2594 1287 2619 et
1303 2587 1505 2624 ostensione,
1521 2585 1604 2615 mul-

897 2637 1010 2669 titudo
1026 2638 1118 2668 rudis
1141 2642 1176 2668 et
1196 2638 1336 2676 insuper
1352 2635 1464 2666 furore
1491 2633 1601 2665 011031-

897 2693 974 2719 cata
988 2687 1114 2719 moveri
1127 2691 1162 2718 et
1179 2685 1350 2727 compesci
1367 2687 1482 2725 queat.
1519 2683 1600 2725 Ipse

829 2742 917 2773 Pers.
1485 2735 1516 2766 G
