<?xml version="1.0" encoding="UTF-8"?>
<!DOCTYPE html PUBLIC "-//W3C//DTD XHTML 1.0 Transitional//EN"
    "http://www.w3.org/TR/xhtml1/DTD/xhtml1-transitional.dtd">
<html xmlns="http://www.w3.org/1999/xhtml" xml:lang="en" lang="en">
 <head>
  <title>
</title>
<meta http-equiv="Content-Type" content="text/html;charset=utf-8" />
  <meta name='ocr-system' content='tesseract 3.04.00' />
  <meta name='ocr-capabilities' content='ocr_page ocr_carea ocr_par ocr_line ocrx_word'/>
</head>
<body>
  <div class='ocr_page' id='page_1' title='image "./operaomnia00persuoft_0046.png"; bbox 0 0 1888 3032; ppageno 0'>
   <div class='ocr_carea' id='block_1_1' title="bbox 242 154 298 195">
    <p class='ocr_par' dir='ltr' id='par_1_1' title="bbox 242 154 298 195">
     <span class='ocr_line' id='line_1_1' title="bbox 242 154 298 195; baseline 0.036 -2"><span class='ocrx_word' id='word_1_1' title='bbox 242 154 298 195; x_wconf 76' lang='lat'>34</span> 
     </span>
    </p>
   </div>
   <div class='ocr_carea' id='block_1_2' title="bbox 752 158 1207 190">
    <p class='ocr_par' dir='ltr' id='par_1_2' title="bbox 752 158 1207 190">
     <span class='ocr_line' id='line_1_2' title="bbox 752 158 1207 190; baseline -0.007 0"><span class='ocrx_word' id='word_1_2' title='bbox 752 161 798 190; x_wconf 80' lang='lat' dir='ltr'>A.</span> <span class='ocrx_word' id='word_1_3' title='bbox 835 158 997 188; x_wconf 79' lang='lat' dir='ltr'>PERSH</span> <span class='ocrx_word' id='word_1_4' title='bbox 1034 158 1207 188; x_wconf 77' lang='lat' dir='ltr'>FLAccr</span> 
     </span>
    </p>
   </div>
   <div class='ocr_carea' id='block_1_3' title="bbox 239 254 1457 436">
    <p class='ocr_par' dir='ltr' id='par_1_3' title="bbox 239 254 1457 436">
     <span class='ocr_line' id='line_1_3' title="bbox 239 254 1442 312; baseline -0.004 -11"><span class='ocrx_word' id='word_1_5' title='bbox 239 260 475 302; x_wconf 79' lang='lat' dir='ltr'>Dictarunt</span> <span class='ocrx_word' id='word_1_6' title='bbox 497 258 732 312; x_wconf 67' lang='lat' dir='ltr'>proceres?</span> <span class='ocrx_word' id='word_1_7' title='bbox 765 268 850 295; x_wconf 86' lang='lat' dir='ltr'>non</span> <span class='ocrx_word' id='word_1_8' title='bbox 872 254 1083 308; x_wconf 86' lang='lat' dir='ltr'>quicquid</span> <span class='ocrx_word' id='word_1_9' title='bbox 1105 254 1294 308; x_wconf 83' lang='lat' dir='ltr'>denique</span> <span class='ocrx_word' id='word_1_10' title='bbox 1313 255 1442 297; x_wconf 81' lang='lat' dir='ltr'>lectis</span> 
     </span>
     <span class='ocr_line' id='line_1_4' title="bbox 239 321 1457 374; baseline -0.004 -6"><span class='ocrx_word' id='word_1_11' title='bbox 239 327 456 368; x_wconf 83' lang='lat' dir='ltr'>Scribitur</span> <span class='ocrx_word' id='word_1_12' title='bbox 479 328 519 366; x_wconf 92' lang='lat' dir='ltr'>in</span> <span class='ocrx_word' id='word_1_13' title='bbox 540 324 714 365; x_wconf 76' lang='lat' dir='ltr'>citreis&#39;?</span> <span class='ocrx_word' id='word_1_14' title='bbox 768 321 968 363; x_wconf 77' lang='lat' dir='ltr'>Calidum</span> <span class='ocrx_word' id='word_1_15' title='bbox 987 323 1075 362; x_wconf 84' lang='lat' dir='ltr'>scis</span> <span class='ocrx_word' id='word_1_16' title='bbox 1098 334 1258 374; x_wconf 82' lang='lat' dir='ltr'>ponere</span> <span class='ocrx_word' id='word_1_17' title='bbox 1280 335 1457 363; x_wconf 86' lang='lat' dir='ltr'>sumen:</span> 
     </span>
     <span class='ocr_line' id='line_1_5' title="bbox 240 390 1378 436; baseline -0.004 0"><span class='ocrx_word' id='word_1_18' title='bbox 240 394 341 436; x_wconf 81' lang='lat' dir='ltr'>Scis</span> <span class='ocrx_word' id='word_1_19' title='bbox 363 395 566 434; x_wconf 80' lang='lat' dir='ltr'>comitem</span> <span class='ocrx_word' id='word_1_20' title='bbox 584 390 846 431; x_wconf 80' lang='lat' dir='ltr'>horridulum</span> <span class='ocrx_word' id='word_1_21' title='bbox 872 391 973 431; x_wconf 78' lang='lat' dir='ltr'>trita</span> <span class='ocrx_word' id='word_1_22' title='bbox 995 390 1157 430; x_wconf 83' lang='lat' dir='ltr'>donare</span> <span class='ocrx_word' id='word_1_23' title='bbox 1179 390 1378 431; x_wconf 80' lang='lat' dir='ltr'>lacerna:</span> 
     </span>
    </p>
   </div>
   <div class='ocr_carea' id='block_1_4' title="bbox 240 456 1490 513">
    <p class='ocr_par' dir='ltr' id='par_1_4' title="bbox 240 456 1490 513">
     <span class='ocr_line' id='line_1_6' title="bbox 240 456 1490 513; baseline -0.004 -11"><span class='ocrx_word' id='word_1_24' title='bbox 240 462 312 512; x_wconf 81' lang='lat' dir='ltr'>Et,</span> <span class='ocrx_word' id='word_1_25' title='bbox 336 462 512 509; x_wconf 80' lang='lat' dir='ltr'>Verum,</span> <span class='ocrx_word' id='word_1_26' title='bbox 536 459 696 513; x_wconf 82' lang='lat' dir='ltr'>inquis,</span> <span class='ocrx_word' id='word_1_27' title='bbox 721 471 847 499; x_wconf 85' lang='lat' dir='ltr'>amo:</span> <span class='ocrx_word' id='word_1_28' title='bbox 880 471 1032 498; x_wconf 82' lang='lat' dir='ltr'>verum</span> <span class='ocrx_word' id='word_1_29' title='bbox 1054 458 1159 497; x_wconf 89' lang='lat' dir='ltr'>mihi</span> <span class='ocrx_word' id='word_1_30' title='bbox 1184 456 1316 497; x_wconf 82' lang='lat' dir='ltr'>dicite</span> <span class='ocrx_word' id='word_1_31' title='bbox 1336 456 1388 496; x_wconf 86' lang='lat' dir='ltr'>de</span> <span class='ocrx_word' id='word_1_32' title='bbox 1406 469 1490 497; x_wconf 82' lang='lat' dir='ltr'>me.</span> 
     </span>
    </p>
   </div>
   <div class='ocr_carea' id='block_1_5' title="bbox 241 524 1417 582">
    <p class='ocr_par' dir='ltr' id='par_1_5' title="bbox 241 524 1417 582">
     <span class='ocr_line' id='line_1_7' title="bbox 241 524 1417 582; baseline -0.005 -12"><span class='ocrx_word' id='word_1_33' title='bbox 241 528 329 580; x_wconf 86' lang='lat' dir='ltr'>Qui</span> <span class='ocrx_word' id='word_1_34' title='bbox 351 529 485 582; x_wconf 71' lang='lat' dir='ltr'>pote?</span> <span class='ocrx_word' id='word_1_35' title='bbox 520 528 587 567; x_wconf 69' lang='lat' dir='ltr'>vis</span> <span class='ocrx_word' id='word_1_36' title='bbox 609 527 784 567; x_wconf 70' lang='lat' dir='ltr'>dicam?</span> <span class='ocrx_word' id='word_1_37' title='bbox 817 526 1013 578; x_wconf 81' lang='lat' dir='ltr'>nugaris,</span> <span class='ocrx_word' id='word_1_38' title='bbox 1035 538 1135 566; x_wconf 89' lang='lat' dir='ltr'>cum</span> <span class='ocrx_word' id='word_1_39' title='bbox 1158 525 1252 573; x_wconf 86' lang='lat' dir='ltr'>tibi,</span> <span class='ocrx_word' id='word_1_40' title='bbox 1275 524 1417 572; x_wconf 83' lang='lat' dir='ltr'>calve,</span> 
     </span>
    </p>
   </div>
   <div class='ocr_carea' id='block_1_6' title="bbox 235 669 1714 840">
    <p class='ocr_par' dir='ltr' id='par_1_6' title="bbox 235 669 1714 840">
     <span class='ocr_line' id='line_1_8' title="bbox 239 669 1714 710; baseline -0.001 -9"><span class='ocrx_word' id='word_1_41' title='bbox 239 680 328 710; x_wconf 82' lang='lat' dir='ltr'>quam</span> <span class='ocrx_word' id='word_1_42' title='bbox 340 671 564 710; x_wconf 77' lang='lat' dir='ltr'>composuerint</span> <span class='ocrx_word' id='word_1_43' title='bbox 582 670 741 701; x_wconf 79' lang='lat' dir='ltr'>Primates</span> <span class='ocrx_word' id='word_1_44' title='bbox 755 669 855 700; x_wconf 72' lang='lat' dir='ltr'>saturi</span> <span class='ocrx_word' id='word_1_45' title='bbox 868 680 878 705; x_wconf 89' lang='lat'>‚·</span> <span class='ocrx_word' id='word_1_46' title='bbox 904 670 1030 699; x_wconf 80' lang='lat' dir='ltr'>landem</span> <span class='ocrx_word' id='word_1_47' title='bbox 1046 679 1105 700; x_wconf 81' lang='lat' dir='ltr'>non</span> <span class='ocrx_word' id='word_1_48' title='bbox 1117 673 1163 700; x_wconf 81' lang='lat' dir='ltr'>est</span> <span class='ocrx_word' id='word_1_49' title='bbox 1176 669 1207 699; x_wconf 85' lang='lat' dir='ltr'>id</span> <span class='ocrx_word' id='word_1_50' title='bbox 1224 679 1310 699; x_wconf 82' lang='lat' dir='ltr'>omne</span> <span class='ocrx_word' id='word_1_51' title='bbox 1327 670 1405 709; x_wconf 84' lang='lat' dir='ltr'>quod</span> <span class='ocrx_word' id='word_1_52' title='bbox 1419 672 1569 699; x_wconf 74' lang='lat' dir='ltr'>exaratur</span> <span class='ocrx_word' id='word_1_53' title='bbox 1584 678 1714 700; x_wconf 85' lang='lat' dir='ltr'>recum-</span> 
     </span>
     <span class='ocr_line' id='line_1_9' title="bbox 246 712 1713 751; baseline 0 -8"><span class='ocrx_word' id='word_1_54' title='bbox 246 713 355 744; x_wconf 81' lang='lat' dir='ltr'>bendo</span> <span class='ocrx_word' id='word_1_55' title='bbox 371 713 404 743; x_wconf 82' lang='lat' dir='ltr'>in</span> <span class='ocrx_word' id='word_1_56' title='bbox 429 713 527 743; x_wconf 76' lang='lat' dir='ltr'>thuris</span> <span class='ocrx_word' id='word_1_57' title='bbox 542 723 557 743; x_wconf 82' lang='lat' dir='ltr'>e</span> <span class='ocrx_word' id='word_1_58' title='bbox 575 715 664 743; x_wconf 74' lang='lat' dir='ltr'>citro.</span> <span class='ocrx_word' id='word_1_59' title='bbox 710 714 764 743; x_wconf 92' lang='lat' dir='ltr'>Tu</span> <span class='ocrx_word' id='word_1_60' title='bbox 790 713 871 742; x_wconf 77' lang='lat' dir='ltr'>nosti</span> <span class='ocrx_word' id='word_1_61' title='bbox 894 722 1044 751; x_wconf 73' lang='lat' dir='ltr'>apponere</span> <span class='ocrx_word' id='word_1_62' title='bbox 1065 722 1169 742; x_wconf 80' lang='lat' dir='ltr'>sumen</span> <span class='ocrx_word' id='word_1_63' title='bbox 1189 712 1361 750; x_wconf 74' lang='lat' dir='ltr'>seri-idum.</span> <span class='ocrx_word' id='word_1_64' title='bbox 1408 712 1501 742; x_wconf 75' lang='lat' dir='ltr'>Nosti</span> <span class='ocrx_word' id='word_1_65' title='bbox 1529 713 1603 742; x_wconf 77' lang='lat' dir='ltr'>dare</span> <span class='ocrx_word' id='word_1_66' title='bbox 1626 715 1713 743; x_wconf 78' lang='lat' dir='ltr'>vetus</span> 
     </span>
     <span class='ocr_line' id='line_1_10' title="bbox 235 754 1712 796; baseline -0.001 -10"><span class='ocrx_word' id='word_1_67' title='bbox 235 756 364 796; x_wconf 78' lang='lat' dir='ltr'>pallium</span> <span class='ocrx_word' id='word_1_68' title='bbox 388 757 512 786; x_wconf 70' lang='lat' dir='ltr'>assecla&gt;</span> <span class='ocrx_word' id='word_1_69' title='bbox 537 756 744 796; x_wconf 75' lang='lat' dir='ltr'>pauperculo.-</span> <span class='ocrx_word' id='word_1_70' title='bbox 777 758 806 785; x_wconf 78' lang='lat' dir='ltr'>et</span> <span class='ocrx_word' id='word_1_71' title='bbox 833 760 952 795; x_wconf 76' lang='lat' dir='ltr'>postea</span> <span class='ocrx_word' id='word_1_72' title='bbox 975 754 1076 790; x_wconf 79' lang='lat' dir='ltr'>dicis;</span> <span class='ocrx_word' id='word_1_73' title='bbox 1110 755 1222 793; x_wconf 82' lang='lat' dir='ltr'>Diligo</span> <span class='ocrx_word' id='word_1_74' title='bbox 1237 755 1421 790; x_wconf 73' lang='lat' dir='ltr'>veritatem5</span> <span class='ocrx_word' id='word_1_75' title='bbox 1443 755 1607 785; x_wconf 71' lang='lat' dir='ltr'>veritatem</span> <span class='ocrx_word' id='word_1_76' title='bbox 1635 754 1712 785; x_wconf 74' lang='lat' dir='ltr'>mihi</span> 
     </span>
     <span class='ocr_line' id='line_1_11' title="bbox 238 797 1713 840; baseline -0.002 -10"><span class='ocrx_word' id='word_1_77' title='bbox 238 799 335 840; x_wconf 74' lang='lat' dir='ltr'>uperi.</span> <span class='ocrx_word' id='word_1_78' title='bbox 380 799 431 830; x_wconf 86' lang='lat' dir='ltr'>De</span> <span class='ocrx_word' id='word_1_79' title='bbox 446 808 493 830; x_wconf 83' lang='lat' dir='ltr'>me</span> <span class='ocrx_word' id='word_1_80' title='bbox 509 800 679 839; x_wconf 69' lang='lat' dir='ltr'>(quomodo</span> <span class='ocrx_word' id='word_1_81' title='bbox 696 798 798 840; x_wconf 81' lang='lat' dir='ltr'>idfiat</span> <span class='ocrx_word' id='word_1_82' title='bbox 813 797 827 831; x_wconf 66' lang='lat'>,⁹</span> <span class='ocrx_word' id='word_1_83' title='bbox 876 798 973 828; x_wconf 79' lang='lat' dir='ltr'>Visne</span> <span class='ocrx_word' id='word_1_84' title='bbox 990 806 1053 837; x_wconf 86' lang='lat' dir='ltr'>ego</span> <span class='ocrx_word' id='word_1_85' title='bbox 1082 798 1220 837; x_wconf 77' lang='lat' dir='ltr'>aperiam</span> <span class='ocrx_word' id='word_1_86' title='bbox 1247 797 1312 828; x_wconf 86' lang='lat' dir='ltr'>tibi</span> <span class='ocrx_word' id='word_1_87' title='bbox 1330 798 1536 828; x_wconf 82' lang='lat' dir='ltr'>veritatem?</span> <span class='ocrx_word' id='word_1_88' title='bbox 1581 797 1713 839; x_wconf 82' lang='lat' dir='ltr'>Ineptis,</span> 
     </span>
    </p>
   </div>
   <div class='ocr_carea' id='block_1_7' title="bbox 860 894 974 905">
    <p class='ocr_par' dir='ltr' id='par_1_7' title="bbox 860 894 974 905">
     <span class='ocr_line' id='line_1_12' title="bbox 860 894 974 905; baseline 0 0"><span class='ocrx_word' id='word_1_89' title='bbox 860 894 974 905; x_wconf 61' lang='lat' dir='ltr'>tttttt</span> 
     </span>
    </p>
   </div>
   <div class='ocr_carea' id='block_1_8' title="bbox 978 893 1093 905">
    <p class='ocr_par' dir='ltr' id='par_1_8' title="bbox 978 893 1093 905">
     <span class='ocr_line' id='line_1_13' title="bbox 978 893 1093 905; baseline 0.009 -1"><span class='ocrx_word' id='word_1_90' title='bbox 978 893 1093 905; x_wconf 63' lang='lat' dir='ltr'>eeeeee</span> 
     </span>
    </p>
   </div>
   <div class='ocr_carea' id='block_1_9' title="bbox 239 956 1713 1000">
    <p class='ocr_par' dir='ltr' id='par_1_9' title="bbox 239 956 1713 1000">
     <span class='ocr_line' id='line_1_14' title="bbox 239 956 1713 1000; baseline -0.001 -10"><span class='ocrx_word' id='word_1_91' title='bbox 239 961 279 990; x_wconf 79' lang='lat'>47</span> <span class='ocrx_word' id='word_1_92' title='bbox 304 958 338 990; x_wconf 90' lang='lat' dir='ltr'>in</span> <span class='ocrx_word' id='word_1_93' title='bbox 365 958 434 990; x_wconf 88' lang='lat' dir='ltr'>Ms.</span> <span class='ocrx_word' id='word_1_94' title='bbox 459 957 590 989; x_wconf 86' lang='lat' dir='ltr'>R.—50</span> <span class='ocrx_word' id='word_1_95' title='bbox 614 958 700 990; x_wconf 68' lang='lat' dir='ltr'>Attii</span> <span class='ocrx_word' id='word_1_96' title='bbox 715 959 782 991; x_wconf 90' lang='lat' dir='ltr'>Ms.</span> <span class='ocrx_word' id='word_1_97' title='bbox 800 961 841 991; x_wconf 84' lang='lat' dir='ltr'>R.</span> <span class='ocrx_word' id='word_1_98' title='bbox 887 960 963 992; x_wconf 75' lang='lat' dir='ltr'>Atti</span> <span class='ocrx_word' id='word_1_99' title='bbox 981 960 1108 992; x_wconf 83' lang='lat' dir='ltr'>C.—52</span> <span class='ocrx_word' id='word_1_100' title='bbox 1137 961 1211 1000; x_wconf 78' lang='lat' dir='ltr'>quid</span> <span class='ocrx_word' id='word_1_101' title='bbox 1238 961 1316 1000; x_wconf 82' lang='lat' dir='ltr'>quod</span> <span class='ocrx_word' id='word_1_102' title='bbox 1343 960 1471 1000; x_wconf 79' lang='lat' dir='ltr'>denique</span> <span class='ocrx_word' id='word_1_103' title='bbox 1492 958 1561 990; x_wconf 88' lang='lat' dir='ltr'>Ms.</span> <span class='ocrx_word' id='word_1_104' title='bbox 1591 956 1713 989; x_wconf 87' lang='lat' dir='ltr'>Gal.—</span> 
     </span>
    </p>
   </div>
   <div class='ocr_carea' id='block_1_10' title="bbox 909 1080 1049 1112">
    <p class='ocr_par' dir='ltr' id='par_1_10' title="bbox 909 1080 1049 1112">
     <span class='ocr_line' id='line_1_15' title="bbox 909 1080 1049 1112; baseline -0.007 0"><span class='ocrx_word' id='word_1_105' title='bbox 909 1081 939 1112; x_wconf 89' lang='lat' dir='ltr'>N</span> <span class='ocrx_word' id='word_1_106' title='bbox 946 1080 1049 1112; x_wconf 57' lang='lat' dir='ltr'>OTJE</span> 
     </span>
    </p>
   </div>
   <div class='ocr_carea' id='block_1_11' title="bbox 238 1153 951 2757">
    <p class='ocr_par' dir='ltr' id='par_1_11' title="bbox 238 1153 948 1345">
     <span class='ocr_line' id='line_1_16' title="bbox 281 1153 948 1195; baseline 0.004 -12"><span class='ocrx_word' id='word_1_107' title='bbox 281 1155 324 1183; x_wconf 83' lang='lat'>52</span> <span class='ocrx_word' id='word_1_108' title='bbox 347 1153 511 1194; x_wconf 71' lang='lat' dir='ltr'>Prot-eres]</span> <span class='ocrx_word' id='word_1_109' title='bbox 548 1153 693 1195; x_wconf 79' lang='lat' dir='ltr'>Proprie</span> <span class='ocrx_word' id='word_1_110' title='bbox 725 1159 804 1185; x_wconf 86' lang='lat' dir='ltr'>sunt</span> <span class='ocrx_word' id='word_1_111' title='bbox 834 1155 948 1195; x_wconf 83' lang='lat' dir='ltr'>capita</span> 
     </span>
     <span class='ocr_line' id='line_1_17' title="bbox 240 1203 948 1246; baseline 0.001 -11"><span class='ocrx_word' id='word_1_112' title='bbox 240 1203 398 1244; x_wconf 84' lang='lat' dir='ltr'>trabium,</span> <span class='ocrx_word' id='word_1_113' title='bbox 422 1213 481 1235; x_wconf 86' lang='lat' dir='ltr'>sen</span> <span class='ocrx_word' id='word_1_114' title='bbox 499 1205 622 1235; x_wconf 88' lang='lat' dir='ltr'>mutuli</span> <span class='ocrx_word' id='word_1_115' title='bbox 643 1205 676 1236; x_wconf 89' lang='lat' dir='ltr'>in</span> <span class='ocrx_word' id='word_1_116' title='bbox 694 1205 849 1236; x_wconf 77' lang='lat' dir='ltr'>aedificiis</span> <span class='ocrx_word' id='word_1_117' title='bbox 871 1216 948 1246; x_wconf 82' lang='lat' dir='ltr'>pro-</span> 
     </span>
     <span class='ocr_line' id='line_1_18' title="bbox 238 1254 947 1296; baseline 0.003 -11"><span class='ocrx_word' id='word_1_118' title='bbox 238 1254 419 1286; x_wconf 80' lang='lat' dir='ltr'>minentes.</span> <span class='ocrx_word' id='word_1_119' title='bbox 464 1256 703 1296; x_wconf 85' lang='lat' dir='ltr'>Metaphorice</span> <span class='ocrx_word' id='word_1_120' title='bbox 720 1261 799 1288; x_wconf 84' lang='lat' dir='ltr'>sunt</span> <span class='ocrx_word' id='word_1_121' title='bbox 816 1257 947 1287; x_wconf 83' lang='lat' dir='ltr'>Prima-</span> 
     </span>
     <span class='ocr_line' id='line_1_19' title="bbox 239 1305 719 1345; baseline 0.002 -9"><span class='ocrx_word' id='word_1_122' title='bbox 239 1310 290 1336; x_wconf 83' lang='lat' dir='ltr'>tes</span> <span class='ocrx_word' id='word_1_123' title='bbox 308 1309 343 1337; x_wconf 88' lang='lat' dir='ltr'>et</span> <span class='ocrx_word' id='word_1_124' title='bbox 361 1305 542 1345; x_wconf 85' lang='lat' dir='ltr'>Principes</span> <span class='ocrx_word' id='word_1_125' title='bbox 558 1305 719 1337; x_wconf 75' lang='lat' dir='ltr'>civitatis.</span> 
     </span>
    </p>

    <p class='ocr_par' dir='ltr' id='par_1_12' title="bbox 238 1356 951 1950">
     <span class='ocr_line' id='line_1_20' title="bbox 283 1356 949 1397; baseline 0 -11"><span class='ocrx_word' id='word_1_126' title='bbox 283 1356 390 1387; x_wconf 76' lang='lat' dir='ltr'>Lectis</span> <span class='ocrx_word' id='word_1_127' title='bbox 404 1356 568 1395; x_wconf 78' lang='lat' dir='ltr'>scribitur]</span> <span class='ocrx_word' id='word_1_128' title='bbox 592 1356 873 1397; x_wconf 83' lang='lat' dir='ltr'>Interpretantur</span> <span class='ocrx_word' id='word_1_129' title='bbox 889 1356 949 1387; x_wconf 85' lang='lat' dir='ltr'>ali-</span> 
     </span>
     <span class='ocr_line' id='line_1_21' title="bbox 241 1406 951 1449; baseline 0 -12"><span class='ocrx_word' id='word_1_130' title='bbox 241 1406 297 1449; x_wconf 86' lang='lat' dir='ltr'>qui</span> <span class='ocrx_word' id='word_1_131' title='bbox 314 1407 458 1437; x_wconf 83' lang='lat' dir='ltr'>tabellas</span> <span class='ocrx_word' id='word_1_132' title='bbox 485 1408 654 1437; x_wconf 80' lang='lat' dir='ltr'>inceratas</span> <span class='ocrx_word' id='word_1_133' title='bbox 682 1406 715 1437; x_wconf 88' lang='lat' dir='ltr'>in</span> <span class='ocrx_word' id='word_1_134' title='bbox 733 1406 853 1447; x_wconf 84' lang='lat' dir='ltr'>quibus</span> <span class='ocrx_word' id='word_1_135' title='bbox 871 1407 951 1437; x_wconf 90' lang='lat' dir='ltr'>scri-</span> 
     </span>
     <span class='ocr_line' id='line_1_22' title="bbox 238 1456 950 1497; baseline 0.001 -10"><span class='ocrx_word' id='word_1_136' title='bbox 238 1456 369 1487; x_wconf 83' lang='lat' dir='ltr'>bebant</span> <span class='ocrx_word' id='word_1_137' title='bbox 386 1456 413 1487; x_wconf 90' lang='lat' dir='ltr'>si</span> <span class='ocrx_word' id='word_1_138' title='bbox 432 1466 515 1497; x_wconf 83' lang='lat' dir='ltr'>quos</span> <span class='ocrx_word' id='word_1_139' title='bbox 532 1466 626 1486; x_wconf 87' lang='lat' dir='ltr'>mens</span> <span class='ocrx_word' id='word_1_140' title='bbox 644 1457 830 1496; x_wconf 77' lang='lat' dir='ltr'>parturiret</span> <span class='ocrx_word' id='word_1_141' title='bbox 846 1458 950 1488; x_wconf 87' lang='lat' dir='ltr'>versi-</span> 
     </span>
     <span class='ocr_line' id='line_1_23' title="bbox 241 1506 951 1547; baseline 0.003 -11"><span class='ocrx_word' id='word_1_142' title='bbox 241 1506 348 1545; x_wconf 70' lang='lat' dir='ltr'>culos,</span> <span class='ocrx_word' id='word_1_143' title='bbox 374 1515 417 1537; x_wconf 85' lang='lat' dir='ltr'>ne</span> <span class='ocrx_word' id='word_1_144' title='bbox 446 1507 611 1546; x_wconf 83' lang='lat' dir='ltr'>perirent.</span> <span class='ocrx_word' id='word_1_145' title='bbox 657 1506 706 1537; x_wconf 83' lang='lat' dir='ltr'>At</span> <span class='ocrx_word' id='word_1_146' title='bbox 725 1507 841 1547; x_wconf 88' lang='lat' dir='ltr'>quidni</span> <span class='ocrx_word' id='word_1_147' title='bbox 863 1507 951 1538; x_wconf 87' lang='lat' dir='ltr'>acci-</span> 
     </span>
     <span class='ocr_line' id='line_1_24' title="bbox 239 1557 949 1597; baseline 0.003 -10"><span class='ocrx_word' id='word_1_148' title='bbox 239 1557 375 1597; x_wconf 81' lang='lat' dir='ltr'>piantur</span> <span class='ocrx_word' id='word_1_149' title='bbox 391 1557 456 1597; x_wconf 90' lang='lat' dir='ltr'>ipsi</span> <span class='ocrx_word' id='word_1_150' title='bbox 474 1557 568 1596; x_wconf 80' lang='lat' dir='ltr'>lecti,</span> <span class='ocrx_word' id='word_1_151' title='bbox 594 1567 655 1588; x_wconf 86' lang='lat' dir='ltr'>seu</span> <span class='ocrx_word' id='word_1_152' title='bbox 672 1558 893 1589; x_wconf 82' lang='lat' dir='ltr'>lucubratorii</span> <span class='ocrx_word' id='word_1_153' title='bbox 916 1559 949 1590; x_wconf 92' lang='lat' dir='ltr'>in</span> 
     </span>
     <span class='ocr_line' id='line_1_25' title="bbox 239 1608 949 1649; baseline 0.001 -11"><span class='ocrx_word' id='word_1_154' title='bbox 239 1608 360 1649; x_wconf 79' lang='lat' dir='ltr'>quibus</span> <span class='ocrx_word' id='word_1_155' title='bbox 378 1608 561 1639; x_wconf 80' lang='lat' dir='ltr'>studebant</span> <span class='ocrx_word' id='word_1_156' title='bbox 575 1609 838 1649; x_wconf 82' lang='lat' dir='ltr'>scribebantque</span> <span class='ocrx_word' id='word_1_157' title='bbox 857 1613 949 1639; x_wconf 84' lang='lat' dir='ltr'>vete-</span> 
     </span>
     <span class='ocr_line' id='line_1_26' title="bbox 239 1658 948 1697; baseline 0.001 -9"><span class='ocrx_word' id='word_1_158' title='bbox 239 1668 306 1697; x_wconf 79' lang='lat' dir='ltr'>res,</span> <span class='ocrx_word' id='word_1_159' title='bbox 332 1662 370 1689; x_wconf 89' lang='lat' dir='ltr'>ut</span> <span class='ocrx_word' id='word_1_160' title='bbox 394 1668 479 1689; x_wconf 86' lang='lat' dir='ltr'>unus</span> <span class='ocrx_word' id='word_1_161' title='bbox 495 1658 567 1689; x_wconf 87' lang='lat' dir='ltr'>vult</span> <span class='ocrx_word' id='word_1_162' title='bbox 586 1658 804 1689; x_wconf 79' lang='lat' dir='ltr'>Casaubonus</span> <span class='ocrx_word' id='word_1_163' title='bbox 827 1664 948 1689; x_wconf 83' lang='lat' dir='ltr'>contra</span> 
     </span>
     <span class='ocr_line' id='line_1_27' title="bbox 239 1708 946 1748; baseline 0.003 -10"><span class='ocrx_word' id='word_1_164' title='bbox 239 1713 374 1741; x_wconf 78' lang='lat' dir='ltr'>ceteros</span> <span class='ocrx_word' id='word_1_165' title='bbox 397 1708 637 1748; x_wconf 69' lang='lat' dir='ltr'>Interpretes?</span> <span class='ocrx_word' id='word_1_166' title='bbox 671 1718 730 1739; x_wconf 83' lang='lat' dir='ltr'>seu</span> <span class='ocrx_word' id='word_1_167' title='bbox 754 1709 946 1741; x_wconf 78' lang='lat' dir='ltr'>triclinares</span> 
     </span>
     <span class='ocr_line' id='line_1_28' title="bbox 238 1757 945 1797; baseline 0.001 -9"><span class='ocrx_word' id='word_1_168' title='bbox 238 1762 274 1789; x_wconf 88' lang='lat' dir='ltr'>et</span> <span class='ocrx_word' id='word_1_169' title='bbox 299 1757 510 1796; x_wconf 65' lang='lat' dir='ltr'>accubitor-ii,</span> <span class='ocrx_word' id='word_1_170' title='bbox 538 1758 569 1788; x_wconf 86' lang='lat' dir='ltr'>iu</span> <span class='ocrx_word' id='word_1_171' title='bbox 592 1758 710 1797; x_wconf 79' lang='lat' dir='ltr'>quibus</span> <span class='ocrx_word' id='word_1_172' title='bbox 736 1758 838 1789; x_wconf 81' lang='lat' dir='ltr'>etiam</span> <span class='ocrx_word' id='word_1_173' title='bbox 856 1759 945 1790; x_wconf 84' lang='lat' dir='ltr'>inter</span> 
     </span>
     <span class='ocr_line' id='line_1_29' title="bbox 239 1806 947 1845; baseline 0.001 -7"><span class='ocrx_word' id='word_1_174' title='bbox 239 1815 371 1839; x_wconf 78' lang='lat' dir='ltr'>coenam</span> <span class='ocrx_word' id='word_1_175' title='bbox 398 1816 514 1837; x_wconf 85' lang='lat' dir='ltr'>versus</span> <span class='ocrx_word' id='word_1_176' title='bbox 541 1806 732 1845; x_wconf 82' lang='lat' dir='ltr'>dictabant,</span> <span class='ocrx_word' id='word_1_177' title='bbox 766 1813 803 1839; x_wconf 86' lang='lat' dir='ltr'>ut</span> <span class='ocrx_word' id='word_1_178' title='bbox 828 1809 947 1840; x_wconf 87' lang='lat' dir='ltr'>volunt</span> 
     </span>
     <span class='ocr_line' id='line_1_30' title="bbox 239 1857 946 1898; baseline 0.004 -10"><span class='ocrx_word' id='word_1_179' title='bbox 239 1858 307 1890; x_wconf 80' lang='lat' dir='ltr'>alii.</span> <span class='ocrx_word' id='word_1_180' title='bbox 352 1859 446 1898; x_wconf 80' lang='lat' dir='ltr'>Lege</span> <span class='ocrx_word' id='word_1_181' title='bbox 462 1858 602 1890; x_wconf 69' lang='lat' dir='ltr'>Sueton.</span> <span class='ocrx_word' id='word_1_182' title='bbox 629 1858 661 1888; x_wconf 88' lang='lat' dir='ltr'>in</span> <span class='ocrx_word' id='word_1_183' title='bbox 675 1857 832 1898; x_wconf 75' lang='lat' dir='ltr'>Augusto</span> <span class='ocrx_word' id='word_1_184' title='bbox 847 1857 879 1890; x_wconf 60' lang='lat' dir='ltr'>c.</span> <span class='ocrx_word' id='word_1_185' title='bbox 893 1862 946 1891; x_wconf 84' lang='grc'>78.</span> 
     </span>
     <span class='ocr_line' id='line_1_31' title="bbox 239 1909 903 1950; baseline 0.002 -10"><span class='ocrx_word' id='word_1_186' title='bbox 239 1909 351 1949; x_wconf 81' lang='lat' dir='ltr'>Agell.</span> <span class='ocrx_word' id='word_1_187' title='bbox 368 1918 445 1940; x_wconf 70' lang='lat' dir='ltr'>nx.</span> <span class='ocrx_word' id='word_1_188' title='bbox 463 1912 514 1940; x_wconf 89' lang='lat'>10.</span> <span class='ocrx_word' id='word_1_189' title='bbox 540 1910 631 1940; x_wconf 84' lang='lat' dir='ltr'>Plin.</span> <span class='ocrx_word' id='word_1_190' title='bbox 648 1910 759 1950; x_wconf 75' lang='lat' dir='ltr'>Epist.</span> <span class='ocrx_word' id='word_1_191' title='bbox 781 1919 830 1940; x_wconf 66' lang='grc' dir='ltr'>ιγ.</span> <span class='ocrx_word' id='word_1_192' title='bbox 851 1913 903 1941; x_wconf 75' lang='grc'>14.</span> 
     </span>
    </p>

    <p class='ocr_par' dir='ltr' id='par_1_13' title="bbox 238 1959 947 2142">
     <span class='ocr_line' id='line_1_32' title="bbox 281 1959 945 2000; baseline 0.003 -11"><span class='ocrx_word' id='word_1_193' title='bbox 281 1962 322 1989; x_wconf 78' lang='lat'>53</span> <span class='ocrx_word' id='word_1_194' title='bbox 349 1959 480 2000; x_wconf 74' lang='lat' dir='ltr'>Citrez&#39;s]</span> <span class='ocrx_word' id='word_1_195' title='bbox 496 1960 523 1989; x_wconf 76' lang='lat' dir='ltr'>E</span> <span class='ocrx_word' id='word_1_196' title='bbox 535 1959 624 1989; x_wconf 87' lang='lat' dir='ltr'>citro</span> <span class='ocrx_word' id='word_1_197' title='bbox 641 1959 794 2000; x_wconf 81' lang='lat' dir='ltr'>pretiosa</span> <span class='ocrx_word' id='word_1_198' title='bbox 811 1960 945 1991; x_wconf 83' lang='lat' dir='ltr'>arbore.</span> 
     </span>
     <span class='ocr_line' id='line_1_33' title="bbox 238 2009 947 2050; baseline 0.004 -11"><span class='ocrx_word' id='word_1_199' title='bbox 238 2009 314 2042; x_wconf 80' lang='lat' dir='ltr'>Quo</span> <span class='ocrx_word' id='word_1_200' title='bbox 331 2009 472 2040; x_wconf 82' lang='lat' dir='ltr'>Persius</span> <span class='ocrx_word' id='word_1_201' title='bbox 502 2009 645 2040; x_wconf 71' lang='lat' dir='ltr'>Nobiles</span> <span class='ocrx_word' id='word_1_202' title='bbox 674 2011 842 2042; x_wconf 83' lang='lat' dir='ltr'>Romanos</span> <span class='ocrx_word' id='word_1_203' title='bbox 871 2021 947 2050; x_wconf 85' lang='lat' dir='ltr'>per-</span> 
     </span>
     <span class='ocr_line' id='line_1_34' title="bbox 239 2059 947 2100; baseline 0.003 -11"><span class='ocrx_word' id='word_1_204' title='bbox 239 2063 343 2100; x_wconf 78' lang='lat' dir='ltr'>petuo</span> <span class='ocrx_word' id='word_1_205' title='bbox 360 2064 457 2090; x_wconf 83' lang='lat' dir='ltr'>notat</span> <span class='ocrx_word' id='word_1_206' title='bbox 470 2059 623 2090; x_wconf 68' lang='lat' dir='ltr'>Poesews</span> <span class='ocrx_word' id='word_1_207' title='bbox 636 2060 749 2091; x_wconf 82' lang='lat' dir='ltr'>studio</span> <span class='ocrx_word' id='word_1_208' title='bbox 763 2071 947 2100; x_wconf 81' lang='lat' dir='ltr'>perperam</span> 
     </span>
     <span class='ocr_line' id='line_1_35' title="bbox 240 2109 394 2142; baseline 0.006 -1"><span class='ocrx_word' id='word_1_209' title='bbox 240 2109 394 2142; x_wconf 84' lang='lat' dir='ltr'>affectos.</span> 
     </span>
    </p>

    <p class='ocr_par' dir='ltr' id='par_1_14' title="bbox 239 2160 947 2301">
     <span class='ocr_line' id='line_1_36' title="bbox 281 2160 946 2202; baseline 0.005 -12"><span class='ocrx_word' id='word_1_210' title='bbox 281 2160 488 2201; x_wconf 76' lang='lat' dir='ltr'>Scisponere]</span> <span class='ocrx_word' id='word_1_211' title='bbox 513 2161 622 2192; x_wconf 85' lang='lat' dir='ltr'>Laute</span> <span class='ocrx_word' id='word_1_212' title='bbox 637 2162 766 2202; x_wconf 56' lang='lat' dir='ltr'>excipis¹</span> <span class='ocrx_word' id='word_1_213' title='bbox 784 2163 946 2199; x_wconf 83' lang='lat' dir='ltr'>homines,</span> 
     </span>
     <span class='ocr_line' id='line_1_37' title="bbox 240 2211 947 2253; baseline 0.003 -13"><span class='ocrx_word' id='word_1_214' title='bbox 240 2220 382 2252; x_wconf 82' lang='lat' dir='ltr'>quorum</span> <span class='ocrx_word' id='word_1_215' title='bbox 398 2219 488 2240; x_wconf 83' lang='lat' dir='ltr'>emas</span> <span class='ocrx_word' id='word_1_216' title='bbox 515 2211 579 2242; x_wconf 88' lang='lat' dir='ltr'>hoc</span> <span class='ocrx_word' id='word_1_217' title='bbox 603 2217 704 2252; x_wconf 86' lang='lat' dir='ltr'>pacto</span> <span class='ocrx_word' id='word_1_218' title='bbox 728 2211 888 2253; x_wconf 75' lang='lat' dir='ltr'>suffragia</span> <span class='ocrx_word' id='word_1_219' title='bbox 911 2218 947 2243; x_wconf 80' lang='lat' dir='ltr'>et</span> 
     </span>
     <span class='ocr_line' id='line_1_38' title="bbox 239 2261 434 2301; baseline -0.005 -9"><span class='ocrx_word' id='word_1_220' title='bbox 239 2261 434 2301; x_wconf 77' lang='lat' dir='ltr'>applausus.</span> 
     </span>
    </p>

    <p class='ocr_par' dir='ltr' id='par_1_15' title="bbox 239 2310 945 2694">
     <span class='ocr_line' id='line_1_39' title="bbox 281 2310 945 2349; baseline 0.006 -9"><span class='ocrx_word' id='word_1_221' title='bbox 281 2310 411 2349; x_wconf 79' lang='lat' dir='ltr'>Sumen]</span> <span class='ocrx_word' id='word_1_222' title='bbox 437 2311 615 2342; x_wconf 83' lang='lat' dir='ltr'>Ferculum</span> <span class='ocrx_word' id='word_1_223' title='bbox 645 2316 719 2342; x_wconf 85' lang='lat' dir='ltr'>erat</span> <span class='ocrx_word' id='word_1_224' title='bbox 747 2313 945 2344; x_wconf 70' lang='lat' dir='ltr'>delicatis&gt;i·</span> 
     </span>
     <span class='ocr_line' id='line_1_40' title="bbox 239 2361 944 2402; baseline 0.004 -10"><span class='ocrx_word' id='word_1_225' title='bbox 239 2371 328 2392; x_wconf 87' lang='lat' dir='ltr'>mum</span> <span class='ocrx_word' id='word_1_226' title='bbox 346 2370 364 2391; x_wconf 83' lang='lat' dir='ltr'>e</span> <span class='ocrx_word' id='word_1_227' title='bbox 380 2361 531 2392; x_wconf 85' lang='lat' dir='ltr'>mammis</span> <span class='ocrx_word' id='word_1_228' title='bbox 549 2371 661 2401; x_wconf 81' lang='lat' dir='ltr'>porcae</span> <span class='ocrx_word' id='word_1_229' title='bbox 679 2367 756 2402; x_wconf 80' lang='lat' dir='ltr'>post</span> <span class='ocrx_word' id='word_1_230' title='bbox 771 2367 944 2395; x_wconf 74' lang='lat' dir='ltr'>recentem</span> 
     </span>
     <span class='ocr_line' id='line_1_41' title="bbox 239 2411 944 2452; baseline 0.003 -10"><span class='ocrx_word' id='word_1_231' title='bbox 239 2415 373 2452; x_wconf 85' lang='lat' dir='ltr'>partum</span> <span class='ocrx_word' id='word_1_232' title='bbox 391 2411 540 2442; x_wconf 73' lang='lat' dir='ltr'>sectiset</span> <span class='ocrx_word' id='word_1_233' title='bbox 566 2412 636 2441; x_wconf 77' lang='lat' dir='ltr'>sale</span> <span class='ocrx_word' id='word_1_234' title='bbox 662 2413 820 2443; x_wconf 80' lang='lat' dir='ltr'>conditis.</span> <span class='ocrx_word' id='word_1_235' title='bbox 855 2414 944 2445; x_wconf 83' lang='lat' dir='ltr'>Plin.</span> 
     </span>
     <span class='ocr_line' id='line_1_42' title="bbox 240 2460 943 2501; baseline 0 -9"><span class='ocrx_word' id='word_1_236' title='bbox 240 2470 322 2492; x_wconf 78' lang='lat' dir='ltr'>vni.</span> <span class='ocrx_word' id='word_1_237' title='bbox 339 2464 390 2491; x_wconf 84' lang='lat'>51.</span> <span class='ocrx_word' id='word_1_238' title='bbox 437 2460 536 2492; x_wconf 83' lang='lat' dir='ltr'>Quod</span> <span class='ocrx_word' id='word_1_239' title='bbox 565 2466 690 2500; x_wconf 82' lang='lat' dir='ltr'>autem,</span> <span class='ocrx_word' id='word_1_240' title='bbox 716 2462 861 2501; x_wconf 73' lang='lat' dir='ltr'>calidum,</span> <span class='ocrx_word' id='word_1_241' title='bbox 887 2463 943 2493; x_wconf 84' lang='lat' dir='ltr'>ad-</span> 
     </span>
     <span class='ocr_line' id='line_1_43' title="bbox 239 2510 944 2554; baseline 0.003 -12"><span class='ocrx_word' id='word_1_242' title='bbox 239 2510 291 2542; x_wconf 86' lang='lat' dir='ltr'>dit</span> <span class='ocrx_word' id='word_1_243' title='bbox 307 2511 461 2548; x_wconf 79' lang='lat' dir='ltr'>Persius,</span> <span class='ocrx_word' id='word_1_244' title='bbox 485 2520 526 2540; x_wconf 84' lang='lat' dir='ltr'>ne</span> <span class='ocrx_word' id='word_1_245' title='bbox 544 2516 642 2551; x_wconf 83' lang='lat' dir='ltr'>putes</span> <span class='ocrx_word' id='word_1_246' title='bbox 668 2512 858 2544; x_wconf 81' lang='lat' dir='ltr'>redundare</span> <span class='ocrx_word' id='word_1_247' title='bbox 876 2514 944 2554; x_wconf 79' lang='lat' dir='ltr'>epi-</span> 
     </span>
     <span class='ocr_line' id='line_1_44' title="bbox 239 2562 942 2603; baseline 0.004 -10"><span class='ocrx_word' id='word_1_248' title='bbox 239 2563 382 2602; x_wconf 73' lang='lat' dir='ltr'>thetum,</span> <span class='ocrx_word' id='word_1_249' title='bbox 407 2562 516 2603; x_wconf 82' lang='lat' dir='ltr'>inquit</span> <span class='ocrx_word' id='word_1_250' title='bbox 543 2563 781 2597; x_wconf 74' lang='lat' dir='ltr'>Casanbonus:</span> <span class='ocrx_word' id='word_1_251' title='bbox 808 2564 942 2596; x_wconf 80' lang='lat' dir='ltr'>ferven-</span> 
     </span>
     <span class='ocr_line' id='line_1_45' title="bbox 239 2611 942 2645; baseline 0.004 -3"><span class='ocrx_word' id='word_1_252' title='bbox 239 2611 386 2643; x_wconf 77' lang='lat' dir='ltr'>tissimos</span> <span class='ocrx_word' id='word_1_253' title='bbox 424 2611 512 2643; x_wconf 81' lang='lat' dir='ltr'>euim</span> <span class='ocrx_word' id='word_1_254' title='bbox 547 2613 640 2644; x_wconf 85' lang='lat' dir='ltr'>cibos</span> <span class='ocrx_word' id='word_1_255' title='bbox 676 2613 802 2645; x_wconf 83' lang='lat' dir='ltr'>inferre</span> <span class='ocrx_word' id='word_1_256' title='bbox 840 2615 942 2645; x_wconf 85' lang='lat' dir='ltr'>moris</span> 
     </span>
     <span class='ocr_line' id='line_1_46' title="bbox 241 2666 329 2694; baseline -0.023 0"><span class='ocrx_word' id='word_1_257' title='bbox 241 2666 329 2694; x_wconf 86' lang='lat' dir='ltr'>erat.</span> 
     </span>
    </p>

    <p class='ocr_par' dir='ltr' id='par_1_16' title="bbox 283 2712 942 2757">
     <span class='ocr_line' id='line_1_47' title="bbox 283 2712 942 2757; baseline 0.008 -14"><span class='ocrx_word' id='word_1_258' title='bbox 283 2714 323 2745; x_wconf 77' lang='lat'>54</span> <span class='ocrx_word' id='word_1_259' title='bbox 347 2712 418 2744; x_wconf 73' lang='lat' dir='ltr'>Scis</span> <span class='ocrx_word' id='word_1_260' title='bbox 433 2713 572 2745; x_wconf 77' lang='lat' dir='ltr'>comitem</span> <span class='ocrx_word' id='word_1_261' title='bbox 587 2713 794 2757; x_wconf 76' lang='lat' dir='ltr'>horridulum]</span> <span class='ocrx_word' id='word_1_262' title='bbox 820 2715 942 2749; x_wconf 82' lang='lat' dir='ltr'>Horat.</span> 
     </span>
    </p>
   </div>
   <div class='ocr_carea' id='block_1_12' title="bbox 997 1153 1714 2758">
    <p class='ocr_par' dir='ltr' id='par_1_17' title="bbox 1003 1153 1713 1286">
     <span class='ocr_line' id='line_1_48' title="bbox 1003 1153 1712 1195; baseline -0.003 -9"><span class='ocrx_word' id='word_1_263' title='bbox 1003 1155 1116 1195; x_wconf 82' lang='lat' dir='ltr'>Epist.</span> <span class='ocrx_word' id='word_1_264' title='bbox 1134 1164 1158 1185; x_wconf 89' lang='lat'>1.</span> <span class='ocrx_word' id='word_1_265' title='bbox 1175 1157 1228 1185; x_wconf 85' lang='grc'>19.</span> <span class='ocrx_word' id='word_1_266' title='bbox 1253 1155 1261 1171; x_wconf 93' lang='lat'>‘</span> <span class='ocrx_word' id='word_1_267' title='bbox 1280 1154 1357 1185; x_wconf 89' lang='lat' dir='ltr'>Non</span> <span class='ocrx_word' id='word_1_268' title='bbox 1385 1163 1449 1193; x_wconf 82' lang='lat' dir='ltr'>ego</span> <span class='ocrx_word' id='word_1_269' title='bbox 1465 1156 1615 1184; x_wconf 81' lang='lat' dir='ltr'>ventosae</span> <span class='ocrx_word' id='word_1_270' title='bbox 1641 1153 1712 1193; x_wconf 90' lang='lat' dir='ltr'>ple-</span> 
     </span>
     <span class='ocr_line' id='line_1_49' title="bbox 1005 1203 1713 1246; baseline -0.004 -10"><span class='ocrx_word' id='word_1_271' title='bbox 1005 1206 1056 1237; x_wconf 90' lang='lat' dir='ltr'>bis</span> <span class='ocrx_word' id='word_1_272' title='bbox 1084 1204 1244 1246; x_wconf 82' lang='lat' dir='ltr'>suffragia</span> <span class='ocrx_word' id='word_1_273' title='bbox 1271 1213 1376 1235; x_wconf 86' lang='lat' dir='ltr'>venor</span> <span class='ocrx_word' id='word_1_274' title='bbox 1407 1203 1575 1244; x_wconf 85' lang='lat' dir='ltr'>Impensis</span> <span class='ocrx_word' id='word_1_275' title='bbox 1602 1212 1713 1235; x_wconf 87' lang='lat' dir='ltr'>coena-</span> 
     </span>
     <span class='ocr_line' id='line_1_50' title="bbox 1004 1252 1532 1286; baseline -0.006 0"><span class='ocrx_word' id='word_1_276' title='bbox 1004 1266 1076 1286; x_wconf 87' lang='lat' dir='ltr'>rum</span> <span class='ocrx_word' id='word_1_277' title='bbox 1094 1260 1127 1286; x_wconf 86' lang='lat' dir='ltr'>et</span> <span class='ocrx_word' id='word_1_278' title='bbox 1144 1255 1234 1286; x_wconf 67' lang='lat' dir='ltr'>tritae</span> <span class='ocrx_word' id='word_1_279' title='bbox 1251 1263 1391 1284; x_wconf 86' lang='lat' dir='ltr'>munere</span> <span class='ocrx_word' id='word_1_280' title='bbox 1407 1252 1532 1284; x_wconf 83' lang='lat' dir='ltr'>vestis.’</span> 
     </span>
    </p>

    <p class='ocr_par' dir='ltr' id='par_1_18' title="bbox 1001 1301 1714 2204">
     <span class='ocr_line' id='line_1_51' title="bbox 1047 1301 1714 1344; baseline -0.007 -8"><span class='ocrx_word' id='word_1_281' title='bbox 1047 1310 1086 1336; x_wconf 86' lang='lat'>55</span> <span class='ocrx_word' id='word_1_282' title='bbox 1113 1306 1169 1344; x_wconf 78' lang='lat' dir='ltr'>Et,</span> <span class='ocrx_word' id='word_1_283' title='bbox 1196 1306 1320 1342; x_wconf 75' lang='lat' dir='ltr'>Verum,</span> <span class='ocrx_word' id='word_1_284' title='bbox 1345 1304 1458 1343; x_wconf 75' lang='lat' dir='ltr'>inquis,</span> <span class='ocrx_word' id='word_1_285' title='bbox 1487 1302 1570 1342; x_wconf 83' lang='lat' dir='ltr'>amo]</span> <span class='ocrx_word' id='word_1_286' title='bbox 1605 1301 1714 1335; x_wconf 82' lang='lat' dir='ltr'>Quasi</span> 
     </span>
     <span class='ocr_line' id='line_1_52' title="bbox 1004 1354 1712 1394; baseline -0.006 -6"><span class='ocrx_word' id='word_1_287' title='bbox 1004 1367 1086 1388; x_wconf 82' lang='lat' dir='ltr'>vero</span> <span class='ocrx_word' id='word_1_288' title='bbox 1112 1357 1198 1387; x_wconf 85' lang='lat' dir='ltr'>bene</span> <span class='ocrx_word' id='word_1_289' title='bbox 1225 1356 1366 1394; x_wconf 80' lang='lat' dir='ltr'>sentire,</span> <span class='ocrx_word' id='word_1_290' title='bbox 1398 1359 1434 1385; x_wconf 85' lang='lat' dir='ltr'>et</span> <span class='ocrx_word' id='word_1_291' title='bbox 1457 1354 1570 1384; x_wconf 80' lang='lat' dir='ltr'>dicere</span> <span class='ocrx_word' id='word_1_292' title='bbox 1595 1363 1712 1384; x_wconf 90' lang='lat' dir='ltr'>verum</span> 
     </span>
     <span class='ocr_line' id='line_1_53' title="bbox 1005 1403 1713 1450; baseline -0.007 -11"><span class='ocrx_word' id='word_1_293' title='bbox 1005 1413 1145 1450; x_wconf 83' lang='lat' dir='ltr'>queant,</span> <span class='ocrx_word' id='word_1_294' title='bbox 1155 1417 1238 1448; x_wconf 87' lang='lat' dir='ltr'>quos</span> <span class='ocrx_word' id='word_1_295' title='bbox 1251 1405 1444 1437; x_wconf 84' lang='lat' dir='ltr'>muneribus</span> <span class='ocrx_word' id='word_1_296' title='bbox 1456 1403 1650 1443; x_wconf 82' lang='lat' dir='ltr'>corrupisti.</span> <span class='ocrx_word' id='word_1_297' title='bbox 1668 1404 1713 1434; x_wconf 84' lang='lat' dir='ltr'>Et</span> 
     </span>
     <span class='ocr_line' id='line_1_54' title="bbox 1005 1453 1713 1501; baseline -0.007 -11"><span class='ocrx_word' id='word_1_298' title='bbox 1005 1459 1098 1501; x_wconf 82' lang='lat' dir='ltr'>quasi</span> <span class='ocrx_word' id='word_1_299' title='bbox 1117 1459 1159 1489; x_wconf 76' lang='lat' dir='ltr'>de</span> <span class='ocrx_word' id='word_1_300' title='bbox 1175 1457 1330 1489; x_wconf 80' lang='lat' dir='ltr'>versibus</span> <span class='ocrx_word' id='word_1_301' title='bbox 1348 1456 1413 1486; x_wconf 87' lang='lat' dir='ltr'>tuis</span> <span class='ocrx_word' id='word_1_302' title='bbox 1430 1459 1525 1485; x_wconf 82' lang='lat' dir='ltr'>recte</span> <span class='ocrx_word' id='word_1_303' title='bbox 1541 1453 1713 1494; x_wconf 84' lang='lat' dir='ltr'>judicare,</span> 
     </span>
     <span class='ocr_line' id='line_1_55' title="bbox 1005 1503 1713 1550; baseline -0.008 -10"><span class='ocrx_word' id='word_1_304' title='bbox 1005 1515 1050 1549; x_wconf 77' lang='lat' dir='ltr'>et,</span> <span class='ocrx_word' id='word_1_305' title='bbox 1077 1508 1228 1550; x_wconf 85' lang='lat' dir='ltr'>quamvis</span> <span class='ocrx_word' id='word_1_306' title='bbox 1254 1507 1340 1538; x_wconf 86' lang='lat' dir='ltr'>bene</span> <span class='ocrx_word' id='word_1_307' title='bbox 1359 1505 1605 1547; x_wconf 80' lang='lat' dir='ltr'>judicaverint,</span> <span class='ocrx_word' id='word_1_308' title='bbox 1622 1503 1713 1545; x_wconf 86' lang='lat' dir='ltr'>quod</span> 
     </span>
     <span class='ocr_line' id='line_1_56' title="bbox 1005 1557 1713 1599; baseline -0.007 -8"><span class='ocrx_word' id='word_1_309' title='bbox 1005 1560 1168 1599; x_wconf 77' lang='lat' dir='ltr'>sentiunt,</span> <span class='ocrx_word' id='word_1_310' title='bbox 1197 1559 1261 1589; x_wconf 86' lang='lat' dir='ltr'>tibi</span> <span class='ocrx_word' id='word_1_311' title='bbox 1292 1559 1422 1588; x_wconf 83' lang='lat' dir='ltr'>sincere</span> <span class='ocrx_word' id='word_1_312' title='bbox 1451 1557 1583 1597; x_wconf 81' lang='lat' dir='ltr'>aperire</span> <span class='ocrx_word' id='word_1_313' title='bbox 1610 1557 1713 1587; x_wconf 86' lang='lat' dir='ltr'>liceat</span> 
     </span>
     <span class='ocr_line' id='line_1_57' title="bbox 1004 1608 1711 1643; baseline -0.006 0"><span class='ocrx_word' id='word_1_314' title='bbox 1004 1611 1167 1643; x_wconf 87' lang='lat' dir='ltr'>convivis.</span> <span class='ocrx_word' id='word_1_315' title='bbox 1235 1610 1291 1640; x_wconf 90' lang='lat' dir='ltr'>Illi</span> <span class='ocrx_word' id='word_1_316' title='bbox 1319 1613 1412 1639; x_wconf 84' lang='lat' dir='ltr'>certe</span> <span class='ocrx_word' id='word_1_317' title='bbox 1438 1609 1485 1639; x_wconf 83' lang='lat' dir='ltr'>ita</span> <span class='ocrx_word' id='word_1_318' title='bbox 1515 1608 1711 1639; x_wconf 85' lang='lat' dir='ltr'>muneribus</span> 
     </span>
     <span class='ocr_line' id='line_1_58' title="bbox 1005 1659 1711 1692; baseline -0.006 0"><span class='ocrx_word' id='word_1_319' title='bbox 1005 1662 1072 1692; x_wconf 89' lang='lat' dir='ltr'>tuis</span> <span class='ocrx_word' id='word_1_320' title='bbox 1104 1660 1255 1691; x_wconf 84' lang='lat' dir='ltr'>devincti</span> <span class='ocrx_word' id='word_1_321' title='bbox 1286 1669 1352 1689; x_wconf 89' lang='lat' dir='ltr'>non</span> <span class='ocrx_word' id='word_1_322' title='bbox 1381 1659 1445 1689; x_wconf 87' lang='lat' dir='ltr'>nisi</span> <span class='ocrx_word' id='word_1_323' title='bbox 1476 1659 1649 1689; x_wconf 84' lang='lat' dir='ltr'>cumulare</span> <span class='ocrx_word' id='word_1_324' title='bbox 1677 1663 1711 1689; x_wconf 81' lang='lat' dir='ltr'>te</span> 
     </span>
     <span class='ocr_line' id='line_1_59' title="bbox 1002 1708 1712 1748; baseline -0.006 -6"><span class='ocrx_word' id='word_1_325' title='bbox 1002 1711 1160 1742; x_wconf 84' lang='lat' dir='ltr'>laudibus</span> <span class='ocrx_word' id='word_1_326' title='bbox 1178 1710 1352 1741; x_wconf 79' lang='lat' dir='ltr'>audebunt</span> <span class='ocrx_word' id='word_1_327' title='bbox 1368 1719 1492 1748; x_wconf 86' lang='lat' dir='ltr'>coram,</span> <span class='ocrx_word' id='word_1_328' title='bbox 1508 1708 1573 1739; x_wconf 79' lang='lat' dir='ltr'>etsi</span> <span class='ocrx_word' id='word_1_329' title='bbox 1589 1713 1712 1748; x_wconf 81' lang='lat' dir='ltr'>postea</span> 
     </span>
     <span class='ocr_line' id='line_1_60' title="bbox 1001 1760 1711 1793; baseline -0.006 1"><span class='ocrx_word' id='word_1_330' title='bbox 1001 1762 1090 1793; x_wconf 79' lang='lat' dir='ltr'>forte</span> <span class='ocrx_word' id='word_1_331' title='bbox 1118 1766 1152 1793; x_wconf 84' lang='lat' dir='ltr'>te</span> <span class='ocrx_word' id='word_1_332' title='bbox 1181 1761 1325 1792; x_wconf 83' lang='lat' dir='ltr'>derisuri</span> <span class='ocrx_word' id='word_1_333' title='bbox 1348 1760 1415 1790; x_wconf 83' lang='lat' dir='ltr'>sint</span> <span class='ocrx_word' id='word_1_334' title='bbox 1440 1760 1538 1790; x_wconf 86' lang='lat' dir='ltr'>clam.</span> <span class='ocrx_word' id='word_1_335' title='bbox 1584 1760 1711 1790; x_wconf 80' lang='lat' dir='ltr'>Horat.</span> 
     </span>
     <span class='ocr_line' id='line_1_61' title="bbox 1001 1808 1711 1850; baseline -0.007 -6"><span class='ocrx_word' id='word_1_336' title='bbox 1001 1813 1034 1844; x_wconf 89' lang='lat' dir='ltr'>in</span> <span class='ocrx_word' id='word_1_337' title='bbox 1049 1812 1148 1844; x_wconf 83' lang='lat' dir='ltr'>Arte.</span> <span class='ocrx_word' id='word_1_338' title='bbox 1163 1814 1172 1829; x_wconf 66' lang='lat'>‘</span> <span class='ocrx_word' id='word_1_339' title='bbox 1186 1812 1221 1842; x_wconf 84' lang='lat' dir='ltr'>Si</span> <span class='ocrx_word' id='word_1_340' title='bbox 1237 1820 1315 1841; x_wconf 86' lang='lat' dir='ltr'>vero</span> <span class='ocrx_word' id='word_1_341' title='bbox 1332 1815 1397 1849; x_wconf 77' lang='lat' dir='ltr'>est,</span> <span class='ocrx_word' id='word_1_342' title='bbox 1411 1814 1548 1840; x_wconf 84' lang='lat' dir='ltr'>unctum</span> <span class='ocrx_word' id='word_1_343' title='bbox 1563 1808 1621 1850; x_wconf 89' lang='lat' dir='ltr'>qui</span> <span class='ocrx_word' id='word_1_344' title='bbox 1638 1819 1711 1840; x_wconf 86' lang='lat' dir='ltr'>rec-</span> 
     </span>
     <span class='ocr_line' id='line_1_62' title="bbox 1002 1860 1711 1903; baseline -0.003 -9"><span class='ocrx_word' id='word_1_345' title='bbox 1002 1868 1036 1894; x_wconf 84' lang='lat' dir='ltr'>te</span> <span class='ocrx_word' id='word_1_346' title='bbox 1055 1872 1183 1903; x_wconf 82' lang='lat' dir='ltr'>ponere</span> <span class='ocrx_word' id='word_1_347' title='bbox 1210 1860 1541 1902; x_wconf 78' lang='lat' dir='ltr'>possitz—Mirabor</span> <span class='ocrx_word' id='word_1_348' title='bbox 1569 1861 1596 1890; x_wconf 85' lang='lat' dir='ltr'>si</span> <span class='ocrx_word' id='word_1_349' title='bbox 1623 1860 1711 1892; x_wconf 82' lang='lat' dir='ltr'>sciet</span> 
     </span>
     <span class='ocr_line' id='line_1_63' title="bbox 1001 1910 1709 1952; baseline -0.003 -9"><span class='ocrx_word' id='word_1_350' title='bbox 1001 1913 1262 1943; x_wconf 79' lang='lat' dir='ltr'>inter-Noscere</span> <span class='ocrx_word' id='word_1_351' title='bbox 1295 1910 1494 1941; x_wconf 76' lang='lat' dir='ltr'>mendacem</span> <span class='ocrx_word' id='word_1_352' title='bbox 1523 1920 1709 1952; x_wconf 84' lang='lat' dir='ltr'>verumque</span> 
     </span>
     <span class='ocr_line' id='line_1_64' title="bbox 1004 1961 1709 2002; baseline -0.003 -8"><span class='ocrx_word' id='word_1_353' title='bbox 1004 1964 1123 1994; x_wconf 84' lang='lat' dir='ltr'>beatus</span> <span class='ocrx_word' id='word_1_354' title='bbox 1157 1963 1311 1994; x_wconf 83' lang='lat' dir='ltr'>amicum.</span> <span class='ocrx_word' id='word_1_355' title='bbox 1379 1961 1430 1991; x_wconf 90' lang='lat' dir='ltr'>Tu</span> <span class='ocrx_word' id='word_1_356' title='bbox 1469 1970 1527 1992; x_wconf 86' lang='lat' dir='ltr'>seu</span> <span class='ocrx_word' id='word_1_357' title='bbox 1565 1961 1709 2002; x_wconf 82' lang='lat' dir='ltr'>donaris,</span> 
     </span>
     <span class='ocr_line' id='line_1_65' title="bbox 1003 2011 1708 2054; baseline -0.003 -10"><span class='ocrx_word' id='word_1_358' title='bbox 1003 2024 1061 2045; x_wconf 81' lang='lat' dir='ltr'>seu</span> <span class='ocrx_word' id='word_1_359' title='bbox 1093 2014 1175 2054; x_wconf 65' lang='lat' dir='ltr'>quial</span> <span class='ocrx_word' id='word_1_360' title='bbox 1203 2013 1328 2043; x_wconf 81' lang='lat' dir='ltr'>donare</span> <span class='ocrx_word' id='word_1_361' title='bbox 1358 2012 1450 2041; x_wconf 78' lang='lat' dir='ltr'>voles</span> <span class='ocrx_word' id='word_1_362' title='bbox 1480 2011 1545 2051; x_wconf 89' lang='lat' dir='ltr'>cui,</span> <span class='ocrx_word' id='word_1_363' title='bbox 1588 2011 1708 2042; x_wconf 89' lang='lat' dir='ltr'>Nolito</span> 
     </span>
     <span class='ocr_line' id='line_1_66' title="bbox 1003 2062 1708 2102; baseline -0.001 -8"><span class='ocrx_word' id='word_1_364' title='bbox 1003 2065 1045 2094; x_wconf 91' lang='lat' dir='ltr'>ad</span> <span class='ocrx_word' id='word_1_365' title='bbox 1061 2074 1180 2094; x_wconf 80' lang='lat' dir='ltr'>versus</span> <span class='ocrx_word' id='word_1_366' title='bbox 1196 2063 1257 2093; x_wconf 80' lang='lat' dir='ltr'>tibi</span> <span class='ocrx_word' id='word_1_367' title='bbox 1281 2062 1388 2093; x_wconf 72' lang='lat' dir='ltr'>factos</span> <span class='ocrx_word' id='word_1_368' title='bbox 1418 2063 1545 2093; x_wconf 81' lang='lat' dir='ltr'>ducere</span> <span class='ocrx_word' id='word_1_369' title='bbox 1570 2062 1708 2102; x_wconf 87' lang='lat' dir='ltr'>plenum</span> 
     </span>
     <span class='ocr_line' id='line_1_67' title="bbox 1003 2113 1708 2154; baseline -0.004 -8"><span class='ocrx_word' id='word_1_370' title='bbox 1003 2115 1164 2152; x_wconf 66' lang='lat' dir='ltr'>Laetitia’,</span> <span class='ocrx_word' id='word_1_371' title='bbox 1182 2114 1346 2146; x_wconf 76' lang='lat' dir='ltr'>clamabit</span> <span class='ocrx_word' id='word_1_372' title='bbox 1362 2114 1464 2153; x_wconf 84' lang='lat' dir='ltr'>enim,</span> <span class='ocrx_word' id='word_1_373' title='bbox 1478 2113 1633 2154; x_wconf 83' lang='lat' dir='ltr'>pulchre,</span> <span class='ocrx_word' id='word_1_374' title='bbox 1652 2113 1708 2144; x_wconf 86' lang='lat' dir='ltr'>be-</span> 
     </span>
     <span class='ocr_line' id='line_1_68' title="bbox 1001 2164 1272 2204; baseline -0.004 -9"><span class='ocrx_word' id='word_1_375' title='bbox 1001 2174 1056 2204; x_wconf 84' lang='lat' dir='ltr'>ne,</span> <span class='ocrx_word' id='word_1_376' title='bbox 1073 2164 1191 2203; x_wconf 73' lang='lat' dir='ltr'>recte,&#39;</span> <span class='ocrx_word' id='word_1_377' title='bbox 1209 2166 1272 2195; x_wconf 68' lang='lat' dir='ltr'>Sec.</span> 
     </span>
    </p>

    <p class='ocr_par' dir='ltr' id='par_1_19' title="bbox 1001 2213 1707 2346">
     <span class='ocr_line' id='line_1_69' title="bbox 1049 2213 1707 2254; baseline 0.002 -9"><span class='ocrx_word' id='word_1_378' title='bbox 1049 2215 1162 2245; x_wconf 76' lang='lat' dir='ltr'>Verum</span> <span class='ocrx_word' id='word_1_379' title='bbox 1181 2214 1257 2244; x_wconf 73' lang='lat' dir='ltr'>mihi</span> <span class='ocrx_word' id='word_1_380' title='bbox 1273 2213 1382 2254; x_wconf 69' lang='lat' dir='ltr'>dicite]</span> <span class='ocrx_word' id='word_1_381' title='bbox 1421 2214 1536 2245; x_wconf 82' lang='lat' dir='ltr'>Plaut.</span> <span class='ocrx_word' id='word_1_382' title='bbox 1555 2213 1707 2246; x_wconf 83' lang='lat' dir='ltr'>Mostell.</span> 
     </span>
     <span class='ocr_line' id='line_1_70' title="bbox 1001 2266 1706 2304; baseline 0 -9"><span class='ocrx_word' id='word_1_383' title='bbox 1001 2269 1068 2296; x_wconf 84' lang='lat' dir='ltr'>act.</span> <span class='ocrx_word' id='word_1_384' title='bbox 1093 2275 1116 2295; x_wconf 86' lang='lat'>1.</span> <span class='ocrx_word' id='word_1_385' title='bbox 1136 2274 1195 2295; x_wconf 58' lang='lat' dir='ltr'>sc.</span> <span class='ocrx_word' id='word_1_386' title='bbox 1220 2267 1251 2295; x_wconf 80' lang='lat'>3.</span> <span class='ocrx_word' id='word_1_387' title='bbox 1276 2266 1285 2281; x_wconf 90' lang='lat'>‘</span> <span class='ocrx_word' id='word_1_388' title='bbox 1306 2266 1379 2304; x_wconf 78' lang='lat' dir='ltr'>Ego</span> <span class='ocrx_word' id='word_1_389' title='bbox 1406 2274 1522 2295; x_wconf 79' lang='lat' dir='ltr'>verum</span> <span class='ocrx_word' id='word_1_390' title='bbox 1549 2273 1635 2302; x_wconf 85' lang='lat' dir='ltr'>amo,</span> <span class='ocrx_word' id='word_1_391' title='bbox 1649 2273 1706 2295; x_wconf 85' lang='lat' dir='ltr'>ve-</span> 
     </span>
     <span class='ocr_line' id='line_1_71' title="bbox 1002 2313 1684 2346; baseline -0.001 -1"><span class='ocrx_word' id='word_1_392' title='bbox 1002 2325 1076 2346; x_wconf 87' lang='lat' dir='ltr'>rum</span> <span class='ocrx_word' id='word_1_393' title='bbox 1092 2315 1167 2345; x_wconf 91' lang='lat' dir='ltr'>volo</span> <span class='ocrx_word' id='word_1_394' title='bbox 1184 2315 1265 2345; x_wconf 91' lang='lat' dir='ltr'>mihi</span> <span class='ocrx_word' id='word_1_395' title='bbox 1284 2315 1368 2345; x_wconf 87' lang='lat' dir='ltr'>dici:</span> <span class='ocrx_word' id='word_1_396' title='bbox 1387 2315 1585 2345; x_wconf 87' lang='lat' dir='ltr'>mendacem</span> <span class='ocrx_word' id='word_1_397' title='bbox 1603 2313 1684 2344; x_wconf 89' lang='lat' dir='ltr'>odi.&#39;</span> 
     </span>
    </p>

    <p class='ocr_par' dir='ltr' id='par_1_20' title="bbox 998 2363 1706 2555">
     <span class='ocr_line' id='line_1_72' title="bbox 1043 2363 1706 2405; baseline 0 -9"><span class='ocrx_word' id='word_1_398' title='bbox 1043 2368 1085 2396; x_wconf 89' lang='grc'>56</span> <span class='ocrx_word' id='word_1_399' title='bbox 1123 2365 1186 2400; x_wconf 75' lang='lat' dir='ltr'>Qui</span> <span class='ocrx_word' id='word_1_400' title='bbox 1210 2365 1296 2405; x_wconf 69' lang='lat' dir='ltr'>pote]</span> <span class='ocrx_word' id='word_1_401' title='bbox 1356 2365 1534 2397; x_wconf 80' lang='lat' dir='ltr'>Quomodo</span> <span class='ocrx_word' id='word_1_402' title='bbox 1569 2364 1604 2394; x_wconf 92' lang='lat' dir='ltr'>id</span> <span class='ocrx_word' id='word_1_403' title='bbox 1631 2363 1706 2396; x_wconf 80' lang='lat' dir='ltr'>fieri</span> 
     </span>
     <span class='ocr_line' id='line_1_73' title="bbox 1000 2414 1704 2456; baseline 0 -11"><span class='ocrx_word' id='word_1_404' title='bbox 1000 2416 1108 2456; x_wconf 86' lang='lat' dir='ltr'>possit</span> <span class='ocrx_word' id='word_1_405' title='bbox 1132 2420 1169 2446; x_wconf 92' lang='lat' dir='ltr'>ut</span> <span class='ocrx_word' id='word_1_406' title='bbox 1191 2415 1371 2446; x_wconf 76' lang='lat' dir='ltr'>veritatem</span> <span class='ocrx_word' id='word_1_407' title='bbox 1398 2415 1458 2445; x_wconf 82' lang='lat' dir='ltr'>tibi</span> <span class='ocrx_word' id='word_1_408' title='bbox 1484 2414 1597 2445; x_wconf 81' lang='lat' dir='ltr'>dicant</span> <span class='ocrx_word' id='word_1_409' title='bbox 1622 2415 1704 2446; x_wconf 82' lang='lat' dir='ltr'>isti?</span> 
     </span>
     <span class='ocr_line' id='line_1_74' title="bbox 1001 2465 1704 2496; baseline 0.001 -1"><span class='ocrx_word' id='word_1_410' title='bbox 1001 2465 1122 2496; x_wconf 86' lang='lat' dir='ltr'>Horat.</span> <span class='ocrx_word' id='word_1_411' title='bbox 1148 2467 1218 2496; x_wconf 81' lang='lat' dir='ltr'>Sat.</span> <span class='ocrx_word' id='word_1_412' title='bbox 1247 2474 1271 2495; x_wconf 87' lang='lat'>1.</span> <span class='ocrx_word' id='word_1_413' title='bbox 1297 2468 1328 2495; x_wconf 84' lang='lat'>2.</span> <span class='ocrx_word' id='word_1_414' title='bbox 1353 2468 1361 2481; x_wconf 84' lang='lat'>‘</span> <span class='ocrx_word' id='word_1_415' title='bbox 1377 2465 1470 2495; x_wconf 83' lang='lat' dir='ltr'>Male</span> <span class='ocrx_word' id='word_1_416' title='bbox 1494 2475 1608 2495; x_wconf 82' lang='lat' dir='ltr'>verum</span> <span class='ocrx_word' id='word_1_417' title='bbox 1625 2475 1704 2496; x_wconf 83' lang='lat' dir='ltr'>exa-</span> 
     </span>
     <span class='ocr_line' id='line_1_75' title="bbox 998 2515 1586 2555; baseline 0.003 -10"><span class='ocrx_word' id='word_1_418' title='bbox 998 2515 1103 2546; x_wconf 87' lang='lat' dir='ltr'>minat</span> <span class='ocrx_word' id='word_1_419' title='bbox 1121 2515 1227 2545; x_wconf 87' lang='lat' dir='ltr'>omnis</span> <span class='ocrx_word' id='word_1_420' title='bbox 1246 2515 1434 2555; x_wconf 81' lang='lat' dir='ltr'>Corruptus</span> <span class='ocrx_word' id='word_1_421' title='bbox 1449 2515 1586 2547; x_wconf 67' lang='lat' dir='ltr'>Judex!</span> 
     </span>
    </p>

    <p class='ocr_par' dir='ltr' id='par_1_21' title="bbox 997 2564 1705 2758">
     <span class='ocr_line' id='line_1_76' title="bbox 1040 2564 1705 2606; baseline 0.005 -12"><span class='ocrx_word' id='word_1_422' title='bbox 1040 2564 1133 2604; x_wconf 81' lang='lat' dir='ltr'>Pote]</span> <span class='ocrx_word' id='word_1_423' title='bbox 1173 2565 1250 2595; x_wconf 76' lang='lat' dir='ltr'>Pote</span> <span class='ocrx_word' id='word_1_424' title='bbox 1266 2565 1435 2605; x_wconf 76' lang='lat' dir='ltr'>significat</span> <span class='ocrx_word' id='word_1_425' title='bbox 1453 2566 1547 2606; x_wconf 85' lang='lat' dir='ltr'>quasi</span> <span class='ocrx_word' id='word_1_426' title='bbox 1565 2566 1705 2606; x_wconf 88' lang='lat' dir='ltr'>possibi-</span> 
     </span>
     <span class='ocr_line' id='line_1_77' title="bbox 998 2615 1703 2657; baseline 0.004 -12"><span class='ocrx_word' id='word_1_427' title='bbox 998 2615 1040 2645; x_wconf 82' lang='lat' dir='ltr'>le.</span> <span class='ocrx_word' id='word_1_428' title='bbox 1087 2616 1240 2646; x_wconf 89' lang='lat' dir='ltr'>Catullus</span> <span class='ocrx_word' id='word_1_429' title='bbox 1258 2615 1369 2646; x_wconf 76' lang='lat' dir='ltr'>Carni.</span> <span class='ocrx_word' id='word_1_430' title='bbox 1387 2619 1439 2647; x_wconf 80' lang='grc'>77.</span> <span class='ocrx_word' id='word_1_431' title='bbox 1467 2617 1555 2657; x_wconf 88' lang='lat' dir='ltr'>quod</span> <span class='ocrx_word' id='word_1_432' title='bbox 1581 2622 1633 2648; x_wconf 85' lang='lat' dir='ltr'>est</span> <span class='ocrx_word' id='word_1_433' title='bbox 1659 2617 1703 2648; x_wconf 92' lang='lat' dir='ltr'>ad</span> 
     </span>
     <span class='ocr_line' id='line_1_78' title="bbox 999 2665 1704 2707; baseline 0.006 -11"><span class='ocrx_word' id='word_1_434' title='bbox 999 2666 1166 2706; x_wconf 76' lang='lat' dir='ltr'>seipsum:</span> <span class='ocrx_word' id='word_1_435' title='bbox 1194 2666 1294 2698; x_wconf 82' lang='lat' dir='ltr'>‘Hoc</span> <span class='ocrx_word' id='word_1_436' title='bbox 1324 2665 1441 2707; x_wconf 84' lang='lat' dir='ltr'>facies,</span> <span class='ocrx_word' id='word_1_437' title='bbox 1469 2667 1538 2699; x_wconf 81' lang='lat' dir='ltr'>sive</span> <span class='ocrx_word' id='word_1_438' title='bbox 1569 2667 1603 2699; x_wconf 86' lang='lat' dir='ltr'>id</span> <span class='ocrx_word' id='word_1_439' title='bbox 1635 2677 1704 2700; x_wconf 90' lang='lat' dir='ltr'>non</span> 
     </span>
     <span class='ocr_line' id='line_1_79' title="bbox 997 2715 1299 2758; baseline 0.007 -12"><span class='ocrx_word' id='word_1_440' title='bbox 997 2720 1089 2758; x_wconf 81' lang='lat' dir='ltr'>pote,</span> <span class='ocrx_word' id='word_1_441' title='bbox 1106 2717 1177 2747; x_wconf 74' lang='lat' dir='ltr'>sive</span> <span class='ocrx_word' id='word_1_442' title='bbox 1194 2715 1299 2757; x_wconf 63' lang='lat' dir='ltr'>pote!</span> 
     </span>
    </p>
   </div>
  </div>
 </body>
</html>
