1888 3032
746 154 927 186 sA'rIRA
960 155 1002 184 V.

1515 145 1600 186 145

136 251 380 294 Contentus
400 263 600 306 perages,
621 250 660 292 si
678 250 823 292 vivere
843 263 943 290 cum
961 248 1077 291 Jove
1096 249 1254 292 tendis.

134 319 164 361 J
170 332 242 361 am
263 319 411 373 pueris
431 319 586 373 pellem
608 319 857 360 succinctus
878 323 921 359 et
940 318 1226 373 oenophorum
1247 320 1398 372 aptas:

1514 318 1600 361 140

134 481 206 504 rare
221 472 324 512 digito
339 472 471 503 salinum
487 472 665 504 delibatum.
711 471 793 502 Mox
816 474 928 502 autem
945 471 1108 512 expeditus
1123 471 1472 510 accommodassamtelis
1486 472 1600 504 manti-

796 573 942 606 NOTAE

133 646 224 676 rare,
237 636 418 669 formidine
434 638 568 669 scilicet
582 637 603 670 J
608 637 696 668 ovis!

182 688 284 728 Baro]
310 688 417 718 Vetus
431 688 545 720 Schol.
561 689 571 705 ‘
582 688 715 728 Lingua
731 688 843 719 Gallo·

135 746 211 768 rum
249 738 392 769 barones
427 739 479 770 vel
509 748 651 770 varones
684 739 843 770 dicuntur

136 787 226 818 servi
243 788 400 827 militum,
430 790 487 830 qui
514 790 632 830 utique
649 788 841 820 stultissimi

139 842 230 877 sunt,
247 838 336 868 servi
353 839 516 870 videlicet
533 839 735 870 stultorum!
780 840 842 870 Est

137 887 256 928 igitur,
268 887 354 927 baro,
370 888 460 919 idem
477 898 515 919 ac
529 889 653 920 bardus
667 894 702 920 et
716 899 843 920 vecors.

139 936 250 968 Cicer.
271 937 328 968 lib.
346 947 395 970 lx.
424 938 533 978 Epist.
562 939 682 970 Famil.
711 940 842 970 ultima.

139 987 229 1018 Item
247 988 266 1019 l.
286 996 326 1018 11.
353 988 395 1019 de
420 989 571 1020 Divinat.
589 990 652 1019 sub
673 989 785 1030 finem,
808 995 845 1021 et

137 1038 231 1076 alibi,
245 1038 389 1070 baronem
405 1039 501 1079 ponit
517 1049 579 1079 pro
595 1039 744 1080 stupido.
780 1041 845 1071 Le-

138 1093 224 1128 gunt
240 1088 308 1129 alii,
323 1098 407 1128 vare,
423 1089 458 1120 id
475 1094 541 1129 est,
557 1089 713 1130 distorte,
735 1094 771 1121 et
786 1090 844 1121 ab-

140 1146 257 1169 errans
271 1148 291 1169 a
307 1143 400 1170 recta
415 1139 556 1180 ratione,
572 1139 631 1170 sed
654 1150 845 1181 perperam.

139 1188 300 1220 Habetur
327 1189 417 1220 enim
443 1199 518 1220 varo
543 1190 577 1220 in
594 1190 737 1221 vetustis
754 1189 846 1221 codi-

141 1238 249 1270 cibus.

183 1289 392 1329 Regustatum
411 1290 513 1330 digito
528 1289 686 1321 terebrare
697 1289 847 1330 salinum]

138 1340 293 1380 Scilicet,
304 1350 323 1371 o
342 1340 435 1380 baro,
449 1340 583 1372 modico
601 1341 695 1372 victu
710 1348 848 1373 conten-

140 1394 213 1421 tum
228 1400 302 1421 esse
319 1395 354 1421 te
370 1391 543 1430 oportebit
559 1402 566 1421 :
583 1392 735 1432 adeoque
748 1392 846 1432 inops

141 1439 222 1480 eris,
238 1444 277 1471 ut
290 1440 394 1471 micas
411 1441 490 1471 salis
514 1441 655 1481 colligas
680 1442 713 1471 in
738 1440 846 1471 fundo

142 1490 242 1521 salini
257 1490 381 1530 saepius
394 1491 552 1531 appositi,
568 1496 603 1522 et
618 1490 760 1531 proinde
777 1500 847 1522 sor-

141 1540 224 1573 didi.

185 1592 300 1632 Digito
313 1591 484 1632 terebrare]
507 1591 710 1632 Emphatice
727 1592 849 1624 omnia.

142 1641 265 1683 Digito
290 1651 459 1682 premere,
484 1647 522 1673 ut
538 1641 714 1682 perforare
737 1643 850 1674 videa-

141 1692 208 1723 ris:
234 1692 299 1733 vel,
326 1692 530 1733 primoribus
553 1692 670 1733 digitis
693 1693 849 1724 delibans

143 1743 222 1774 salis
248 1743 447 1783 pauxillum,
473 1748 572 1774 notas
597 1743 782 1784 digitorum
797 1753 848 1774 re-

141 1792 288 1834 linques.
322 1794 409 1826 Quae
426 1794 538 1825 omnia
553 1798 746 1834 egestatem
762 1803 849 1824 sum-

142 1852 232 1874 mam
249 1848 407 1883 arguunt.

187 1893 345 1933 Salinum]
379 1893 470 1924 Plin.
486 1902 591 1924 xxm.
608 1896 640 1924 7.
655 1893 698 1924 de
714 1893 783 1924 sale
798 1893 848 1924 sic

142 1943 268 1975 habet:
291 1945 300 1960 ‘
313 1945 423 1975 Varro
440 1944 657 1984 pulmentarii
672 1944 748 1975 vice
772 1953 849 1974 usos

142 1998 279 2024 veteres
314 1998 434 2025 auctor
472 1998 543 2024 est:
589 1993 730 2024 esitasse
760 1993 850 2024 enim

145 2045 249 2075 salem
263 2054 339 2076 cum
357 2055 445 2085 pane
459 2050 497 2076 et
512 2054 627 2085 caseo,
643 2050 682 2076 ut
704 2045 850 2075 Prover-

145 2094 201 2125 bio
217 2094 383 2134 apparet.'
408 2095 589 2134 Nimirum,
602 2095 706 2126 salem
718 2095 850 2135 lingere

147 2143 320 2183 dicuntur,
347 2145 405 2185 qui
431 2146 582 2176 tenuiter
609 2145 789 2176 admodum
816 2150 851 2176 et

147 2203 251 2235 parce
266 2194 435 2226 victitant.
448 2195 564 2226 Plaut.
577 2195 714 2226 Curcul.
725 2199 793 2226 act.
802 2204 853 2227 lv.

147 2253 240 2276 scen.
256 2244 319 2276 ult.
345 2246 353 2261 ‘
370 2244 439 2276 Hic
462 2245 563 2275 hodie
586 2245 677 2285 apud
700 2255 754 2276 me
769 2254 853 2276 nun-

146 2295 251 2336 quam
267 2294 419 2335 delinges
436 2296 539 2326 salem
553 2295 572 2334 ;’
590 2295 624 2325 id
645 2300 709 2333 est,
726 2305 769 2326 ne
794 2296 853 2326 mi-

149 2345 279 2376 nimum
295 2345 430 2387 quidem
457 2346 525 2377 cibi
551 2347 679 2387 capies.
725 2346 852 2378 Horat.

149 2395 216 2427 Od.
236 2405 274 2426 11.
293 2399 344 2427 16.
372 2398 380 2413 ‘
396 2397 531 2427 Vivitur
552 2406 659 2437 parvo
674 2396 775 2436 bene,
799 2397 854 2428 cui

148 2450 330 2486 paternum
355 2447 522 2488 Splendet
557 2448 592 2478 in
616 2457 734 2478 mensa
758 2448 855 2479 tenui

149 2495 315 2528 salinum?
361 2497 506 2529 Constat
521 2502 614 2530 certe
630 2499 854 2539 pauperrimis

150 2545 229 2576 olim
244 2546 358 2579 cibum
383 2547 487 2579 fuisse
511 2549 719 2580 salem-cum
745 2559 854 2590 pane3

151 2594 240 2626 sicut
254 2601 291 2627 et
306 2598 572 2630 Eremicolarum
588 2599 856 2632 Christianorum

154 2646 335 2677 nonnullis.

197 2696 259 2726 139
290 2696 473 2738 Contenta]
509 2699 648 2731 Frustra
662 2699 782 2741 legunt
794 2700 858 2732 ali-

239 2747 353 2789 Delph.
367 2753 399 2780 et
418 2750 492 2784 Var.
511 2752 594 2784 Clas.

896 638 966 680 qui,
976 641 1157 669 contemtus.

940 690 1091 730 Perages]
1114 691 1185 721 Per
1207 693 1317 722 totam
1340 690 1445 722 vitam
1471 701 1603 734 pauper

896 744 931 771 et
945 750 1084 781 egenus.

940 791 978 822 Si
994 793 1094 822 virere
1106 802 1173 822 cum
1189 792 1269 822 Jove
1281 791 1397 831 tendis]
1432 792 1467 823 Si
1480 792 1604 825 Jovem

896 842 1022 873 habere
1037 842 1210 882 placatum
1228 846 1264 872 et
1281 841 1426 872 amicum
1442 842 1604 883 intendis,

897 892 1030 932 integer
1058 892 1151 931 vitae,
1182 892 1388 932 scelerisque
1413 902 1533 933 purus,
1564 900 1604 925 ac

896 952 1027 973 morum
1043 942 1237 973 sanctitate.

943 995 1005 1023 140
1027 993 1102 1022 Jam
1115 992 1222 1032 pueris
1248 992 1373 1031 pellem,
1399 990 1469 1031 ξω]
1493 992 1621 1023 Dama-

900 1042 1039 1074 tandem
1056 1042 1153 1075 Jovis
1177 1047 1214 1073 et
1240 1042 1459 1073 conscientiae
1474 1047 1604 1073 metum

901 1103 940 1124 ac
954 1093 1109 1123 stimulos
1124 1097 1385 1133 praetergressus
1401 1093 1555 1124 avaritiae
1569 1103 1605 1124 se

900 1144 1016 1183 tradit,
1029 1144 1058 1184 ej
1066 1154 1102 1174 ns
1114 1144 1224 1175 victus
1238 1143 1458 1183 argumentis
1476 1144 1606 1175 Verum

902 1193 969 1224 iter
985 1197 1160 1233 parantem
1173 1192 1214 1224 ad
1229 1192 1344 1232 Indos,
1355 1198 1390 1223 et
1405 1193 1482 1223 navi
1493 1193 1606 1233 proxi-

903 1253 992 1274 mum
1014 1244 1086 1284 jam
1116 1248 1152 1274 et
1179 1243 1375 1283 expeditum
1404 1243 1605 1284 aggreditur

901 1294 1047 1333 luxuria,
1074 1293 1229 1324 deterret
1254 1294 1466 1335 retrahitque
1495 1299 1606 1325 osten-

902 1348 977 1375 tans
994 1344 1148 1375 laborum
1174 1343 1333 1375 duritiam
1353 1348 1389 1375 et
1413 1344 1606 1386 longinquae

902 1394 1123 1434 navigationis
1138 1394 1310 1426 molestias
1326 1399 1362 1425 et
1378 1394 1544 1435 pericula.

944 1443 1073 1483 Pueris]
1094 1445 1228 1484 Legunt
1244 1444 1395 1485 quidam,
1421 1453 1497 1484 puer
1510 1444 1550 1485 is,
1574 1444 1608 1475 id

902 1499 966 1534 est,
993 1499 1030 1525 tu
1054 1495 1129 1535 jam
1157 1495 1310 1525 avaritiae
1338 1503 1454 1525 servus
1490 1495 1606 1535 pergis

902 1555 967 1586 quo
982 1546 1163 1576 vocatilla.
1209 1545 1276 1576 Sed
1292 1555 1483 1586 perperam.
1529 1546 1607 1577 Nec

903 1596 1034 1635 melius,
1058 1595 1147 1637 quod
1169 1595 1361 1636 suspicatur
1376 1605 1543 1627 nonnemo
1564 1596 1610 1626 le-

905 1645 1052 1686 gendum
1091 1649 1223 1686 postea,
1260 1648 1363 1685 aptus,
1403 1654 1478 1685 pro,
1505 1649 1607 1686 aptas.

901 1697 979 1729 Jam
1005 1695 1160 1738 profecto
1184 1696 1282 1736 nugis
1304 1704 1411 1736 nugas
1432 1700 1535 1726 suunt
1550 1706 1609 1736 ap·

902 1752 1047 1788 tantque
1070 1752 1106 1779 et
1135 1748 1264 1778 somnia
1286 1747 1435 1786 somniis,
1461 1747 1518 1788 qui
1534 1748 1607 1778 aliis

902 1798 1071 1829 insomnia
1099 1798 1276 1838 objiciunt.
1336 1797 1403 1828 Hic
1432 1806 1513 1828 sane
1540 1807 1610 1829 nou

902 1847 991 1878 bene
1020 1857 1120 1877 sanus
1164 1846 1341 1877 Marcilius
1371 1845 1542 1885 videatur,
1574 1851 1611 1877 et

902 1898 991 1928 male
1018 1896 1218 1928 Casaubono
1243 1896 1396 1926 insidiari
1422 1895 1506 1926 alias
1533 1906 1609 1936 per-

902 1947 1020 1987 spicax
1036 1950 1072 1977 et
1099 1946 1218 1985 solers,
1245 1954 1379 1985 semper
1403 1948 1517 1975 autem
1534 1955 1610 1976 eru-

903 1996 1008 2028 ditus.

947 2044 1082 2085 Pellem]
1104 2044 1274 2084 Sarcinas,
1289 2044 1474 2084 sacculum,
1491 2044 1526 2075 in
1542 2055 1609 2086 quo

905 2096 1022 2127 itineri
1062 2095 1273 2127 necessaria:
1321 2095 1376 2125 vel
1406 2104 1425 2126 e
1462 2095 1610 2136 pellibus

905 2146 1042 2178 hirsutis
1066 2151 1197 2177 vestem
1213 2146 1255 2177 ad
1281 2144 1389 2186 frigus
1407 2146 1612 2178 arcendum:

906 2197 948 2228 de
976 2207 1044 2239 qua
1068 2197 1246 2229 Juvenalis
1275 2201 1355 2227 ante
1384 2196 1509 2227 citatus
1537 2196 1610 2228 Sat.

908 2257 985 2280 xlv.
1001 2250 1074 2279 186.
1089 2249 1098 2265 ‘
1115 2248 1183 2280 Qui
1199 2250 1390 2278 summovet
1406 2247 1514 2277 Euros
1533 2246 1612 2277 Pel-

906 2298 992 2329 libus
1015 2297 1180 2328 inversis!
1226 2297 1272 2328 Et
1296 2296 1398 2328 Ovid.
1423 2296 1531 2328 Trist.
1553 2305 1611 2328 111.

907 2349 1007 2388 Eleg.
1024 2350 1077 2379 10.
1099 2348 1109 2364 ‘
1126 2347 1293 2386 Pellibus»,
1322 2353 1358 2378 et
1384 2346 1469 2378 sutis
1492 2352 1611 2378 arcent

907 2397 997 2428 mala
1012 2396 1138 2438 frigora
1158 2396 1314 2428 braccis.'

952 2447 1148 2487 Succinctus]
1159 2448 1329 2479 Collectas
1347 2451 1382 2479 et
1397 2446 1613 2488 praecinctas,

909 2508 1002 2529 more
1030 2498 1209 2537 viatorum,
1233 2498 1305 2538 jam
1334 2504 1447 2528 vestes
1471 2496 1610 2526 habens.

911 2549 1035 2581 Horat.
1048 2548 1121 2581 Sat.
1135 2558 1176 2580 11.
1189 2552 1221 2579 6.
1251 2551 1260 2566 ‘
1278 2547 1393 2578 Veluti
1415 2545 1609 2576 succinctus

911 2599 1053 2630 cursitat
1067 2599 1213 2639 hospes!

956 2649 1184 2689 OEnophorum]
1216 2649 1285 2678 Vas
1315 2644 1489 2679 vinarium.
1533 2644 1613 2674 Vox

912 2702 987 2730 tota
1010 2699 1136 2731 Graeea
1161 2703 1237 2729 est:
1269 2695 1370 2736 Οἶνος,
1391 2695 1505 2735 vinum,
1519 2692 1614 2735 φέρω,

852 2753 945 2785 Pers.
1490 2749 1524 2779 K
