<?xml version="1.0" encoding="UTF-8"?>
<!DOCTYPE html PUBLIC "-//W3C//DTD XHTML 1.0 Transitional//EN"
    "http://www.w3.org/TR/xhtml1/DTD/xhtml1-transitional.dtd">
<html xmlns="http://www.w3.org/1999/xhtml" xml:lang="en" lang="en">
 <head>
  <title>
</title>
<meta http-equiv="Content-Type" content="text/html;charset=utf-8" />
  <meta name='ocr-system' content='tesseract 3.04.00' />
  <meta name='ocr-capabilities' content='ocr_page ocr_carea ocr_par ocr_line ocrx_word'/>
</head>
<body>
  <div class='ocr_page' id='page_1' title='image "./operaomnia00persuoft_0304.png"; bbox 0 0 1888 3032; ppageno 0'>
   <div class='ocr_carea' id='block_1_1' title="bbox 199 118 1200 160">
    <p class='ocr_par' dir='ltr' id='par_1_1' title="bbox 199 118 1200 160">
     <span class='ocr_line' id='line_1_1' title="bbox 199 118 1200 160; baseline -0.008 -2"><span class='ocrx_word' id='word_1_1' title='bbox 199 118 286 160; x_wconf 72' lang='lat'><strong>292</strong></span> <span class='ocrx_word' id='word_1_2' title='bbox 632 126 723 156; x_wconf 75' lang='lat' dir='ltr'><strong>nnc</strong></span> <span class='ocrx_word' id='word_1_3' title='bbox 735 124 883 154; x_wconf 77' lang='lat' dir='ltr'><strong>ENsus</strong></span> <span class='ocrx_word' id='word_1_4' title='bbox 919 121 1200 152; x_wconf 70' lang='lat' dir='ltr'><strong>EnvrioNUM</strong></span> 
     </span>
    </p>
   </div>
   <div class='ocr_carea' id='block_1_2' title="bbox 206 214 1692 1937">
    <p class='ocr_par' dir='ltr' id='par_1_2' title="bbox 256 214 1663 325">
     <span class='ocr_line' id='line_1_2' title="bbox 256 214 1663 268; baseline -0.008 -7"><span class='ocrx_word' id='word_1_5' title='bbox 256 223 459 267; x_wconf 83' lang='lat' dir='ltr'><strong>Zechiana,</strong></span> <span class='ocrx_word' id='word_1_6' title='bbox 475 227 568 259; x_wconf 87' lang='lat' dir='ltr'><strong>teste</strong></span> <span class='ocrx_word' id='word_1_7' title='bbox 589 219 713 257; x_wconf 79' lang='lat' dir='ltr'><strong>Catal.</strong></span> <span class='ocrx_word' id='word_1_8' title='bbox 736 218 842 268; x_wconf 89' lang='lat' dir='ltr'><strong>Lips.</strong></span> <span class='ocrx_word' id='word_1_9' title='bbox 870 222 983 261; x_wconf 72' lang='lat'>1732.</span> <span class='ocrx_word' id='word_1_10' title='bbox 1008 216 1125 261; x_wconf 87' lang='lat' dir='ltr'><strong>edito,</strong></span> <span class='ocrx_word' id='word_1_11' title='bbox 1148 229 1187 266; x_wconf 87' lang='lat' dir='ltr'><strong>p.</strong></span> <span class='ocrx_word' id='word_1_12' title='bbox 1214 215 1279 261; x_wconf 84' lang='lat'><strong>61,</strong></span> <span class='ocrx_word' id='word_1_13' title='bbox 1300 228 1337 253; x_wconf 91' lang='lat' dir='ltr'><strong>n.</strong></span> <span class='ocrx_word' id='word_1_14' title='bbox 1358 221 1451 261; x_wconf 76' lang='grc'>995.</span> <span class='ocrx_word' id='word_1_15' title='bbox 1474 214 1543 252; x_wconf 85' lang='lat' dir='ltr'><strong>nisi</strong></span> <span class='ocrx_word' id='word_1_16' title='bbox 1560 227 1663 251; x_wconf 87' lang='lat' dir='ltr'><strong>men·</strong></span> 
     </span>
     <span class='ocr_line' id='line_1_3' title="bbox 259 287 517 325; baseline -0.016 0"><span class='ocrx_word' id='word_1_17' title='bbox 259 288 353 325; x_wconf 88' lang='lat' dir='ltr'><strong>dum</strong></span> <span class='ocrx_word' id='word_1_18' title='bbox 374 287 517 324; x_wconf 83' lang='lat' dir='ltr'><strong>subest.</strong></span> 
     </span>
    </p>

    <p class='ocr_par' dir='ltr' id='par_1_3' title="bbox 210 345 1234 400">
     <span class='ocr_line' id='line_1_4' title="bbox 210 345 1234 400; baseline -0.008 -11"><span class='ocrx_word' id='word_1_19' title='bbox 210 358 307 395; x_wconf 82' lang='grc'>1507</span> <span class='ocrx_word' id='word_1_20' title='bbox 339 349 544 400; x_wconf 63' lang='lat' dir='ltr'><strong>Lipsiensis</strong></span> <span class='ocrx_word' id='word_1_21' title='bbox 564 348 717 397; x_wconf 77' lang='lat' dir='ltr'><strong>&lt;Lipzk)</strong></span> <span class='ocrx_word' id='word_1_22' title='bbox 738 348 803 386; x_wconf 77' lang='lat' dir='ltr'><strong>fot.</strong></span> <span class='ocrx_word' id='word_1_23' title='bbox 825 347 990 391; x_wconf 77' lang='lat' dir='ltr'><strong>Persius,</strong></span> <span class='ocrx_word' id='word_1_24' title='bbox 1014 347 1095 383; x_wconf 88' lang='lat' dir='ltr'><strong>sine</strong></span> <span class='ocrx_word' id='word_1_25' title='bbox 1117 345 1234 382; x_wconf 84' lang='lat' dir='ltr'><strong>notis.</strong></span> 
     </span>
    </p>

    <p class='ocr_par' dir='ltr' id='par_1_4' title="bbox 206 408 1672 586">
     <span class='ocr_line' id='line_1_5' title="bbox 206 408 1667 465; baseline -0.005 -13"><span class='ocrx_word' id='word_1_26' title='bbox 206 438 258 443; x_wconf 91' lang='lat'><strong>—-</strong></span> <span class='ocrx_word' id='word_1_27' title='bbox 276 414 453 465; x_wconf 75' lang='lat' dir='ltr'><strong>Lngdun.</strong></span> <span class='ocrx_word' id='word_1_28' title='bbox 476 413 541 450; x_wconf 82' lang='lat' dir='ltr'><strong>fol.</strong></span> <span class='ocrx_word' id='word_1_29' title='bbox 566 412 657 449; x_wconf 91' lang='lat' dir='ltr'><strong>min.</strong></span> <span class='ocrx_word' id='word_1_30' title='bbox 679 427 712 449; x_wconf 90' lang='lat' dir='ltr'><strong>s.</strong></span> <span class='ocrx_word' id='word_1_31' title='bbox 729 418 765 449; x_wconf 60' lang='grc'>1.</span> <span class='ocrx_word' id='word_1_32' title='bbox 784 415 831 449; x_wconf 82' lang='grc' dir='ltr'><strong>Α.</strong></span> <span class='ocrx_word' id='word_1_33' title='bbox 853 411 971 448; x_wconf 79' lang='lat' dir='ltr'><strong>Persii</strong></span> <span class='ocrx_word' id='word_1_34' title='bbox 992 410 1187 447; x_wconf 81' lang='lat' dir='ltr'><strong>familiaris</strong></span> <span class='ocrx_word' id='word_1_35' title='bbox 1207 408 1428 459; x_wconf 81' lang='lat' dir='ltr'>explanatio</span> <span class='ocrx_word' id='word_1_36' title='bbox 1450 422 1485 444; x_wconf 92' lang='lat' dir='ltr'><strong>c.</strong></span> <span class='ocrx_word' id='word_1_37' title='bbox 1508 408 1667 458; x_wconf 80' lang='lat' dir='ltr'><strong>interpr.</strong></span> 
     </span>
     <span class='ocr_line' id='line_1_6' title="bbox 259 471 1672 527; baseline -0.006 -11"><span class='ocrx_word' id='word_1_38' title='bbox 259 481 321 516; x_wconf 90' lang='lat' dir='ltr'><strong>Jo.</strong></span> <span class='ocrx_word' id='word_1_39' title='bbox 346 478 584 521; x_wconf 78' lang='lat' dir='ltr'><strong>Britannici3</strong></span> <span class='ocrx_word' id='word_1_40' title='bbox 614 477 823 527; x_wconf 61' lang='lat' dir='ltr'><strong>praemissae</strong></span> <span class='ocrx_word' id='word_1_41' title='bbox 844 476 1021 513; x_wconf 65' lang='lat' dir='ltr'><strong>Rem-aldi</strong></span> <span class='ocrx_word' id='word_1_42' title='bbox 1054 481 1092 512; x_wconf 81' lang='lat' dir='ltr'><strong>et</strong></span> <span class='ocrx_word' id='word_1_43' title='bbox 1128 473 1302 512; x_wconf 88' lang='lat' dir='ltr'><strong>Politiani</strong></span> <span class='ocrx_word' id='word_1_44' title='bbox 1324 473 1359 509; x_wconf 88' lang='lat' dir='ltr'><strong>in</strong></span> <span class='ocrx_word' id='word_1_45' title='bbox 1382 471 1550 510; x_wconf 81' lang='lat' dir='ltr'><strong>Persium</strong></span> <span class='ocrx_word' id='word_1_46' title='bbox 1573 485 1672 522; x_wconf 79' lang='lat' dir='ltr'><strong>pra:-</strong></span> 
     </span>
     <span class='ocr_line' id='line_1_7' title="bbox 261 535 1546 586; baseline -0.006 -6"><span class='ocrx_word' id='word_1_47' title='bbox 261 543 471 586; x_wconf 83' lang='lat' dir='ltr'><strong>lectiones;</strong></span> <span class='ocrx_word' id='word_1_48' title='bbox 501 542 577 579; x_wconf 59' lang='lat' dir='ltr'><strong>sid.</strong></span> <span class='ocrx_word' id='word_1_49' title='bbox 600 542 685 578; x_wconf 91' lang='lat' dir='ltr'><strong>Cat.</strong></span> <span class='ocrx_word' id='word_1_50' title='bbox 708 540 807 577; x_wconf 87' lang='lat' dir='ltr'><strong>Bibl.</strong></span> <span class='ocrx_word' id='word_1_51' title='bbox 831 539 889 576; x_wconf 89' lang='lat' dir='ltr'><strong>Ill.</strong></span> <span class='ocrx_word' id='word_1_52' title='bbox 912 540 955 576; x_wconf 89' lang='lat' dir='ltr'><strong>L.</strong></span> <span class='ocrx_word' id='word_1_53' title='bbox 977 540 1021 576; x_wconf 81' lang='grc' dir='ltr'><strong>Β.</strong></span> <span class='ocrx_word' id='word_1_54' title='bbox 1043 539 1090 576; x_wconf 88' lang='lat' dir='ltr'><strong>de</strong></span> <span class='ocrx_word' id='word_1_55' title='bbox 1112 539 1225 576; x_wconf 79' lang='lat' dir='ltr'><strong>Zech.</strong></span> <span class='ocrx_word' id='word_1_56' title='bbox 1249 551 1287 574; x_wconf 90' lang='lat' dir='ltr'><strong>n.</strong></span> <span class='ocrx_word' id='word_1_57' title='bbox 1309 537 1401 575; x_wconf 79' lang='lat'>658.</span> <span class='ocrx_word' id='word_1_58' title='bbox 1422 550 1458 585; x_wconf 88' lang='lat' dir='ltr'><strong>p.</strong></span> <span class='ocrx_word' id='word_1_59' title='bbox 1481 535 1546 574; x_wconf 78' lang='lat'><strong>46.</strong></span> 
     </span>
    </p>

    <p class='ocr_par' dir='ltr' id='par_1_5' title="bbox 213 599 1672 715">
     <span class='ocr_line' id='line_1_8' title="bbox 213 599 1672 656; baseline -0.006 -11"><span class='ocrx_word' id='word_1_60' title='bbox 213 613 315 645; x_wconf 82' lang='lat'>1510</span> <span class='ocrx_word' id='word_1_61' title='bbox 345 607 527 656; x_wconf 80' lang='lat' dir='ltr'><strong>Lugdun.</strong></span> <span class='ocrx_word' id='word_1_62' title='bbox 559 613 597 643; x_wconf 71' lang='lat'><strong>4.</strong></span> <span class='ocrx_word' id='word_1_63' title='bbox 628 605 798 650; x_wconf 82' lang='lat' dir='ltr'>Persius,</span> <span class='ocrx_word' id='word_1_64' title='bbox 837 606 975 654; x_wconf 75' lang='lat' dir='ltr'><strong>Repet.</strong></span> <span class='ocrx_word' id='word_1_65' title='bbox 1010 605 1069 641; x_wconf 85' lang='lat' dir='ltr'><strong>ed.</strong></span> <span class='ocrx_word' id='word_1_66' title='bbox 1111 608 1224 647; x_wconf 82' lang='grc'>1507,</span> <span class='ocrx_word' id='word_1_67' title='bbox 1252 608 1349 639; x_wconf 85' lang='lat' dir='ltr'><strong>teste</strong></span> <span class='ocrx_word' id='word_1_68' title='bbox 1379 601 1515 638; x_wconf 83' lang='lat' dir='ltr'><strong>eodem</strong></span> <span class='ocrx_word' id='word_1_69' title='bbox 1547 599 1672 637; x_wconf 79' lang='lat' dir='ltr'><strong>Catat.</strong></span> 
     </span>
     <span class='ocr_line' id='line_1_9' title="bbox 263 670 411 715; baseline 0.007 -9"><span class='ocrx_word' id='word_1_70' title='bbox 263 684 302 707; x_wconf 90' lang='lat' dir='ltr'><strong>n.</strong></span> <span class='ocrx_word' id='word_1_71' title='bbox 318 670 411 715; x_wconf 81' lang='lat'>659.</span> 
     </span>
    </p>

    <p class='ocr_par' dir='ltr' id='par_1_6' title="bbox 214 726 1676 900">
     <span class='ocr_line' id='line_1_10' title="bbox 214 726 1676 781; baseline -0.006 -9"><span class='ocrx_word' id='word_1_72' title='bbox 214 740 313 773; x_wconf 90' lang='grc'>1515</span> <span class='ocrx_word' id='word_1_73' title='bbox 348 734 511 771; x_wconf 76' lang='lat' dir='ltr'><strong>Persius.</strong></span> <span class='ocrx_word' id='word_1_74' title='bbox 550 732 694 781; x_wconf 79' lang='lat' dir='ltr'>(forsan</span> <span class='ocrx_word' id='word_1_75' title='bbox 731 745 820 768; x_wconf 84' lang='lat' dir='ltr'><strong>cum</strong></span> <span class='ocrx_word' id='word_1_76' title='bbox 858 730 1015 780; x_wconf 80' lang='lat' dir='ltr'>interpr.</span> <span class='ocrx_word' id='word_1_77' title='bbox 1052 731 1114 768; x_wconf 90' lang='lat' dir='ltr'><strong>Jo.</strong></span> <span class='ocrx_word' id='word_1_78' title='bbox 1153 728 1380 773; x_wconf 72' lang='lat' dir='ltr'><strong>Britannici,</strong></span> <span class='ocrx_word' id='word_1_79' title='bbox 1420 726 1599 766; x_wconf 70' lang='lat' dir='ltr'><strong>Beroalcli</strong></span> <span class='ocrx_word' id='word_1_80' title='bbox 1635 733 1676 763; x_wconf 86' lang='lat' dir='ltr'><strong>et</strong></span> 
     </span>
     <span class='ocr_line' id='line_1_11' title="bbox 262 790 1676 847; baseline -0.005 -12"><span class='ocrx_word' id='word_1_81' title='bbox 262 797 440 836; x_wconf 87' lang='lat' dir='ltr'><strong>Politiani</strong></span> <span class='ocrx_word' id='word_1_82' title='bbox 467 797 656 847; x_wconf 82' lang='lat' dir='ltr'><strong>praeleett.</strong></span> <span class='ocrx_word' id='word_1_83' title='bbox 683 802 721 833; x_wconf 88' lang='lat' dir='ltr'><strong>et</strong></span> <span class='ocrx_word' id='word_1_84' title='bbox 741 795 925 845; x_wconf 87' lang='lat' dir='ltr'><strong>impressa</strong></span> <span class='ocrx_word' id='word_1_85' title='bbox 944 807 1015 844; x_wconf 89' lang='lat' dir='ltr'><strong>per</strong></span> <span class='ocrx_word' id='word_1_86' title='bbox 1033 794 1069 831; x_wconf 91' lang='lat' dir='ltr'><strong>J.</strong></span> <span class='ocrx_word' id='word_1_87' title='bbox 1092 796 1139 830; x_wconf 84' lang='lat' dir='ltr'><strong>A.</strong></span> <span class='ocrx_word' id='word_1_88' title='bbox 1162 793 1455 840; x_wconf 83' lang='lat' dir='ltr'><strong>Scinzenzeler.)</strong></span> <span class='ocrx_word' id='word_1_89' title='bbox 1502 794 1618 829; x_wconf 80' lang='lat' dir='ltr'>Extat</span> <span class='ocrx_word' id='word_1_90' title='bbox 1639 790 1676 827; x_wconf 90' lang='lat' dir='ltr'><strong>in</strong></span> 
     </span>
     <span class='ocr_line' id='line_1_12' title="bbox 266 857 1303 900; baseline -0.007 0"><span class='ocrx_word' id='word_1_91' title='bbox 266 862 365 900; x_wconf 80' lang='lat' dir='ltr'><strong>Bibl.</strong></span> <span class='ocrx_word' id='word_1_92' title='bbox 388 861 567 899; x_wconf 78' lang='lat' dir='ltr'><strong>Francos.</strong></span> <span class='ocrx_word' id='word_1_93' title='bbox 588 860 637 898; x_wconf 89' lang='lat' dir='ltr'><strong>ad</strong></span> <span class='ocrx_word' id='word_1_94' title='bbox 660 861 716 897; x_wconf 86' lang='lat' dir='ltr'><strong>M.</strong></span> <span class='ocrx_word' id='word_1_95' title='bbox 732 867 828 897; x_wconf 82' lang='lat' dir='ltr'><strong>teste</strong></span> <span class='ocrx_word' id='word_1_96' title='bbox 849 859 974 897; x_wconf 79' lang='lat' dir='ltr'><strong>Catal.</strong></span> <span class='ocrx_word' id='word_1_97' title='bbox 995 859 1056 896; x_wconf 91' lang='lat' dir='ltr'><strong>Jo.</strong></span> <span class='ocrx_word' id='word_1_98' title='bbox 1072 860 1156 896; x_wconf 82' lang='lat' dir='ltr'><strong>Jac.</strong></span> <span class='ocrx_word' id='word_1_99' title='bbox 1178 857 1303 895; x_wconf 89' lang='lat' dir='ltr'><strong>Lucii.</strong></span> 
     </span>
    </p>

    <p class='ocr_par' dir='ltr' id='par_1_7' title="bbox 211 916 1680 976">
     <span class='ocr_line' id='line_1_13' title="bbox 211 916 1680 976; baseline -0.007 -11"><span class='ocrx_word' id='word_1_100' title='bbox 211 950 264 955; x_wconf 91' lang='lat'><strong>——</strong></span> <span class='ocrx_word' id='word_1_101' title='bbox 285 925 578 976; x_wconf 71' lang='lat' dir='ltr'><strong>Lips.(Liptzk)</strong></span> <span class='ocrx_word' id='word_1_102' title='bbox 597 931 634 962; x_wconf 78' lang='lat'><strong>4.</strong></span> <span class='ocrx_word' id='word_1_103' title='bbox 656 923 823 962; x_wconf 60' lang='lat' dir='ltr'><strong>Persius.</strong></span> <span class='ocrx_word' id='word_1_104' title='bbox 856 922 944 960; x_wconf 87' lang='lat' dir='ltr'><strong>Vid.</strong></span> <span class='ocrx_word' id='word_1_105' title='bbox 966 922 1015 959; x_wconf 88' lang='lat' dir='ltr'><strong>ill.</strong></span> <span class='ocrx_word' id='word_1_106' title='bbox 1039 922 1167 959; x_wconf 85' lang='lat' dir='ltr'><strong>Zechii</strong></span> <span class='ocrx_word' id='word_1_107' title='bbox 1189 921 1293 958; x_wconf 84' lang='lat' dir='ltr'><strong>Bibl.</strong></span> <span class='ocrx_word' id='word_1_108' title='bbox 1315 921 1402 958; x_wconf 89' lang='lat' dir='ltr'><strong>Cat.</strong></span> <span class='ocrx_word' id='word_1_109' title='bbox 1423 919 1448 956; x_wconf 94' lang='lat' dir='ltr'><strong>l.</strong></span> <span class='ocrx_word' id='word_1_110' title='bbox 1466 932 1500 956; x_wconf 89' lang='lat' dir='ltr'><strong>c.</strong></span> <span class='ocrx_word' id='word_1_111' title='bbox 1523 932 1562 955; x_wconf 86' lang='lat' dir='ltr'><strong>n.</strong></span> <span class='ocrx_word' id='word_1_112' title='bbox 1584 916 1680 957; x_wconf 87' lang='lat'><strong>660.</strong></span> 
     </span>
    </p>

    <p class='ocr_par' dir='ltr' id='par_1_8' title="bbox 217 984 1685 1541">
     <span class='ocr_line' id='line_1_14' title="bbox 217 984 1683 1038; baseline -0.007 -10"><span class='ocrx_word' id='word_1_113' title='bbox 217 990 318 1030; x_wconf 85' lang='lat'>1516</span> <span class='ocrx_word' id='word_1_114' title='bbox 347 991 506 1034; x_wconf 82' lang='lat' dir='ltr'><strong>veneta,</strong></span> <span class='ocrx_word' id='word_1_115' title='bbox 529 989 595 1026; x_wconf 85' lang='lat' dir='ltr'><strong>fol.</strong></span> <span class='ocrx_word' id='word_1_116' title='bbox 614 987 959 1038; x_wconf 80' lang='lat' dir='ltr'><strong>Castigatissimum</strong></span> <span class='ocrx_word' id='word_1_117' title='bbox 981 986 1099 1024; x_wconf 84' lang='lat' dir='ltr'><strong>Persii</strong></span> <span class='ocrx_word' id='word_1_118' title='bbox 1125 990 1287 1036; x_wconf 76' lang='lat' dir='ltr'><strong>poema:</strong></span> <span class='ocrx_word' id='word_1_119' title='bbox 1319 998 1408 1022; x_wconf 88' lang='lat' dir='ltr'><strong>cum</strong></span> <span class='ocrx_word' id='word_1_120' title='bbox 1436 984 1548 1021; x_wconf 87' lang='lat' dir='ltr'><strong>Joan.</strong></span> <span class='ocrx_word' id='word_1_121' title='bbox 1575 984 1683 1032; x_wconf 86' lang='lat' dir='ltr'><strong>Bap-</strong></span> 
     </span>
     <span class='ocr_line' id='line_1_15' title="bbox 269 1046 1680 1103; baseline -0.006 -11"><span class='ocrx_word' id='word_1_122' title='bbox 269 1055 369 1092; x_wconf 74' lang='lat' dir='ltr'><strong>tistae</strong></span> <span class='ocrx_word' id='word_1_123' title='bbox 402 1053 543 1092; x_wconf 82' lang='lat' dir='ltr'><strong>Plautii</strong></span> <span class='ocrx_word' id='word_1_124' title='bbox 573 1053 755 1103; x_wconf 82' lang='lat' dir='ltr'><strong>frugifera</strong></span> <span class='ocrx_word' id='word_1_125' title='bbox 789 1052 1130 1102; x_wconf 68' lang='lat' dir='ltr'><strong>interpretatione:</strong></span> <span class='ocrx_word' id='word_1_126' title='bbox 1173 1064 1244 1088; x_wconf 87' lang='lat' dir='ltr'><strong>nec</strong></span> <span class='ocrx_word' id='word_1_127' title='bbox 1277 1063 1354 1087; x_wconf 88' lang='lat' dir='ltr'><strong>non</strong></span> <span class='ocrx_word' id='word_1_128' title='bbox 1391 1062 1478 1086; x_wconf 85' lang='lat' dir='ltr'><strong>cum</strong></span> <span class='ocrx_word' id='word_1_129' title='bbox 1518 1046 1680 1086; x_wconf 83' lang='lat' dir='ltr'><strong>Cornuti</strong></span> 
     </span>
     <span class='ocr_line' id='line_1_16' title="bbox 270 1112 1681 1169; baseline -0.006 -13"><span class='ocrx_word' id='word_1_130' title='bbox 270 1118 493 1169; x_wconf 78' lang='lat' dir='ltr'><strong>philosophi</strong></span> <span class='ocrx_word' id='word_1_131' title='bbox 526 1118 612 1167; x_wconf 81' lang='lat' dir='ltr'><strong>ejus</strong></span> <span class='ocrx_word' id='word_1_132' title='bbox 648 1116 927 1166; x_wconf 70' lang='lat' dir='ltr'><strong>praeceptoris:</strong></span> <span class='ocrx_word' id='word_1_133' title='bbox 969 1116 1127 1153; x_wconf 83' lang='lat' dir='ltr'><strong>Joannis</strong></span> <span class='ocrx_word' id='word_1_134' title='bbox 1164 1114 1375 1152; x_wconf 77' lang='lat' dir='ltr'><strong>Britannici</strong></span> <span class='ocrx_word' id='word_1_135' title='bbox 1412 1112 1603 1152; x_wconf 78' lang='lat' dir='ltr'><strong>Brixiani:</strong></span> <span class='ocrx_word' id='word_1_136' title='bbox 1634 1125 1681 1149; x_wconf 88' lang='lat' dir='ltr'><strong>ac</strong></span> 
     </span>
     <span class='ocr_line' id='line_1_17' title="bbox 273 1178 1681 1228; baseline -0.005 -8"><span class='ocrx_word' id='word_1_137' title='bbox 273 1182 534 1221; x_wconf 84' lang='lat' dir='ltr'><strong>Bartholomei</strong></span> <span class='ocrx_word' id='word_1_138' title='bbox 561 1181 685 1219; x_wconf 76' lang='lat' dir='ltr'><strong>Pontii</strong></span> <span class='ocrx_word' id='word_1_139' title='bbox 719 1181 846 1218; x_wconf 88' lang='lat' dir='ltr'><strong>aureis</strong></span> <span class='ocrx_word' id='word_1_140' title='bbox 877 1180 1175 1218; x_wconf 80' lang='lat' dir='ltr'><strong>commentariis.</strong></span> <span class='ocrx_word' id='word_1_141' title='bbox 1227 1178 1382 1216; x_wconf 85' lang='lat' dir='ltr'><strong>Infine:</strong></span> <span class='ocrx_word' id='word_1_142' title='bbox 1420 1179 1681 1228; x_wconf 86' lang='lat' dir='ltr'><strong>‘Impressum</strong></span> 
     </span>
     <span class='ocr_line' id='line_1_18' title="bbox 272 1241 1685 1296; baseline -0.005 -12"><span class='ocrx_word' id='word_1_143' title='bbox 272 1246 445 1285; x_wconf 85' lang='lat' dir='ltr'><strong>Venetiis</strong></span> <span class='ocrx_word' id='word_1_144' title='bbox 476 1259 544 1296; x_wconf 88' lang='lat' dir='ltr'><strong>per</strong></span> <span class='ocrx_word' id='word_1_145' title='bbox 576 1246 763 1283; x_wconf 84' lang='lat' dir='ltr'><strong>Joannem</strong></span> <span class='ocrx_word' id='word_1_146' title='bbox 793 1245 952 1282; x_wconf 82' lang='lat' dir='ltr'><strong>rubeum</strong></span> <span class='ocrx_word' id='word_1_147' title='bbox 982 1244 1277 1281; x_wconf 75' lang='lat' dir='ltr'><strong>vercellensem.</strong></span> <span class='ocrx_word' id='word_1_148' title='bbox 1309 1245 1423 1279; x_wconf 83' lang='lat' dir='ltr'><strong>Anno</strong></span> <span class='ocrx_word' id='word_1_149' title='bbox 1443 1255 1465 1279; x_wconf 87' lang='lat' dir='ltr'><strong>a</strong></span> <span class='ocrx_word' id='word_1_150' title='bbox 1485 1241 1685 1278; x_wconf 80' lang='lat' dir='ltr'><strong>nativitate</strong></span> 
     </span>
     <span class='ocr_line' id='line_1_19' title="bbox 274 1305 1683 1357; baseline -0.005 -9"><span class='ocrx_word' id='word_1_151' title='bbox 274 1311 432 1349; x_wconf 88' lang='lat' dir='ltr'><strong>Domini</strong></span> <span class='ocrx_word' id='word_1_152' title='bbox 468 1320 637 1347; x_wconf 76' lang='lat' dir='ltr'><strong>MDXVI.</strong></span> <span class='ocrx_word' id='word_1_153' title='bbox 659 1308 720 1346; x_wconf 81' lang='lat' dir='ltr'><strong>die</strong></span> <span class='ocrx_word' id='word_1_154' title='bbox 749 1322 839 1346; x_wconf 89' lang='lat' dir='ltr'><strong>vero</strong></span> <span class='ocrx_word' id='word_1_155' title='bbox 859 1319 969 1346; x_wconf 80' lang='lat' dir='ltr'>xxv.</span> <span class='ocrx_word' id='word_1_156' title='bbox 991 1308 1134 1345; x_wconf 77' lang='lat' dir='ltr'><strong>Mensis</strong></span> <span class='ocrx_word' id='word_1_157' title='bbox 1155 1308 1298 1357; x_wconf 81' lang='lat' dir='ltr'><strong>Aprilis</strong></span> <span class='ocrx_word' id='word_1_158' title='bbox 1318 1308 1517 1356; x_wconf 82' lang='lat' dir='ltr'><strong>Regnante</strong></span> <span class='ocrx_word' id='word_1_159' title='bbox 1536 1305 1683 1356; x_wconf 80' lang='lat' dir='ltr'><strong>inclyto</strong></span> 
     </span>
     <span class='ocr_line' id='line_1_20' title="bbox 273 1369 1682 1424; baseline -0.004 -12"><span class='ocrx_word' id='word_1_160' title='bbox 273 1389 317 1413; x_wconf 88' lang='lat' dir='ltr'><strong>ac</strong></span> <span class='ocrx_word' id='word_1_161' title='bbox 356 1374 596 1412; x_wconf 80' lang='lat' dir='ltr'><strong>soeticissimo</strong></span> <span class='ocrx_word' id='word_1_162' title='bbox 634 1373 808 1424; x_wconf 84' lang='lat' dir='ltr'><strong>principe</strong></span> <span class='ocrx_word' id='word_1_163' title='bbox 856 1372 1061 1410; x_wconf 87' lang='lat' dir='ltr'><strong>Leonardo</strong></span> <span class='ocrx_word' id='word_1_164' title='bbox 1109 1369 1483 1409; x_wconf 87' lang='lat' dir='ltr'><strong>Lauredano.&#39;-—-Sic</strong></span> <span class='ocrx_word' id='word_1_165' title='bbox 1530 1369 1682 1406; x_wconf 88' lang='lat' dir='ltr'><strong>titulum</strong></span> 
     </span>
     <span class='ocr_line' id='line_1_21' title="bbox 275 1431 1685 1488; baseline -0.005 -12"><span class='ocrx_word' id='word_1_166' title='bbox 275 1439 388 1477; x_wconf 87' lang='lat' dir='ltr'><strong>nobis</strong></span> <span class='ocrx_word' id='word_1_167' title='bbox 409 1439 651 1488; x_wconf 83' lang='lat' dir='ltr'><strong>descriptum</strong></span> <span class='ocrx_word' id='word_1_168' title='bbox 673 1436 976 1475; x_wconf 85' lang='lat' dir='ltr'><strong>communicavit</strong></span> <span class='ocrx_word' id='word_1_169' title='bbox 1010 1435 1065 1473; x_wconf 80' lang='lat' dir='ltr'><strong>vir</strong></span> <span class='ocrx_word' id='word_1_170' title='bbox 1097 1434 1394 1472; x_wconf 88' lang='lat' dir='ltr'><strong>humanissimus</strong></span> <span class='ocrx_word' id='word_1_171' title='bbox 1416 1435 1518 1483; x_wconf 79' lang='lat' dir='ltr'><strong>Aug.</strong></span> <span class='ocrx_word' id='word_1_172' title='bbox 1541 1431 1685 1470; x_wconf 81' lang='lat' dir='ltr'><strong>Christ.</strong></span> 
     </span>
     <span class='ocr_line' id='line_1_22' title="bbox 276 1503 472 1541; baseline -0.01 0"><span class='ocrx_word' id='word_1_173' title='bbox 276 1503 472 1541; x_wconf 84' lang='lat' dir='ltr'><strong>Borheck.</strong></span> 
     </span>
    </p>

    <p class='ocr_par' dir='ltr' id='par_1_9' title="bbox 222 1561 1688 1678">
     <span class='ocr_line' id='line_1_23' title="bbox 222 1561 1688 1615; baseline -0.005 -10"><span class='ocrx_word' id='word_1_174' title='bbox 222 1591 276 1597; x_wconf 92' lang='lat'><strong>-—</strong></span> <span class='ocrx_word' id='word_1_175' title='bbox 297 1567 530 1611; x_wconf 70' lang='lat' dir='ltr'><strong>Daventriae,</strong></span> <span class='ocrx_word' id='word_1_176' title='bbox 553 1572 590 1604; x_wconf 81' lang='lat'><strong>4.</strong></span> <span class='ocrx_word' id='word_1_177' title='bbox 618 1566 768 1603; x_wconf 77' lang='lat' dir='ltr'><strong>Persius</strong></span> <span class='ocrx_word' id='word_1_178' title='bbox 799 1578 885 1603; x_wconf 90' lang='lat' dir='ltr'><strong>cum</strong></span> <span class='ocrx_word' id='word_1_179' title='bbox 919 1564 1108 1615; x_wconf 80' lang='lat' dir='ltr'><strong>Ecphrasi</strong></span> <span class='ocrx_word' id='word_1_180' title='bbox 1128 1571 1166 1601; x_wconf 87' lang='lat' dir='ltr'><strong>et</strong></span> <span class='ocrx_word' id='word_1_181' title='bbox 1187 1562 1351 1601; x_wconf 88' lang='lat' dir='ltr'><strong>Scholiis</strong></span> <span class='ocrx_word' id='word_1_182' title='bbox 1380 1563 1442 1600; x_wconf 88' lang='lat' dir='ltr'><strong>Jo.</strong></span> <span class='ocrx_word' id='word_1_183' title='bbox 1463 1561 1688 1599; x_wconf 89' lang='lat' dir='ltr'><strong>Mnrmellii.</strong></span> 
     </span>
     <span class='ocr_line' id='line_1_24' title="bbox 277 1625 1687 1678; baseline -0.005 -9"><span class='ocrx_word' id='word_1_184' title='bbox 277 1632 367 1669; x_wconf 76' lang='lat' dir='ltr'>vid.</span> <span class='ocrx_word' id='word_1_185' title='bbox 390 1633 476 1669; x_wconf 87' lang='lat' dir='ltr'><strong>Cat.</strong></span> <span class='ocrx_word' id='word_1_186' title='bbox 499 1630 603 1668; x_wconf 89' lang='lat' dir='ltr'><strong>Bibl.</strong></span> <span class='ocrx_word' id='word_1_187' title='bbox 623 1630 741 1667; x_wconf 80' lang='lat' dir='ltr'><strong>Zech.</strong></span> <span class='ocrx_word' id='word_1_188' title='bbox 776 1643 816 1667; x_wconf 82' lang='lat' dir='ltr'><strong>n.</strong></span> <span class='ocrx_word' id='word_1_189' title='bbox 845 1628 938 1668; x_wconf 82' lang='lat'>661.</span> <span class='ocrx_word' id='word_1_190' title='bbox 959 1630 1037 1678; x_wconf 81' lang='lat' dir='ltr'><strong>(Jo.</strong></span> <span class='ocrx_word' id='word_1_191' title='bbox 1059 1628 1304 1665; x_wconf 86' lang='lat' dir='ltr'><strong>Murmellius</strong></span> <span class='ocrx_word' id='word_1_192' title='bbox 1337 1626 1434 1663; x_wconf 84' lang='lat' dir='ltr'><strong>obiit</strong></span> <span class='ocrx_word' id='word_1_193' title='bbox 1466 1625 1687 1663; x_wconf 87' lang='lat' dir='ltr'><strong>Daventriae</strong></span> 
     </span>
    </p>

    <p class='ocr_par' dir='ltr' id='par_1_10' title="bbox 288 1697 420 1740">
     <span class='ocr_line' id='line_1_25' title="bbox 288 1697 420 1740; baseline -0.008 -8"><span class='ocrx_word' id='word_1_194' title='bbox 288 1697 420 1740; x_wconf 70' lang='lat'><strong>1527.)</strong></span> 
     </span>
    </p>

    <p class='ocr_par' dir='ltr' id='par_1_11' title="bbox 233 1753 1692 1937">
     <span class='ocr_line' id='line_1_26' title="bbox 233 1753 1692 1802; baseline -0.004 -6"><span class='ocrx_word' id='word_1_195' title='bbox 233 1764 332 1802; x_wconf 92' lang='grc'>1517</span> <span class='ocrx_word' id='word_1_196' title='bbox 365 1757 555 1802; x_wconf 68' lang='lat' dir='ltr'><strong>Coloniae,</strong></span> <span class='ocrx_word' id='word_1_197' title='bbox 585 1763 609 1794; x_wconf 75' lang='lat'>4</span> <span class='ocrx_word' id='word_1_198' title='bbox 636 1757 727 1794; x_wconf 87' lang='lat' dir='ltr'><strong>min.</strong></span> <span class='ocrx_word' id='word_1_199' title='bbox 767 1757 881 1793; x_wconf 81' lang='lat' dir='ltr'><strong>Nova</strong></span> <span class='ocrx_word' id='word_1_200' title='bbox 907 1755 1183 1793; x_wconf 84' lang='lat' dir='ltr'><strong>commentaria</strong></span> <span class='ocrx_word' id='word_1_201' title='bbox 1215 1754 1251 1791; x_wconf 90' lang='lat' dir='ltr'><strong>in</strong></span> <span class='ocrx_word' id='word_1_202' title='bbox 1286 1753 1472 1792; x_wconf 82' lang='lat' dir='ltr'><strong>Persium.</strong></span> <span class='ocrx_word' id='word_1_203' title='bbox 1493 1756 1541 1793; x_wconf 92' lang='lat' dir='ltr'><strong>A.</strong></span> <span class='ocrx_word' id='word_1_204' title='bbox 1572 1753 1692 1792; x_wconf 87' lang='lat' dir='ltr'><strong>Persii</strong></span> 
     </span>
     <span class='ocr_line' id='line_1_27' title="bbox 282 1818 1688 1872; baseline -0.001 -12"><span class='ocrx_word' id='word_1_205' title='bbox 282 1822 410 1861; x_wconf 79' lang='lat' dir='ltr'><strong>Flacci</strong></span> <span class='ocrx_word' id='word_1_206' title='bbox 433 1824 582 1872; x_wconf 51' lang='lat' dir='ltr'><strong>satyrae</strong></span> <span class='ocrx_word' id='word_1_207' title='bbox 603 1821 878 1870; x_wconf 83' lang='lat' dir='ltr'><strong>complusculis</strong></span> <span class='ocrx_word' id='word_1_208' title='bbox 899 1820 1041 1869; x_wconf 85' lang='lat' dir='ltr'><strong>quibus</strong></span> <span class='ocrx_word' id='word_1_209' title='bbox 1062 1819 1264 1856; x_wconf 83' lang='lat' dir='ltr'><strong>scatebant</strong></span> <span class='ocrx_word' id='word_1_210' title='bbox 1280 1818 1425 1856; x_wconf 86' lang='lat' dir='ltr'><strong>mendis</strong></span> <span class='ocrx_word' id='word_1_211' title='bbox 1446 1826 1688 1870; x_wconf 82' lang='lat' dir='ltr'><strong>repurgatae:</strong></span> 
     </span>
     <span class='ocr_line' id='line_1_28' title="bbox 283 1883 1598 1937; baseline -0.002 -12"><span class='ocrx_word' id='word_1_212' title='bbox 283 1901 374 1926; x_wconf 86' lang='lat' dir='ltr'><strong>cum</strong></span> <span class='ocrx_word' id='word_1_213' title='bbox 395 1885 583 1937; x_wconf 87' lang='lat' dir='ltr'><strong>Ecphrasi</strong></span> <span class='ocrx_word' id='word_1_214' title='bbox 601 1892 640 1923; x_wconf 86' lang='lat' dir='ltr'><strong>et</strong></span> <span class='ocrx_word' id='word_1_215' title='bbox 659 1885 822 1923; x_wconf 87' lang='lat' dir='ltr'><strong>Scholiis</strong></span> <span class='ocrx_word' id='word_1_216' title='bbox 836 1885 998 1923; x_wconf 87' lang='lat' dir='ltr'><strong>Joannis</strong></span> <span class='ocrx_word' id='word_1_217' title='bbox 1021 1883 1228 1921; x_wconf 85' lang='lat' dir='ltr'><strong>Murmellii</strong></span> <span class='ocrx_word' id='word_1_218' title='bbox 1250 1883 1598 1922; x_wconf 72' lang='lat' dir='ltr'><strong>sturemundeusis:</strong></span> 
     </span>
    </p>
   </div>
   <div class='ocr_carea' id='block_1_3' title="bbox 821 1971 1109 2008">
    <p class='ocr_par' dir='ltr' id='par_1_12' title="bbox 821 1971 1109 2008">
     <span class='ocr_line' id='line_1_29' title="bbox 821 1971 1109 2008; baseline -0.003 0"><span class='ocrx_word' id='word_1_219' title='bbox 821 1971 1109 2008; x_wconf 72' lang='lat' dir='ltr'><strong>MARTIALls.</strong></span> 
     </span>
    </p>
   </div>
   <div class='ocr_carea' id='block_1_4' title="bbox 446 2057 1360 2171">
    <p class='ocr_par' dir='ltr' id='par_1_13' title="bbox 446 2057 1360 2171">
     <span class='ocr_line' id='line_1_30' title="bbox 446 2057 1283 2107; baseline -0.004 -12"><span class='ocrx_word' id='word_1_220' title='bbox 446 2058 586 2107; x_wconf 84' lang='lat' dir='ltr'><strong>Sepius</strong></span> <span class='ocrx_word' id='word_1_221' title='bbox 607 2057 643 2094; x_wconf 93' lang='lat' dir='ltr'><strong>in</strong></span> <span class='ocrx_word' id='word_1_222' title='bbox 666 2057 764 2094; x_wconf 81' lang='lat' dir='ltr'><strong>libro</strong></span> <span class='ocrx_word' id='word_1_223' title='bbox 783 2064 1017 2095; x_wconf 86' lang='lat' dir='ltr'><strong>memoratur</strong></span> <span class='ocrx_word' id='word_1_224' title='bbox 1035 2057 1186 2094; x_wconf 81' lang='lat' dir='ltr'><strong>Persius</strong></span> <span class='ocrx_word' id='word_1_225' title='bbox 1207 2069 1283 2093; x_wconf 89' lang='lat' dir='ltr'><strong>uno</strong></span> 
     </span>
     <span class='ocr_line' id='line_1_31' title="bbox 502 2119 1360 2171; baseline -0.001 -13"><span class='ocrx_word' id='word_1_226' title='bbox 502 2122 629 2165; x_wconf 82' lang='lat' dir='ltr'><strong>Quam</strong></span> <span class='ocrx_word' id='word_1_227' title='bbox 649 2128 755 2158; x_wconf 87' lang='lat' dir='ltr'><strong>totus</strong></span> <span class='ocrx_word' id='word_1_228' title='bbox 776 2134 912 2171; x_wconf 82' lang='lat' dir='ltr'><strong>magna</strong></span> <span class='ocrx_word' id='word_1_229' title='bbox 936 2122 1087 2157; x_wconf 84' lang='lat' dir='ltr'><strong>Marsus</strong></span> <span class='ocrx_word' id='word_1_230' title='bbox 1108 2119 1360 2157; x_wconf 82' lang='lat' dir='ltr'><strong>Amazonide.</strong></span> 
     </span>
    </p>
   </div>
   <div class='ocr_carea' id='block_1_5' title="bbox 242 2194 1699 2694">
    <p class='ocr_par' dir='ltr' id='par_1_14' title="bbox 242 2194 1699 2694">
     <span class='ocr_line' id='line_1_32' title="bbox 290 2194 1695 2246; baseline -0.004 -9"><span class='ocrx_word' id='word_1_231' title='bbox 290 2200 335 2237; x_wconf 89' lang='lat' dir='ltr'><strong>ln</strong></span> <span class='ocrx_word' id='word_1_232' title='bbox 356 2197 456 2235; x_wconf 85' lang='lat' dir='ltr'><strong>fine:</strong></span> <span class='ocrx_word' id='word_1_233' title='bbox 491 2201 502 2217; x_wconf 95' lang='lat'>‘</span> <span class='ocrx_word' id='word_1_234' title='bbox 524 2197 757 2246; x_wconf 78' lang='lat' dir='ltr'><strong>Inipressnm</strong></span> <span class='ocrx_word' id='word_1_235' title='bbox 778 2196 938 2233; x_wconf 89' lang='lat' dir='ltr'><strong>Colonie</strong></span> <span class='ocrx_word' id='word_1_236' title='bbox 954 2195 989 2232; x_wconf 89' lang='lat' dir='ltr'><strong>in</strong></span> <span class='ocrx_word' id='word_1_237' title='bbox 1006 2194 1159 2239; x_wconf 81' lang='lat' dir='ltr'><strong>officina</strong></span> <span class='ocrx_word' id='word_1_238' title='bbox 1180 2194 1336 2232; x_wconf 80' lang='lat' dir='ltr'><strong>libraria</strong></span> <span class='ocrx_word' id='word_1_239' title='bbox 1357 2195 1552 2238; x_wconf 82' lang='lat' dir='ltr'><strong>Quentell.</strong></span> <span class='ocrx_word' id='word_1_240' title='bbox 1585 2197 1695 2232; x_wconf 80' lang='lat' dir='ltr'><strong>Anno</strong></span> 
     </span>
     <span class='ocr_line' id='line_1_33' title="bbox 291 2257 1696 2309; baseline -0.003 -9"><span class='ocrx_word' id='word_1_241' title='bbox 291 2261 449 2300; x_wconf 89' lang='lat' dir='ltr'><strong>Domini</strong></span> <span class='ocrx_word' id='word_1_242' title='bbox 482 2272 517 2299; x_wconf 84' lang='lat' dir='ltr'>M</span> <span class='ocrx_word' id='word_1_243' title='bbox 527 2271 675 2298; x_wconf 79' lang='lat' dir='ltr'><strong>DXVlI.</strong></span> <span class='ocrx_word' id='word_1_244' title='bbox 710 2259 746 2296; x_wconf 88' lang='lat' dir='ltr'><strong>in</strong></span> <span class='ocrx_word' id='word_1_245' title='bbox 777 2259 1027 2309; x_wconf 87' lang='lat' dir='ltr'><strong>Septembri.&#39;</strong></span> <span class='ocrx_word' id='word_1_246' title='bbox 1084 2257 1212 2306; x_wconf 89' lang='lat' dir='ltr'><strong>Hujus</strong></span> <span class='ocrx_word' id='word_1_247' title='bbox 1246 2259 1308 2296; x_wconf 85' lang='lat' dir='ltr'><strong>ed.</strong></span> <span class='ocrx_word' id='word_1_248' title='bbox 1339 2257 1491 2294; x_wconf 86' lang='lat' dir='ltr'><strong>rarioris</strong></span> <span class='ocrx_word' id='word_1_249' title='bbox 1525 2258 1696 2296; x_wconf 82' lang='lat' dir='ltr'><strong>notitiam</strong></span> 
     </span>
     <span class='ocr_line' id='line_1_34' title="bbox 243 2320 1215 2364; baseline -0.006 1"><span class='ocrx_word' id='word_1_250' title='bbox 243 2320 246 2323; x_wconf 37' lang='lat'><em>¹</em></span> <span class='ocrx_word' id='word_1_251' title='bbox 291 2327 479 2364; x_wconf 85' lang='lat' dir='ltr'><strong>debemus</strong></span> <span class='ocrx_word' id='word_1_252' title='bbox 501 2325 580 2362; x_wconf 84' lang='lat' dir='ltr'><strong>viro</strong></span> <span class='ocrx_word' id='word_1_253' title='bbox 607 2324 864 2361; x_wconf 87' lang='lat' dir='ltr'><strong>literatissimo</strong></span> <span class='ocrx_word' id='word_1_254' title='bbox 884 2325 931 2361; x_wconf 79' lang='lat' dir='ltr'><strong>A.</strong></span> <span class='ocrx_word' id='word_1_255' title='bbox 952 2324 998 2361; x_wconf 91' lang='lat' dir='ltr'><strong>C.</strong></span> <span class='ocrx_word' id='word_1_256' title='bbox 1019 2323 1215 2361; x_wconf 83' lang='lat' dir='ltr'><strong>Borheck.</strong></span> 
     </span>
     <span class='ocr_line' id='line_1_35' title="bbox 242 2384 1697 2437; baseline -0.005 -7"><span class='ocrx_word' id='word_1_257' title='bbox 242 2395 345 2430; x_wconf 76' lang='lat'>1520</span> <span class='ocrx_word' id='word_1_258' title='bbox 364 2389 482 2426; x_wconf 84' lang='lat' dir='ltr'><strong>Paris.</strong></span> <span class='ocrx_word' id='word_1_259' title='bbox 505 2395 542 2426; x_wconf 82' lang='lat'><strong>4.</strong></span> <span class='ocrx_word' id='word_1_260' title='bbox 557 2388 711 2426; x_wconf 82' lang='lat' dir='ltr'><strong>Persius</strong></span> <span class='ocrx_word' id='word_1_261' title='bbox 731 2402 766 2425; x_wconf 86' lang='lat' dir='ltr'><strong>c.</strong></span> <span class='ocrx_word' id='word_1_262' title='bbox 785 2387 945 2437; x_wconf 88' lang='lat' dir='ltr'><strong>interpr.</strong></span> <span class='ocrx_word' id='word_1_263' title='bbox 966 2387 1027 2424; x_wconf 92' lang='lat' dir='ltr'><strong>Jo.</strong></span> <span class='ocrx_word' id='word_1_264' title='bbox 1048 2384 1271 2423; x_wconf 83' lang='lat' dir='ltr'><strong>Britannici.</strong></span> <span class='ocrx_word' id='word_1_265' title='bbox 1295 2384 1524 2422; x_wconf 86' lang='lat' dir='ltr'><strong>Bibl.Zeeh.</strong></span> <span class='ocrx_word' id='word_1_266' title='bbox 1545 2397 1583 2421; x_wconf 91' lang='lat' dir='ltr'><strong>n.</strong></span> <span class='ocrx_word' id='word_1_267' title='bbox 1604 2384 1697 2423; x_wconf 68' lang='lat'><strong>662.</strong></span> 
     </span>
     <span class='ocr_line' id='line_1_36' title="bbox 245 2448 1699 2499; baseline -0.005 -6"><span class='ocrx_word' id='word_1_268' title='bbox 245 2459 344 2493; x_wconf 76' lang='lat'>1522</span> <span class='ocrx_word' id='word_1_269' title='bbox 374 2452 514 2488; x_wconf 91' lang='lat' dir='ltr'><strong>Colon.</strong></span> <span class='ocrx_word' id='word_1_270' title='bbox 537 2457 574 2487; x_wconf 74' lang='lat'><strong>4.</strong></span> <span class='ocrx_word' id='word_1_271' title='bbox 594 2454 642 2487; x_wconf 84' lang='lat' dir='ltr'><strong>A.</strong></span> <span class='ocrx_word' id='word_1_272' title='bbox 663 2450 780 2487; x_wconf 87' lang='lat' dir='ltr'><strong>Persii</strong></span> <span class='ocrx_word' id='word_1_273' title='bbox 800 2449 927 2487; x_wconf 85' lang='lat' dir='ltr'><strong>Flacci</strong></span> <span class='ocrx_word' id='word_1_274' title='bbox 949 2450 1111 2499; x_wconf 81' lang='lat' dir='ltr'><strong>Satyrae,</strong></span> <span class='ocrx_word' id='word_1_275' title='bbox 1131 2448 1435 2486; x_wconf 88' lang='lat' dir='ltr'><strong>luculentissima</strong></span> <span class='ocrx_word' id='word_1_276' title='bbox 1451 2448 1641 2497; x_wconf 87' lang='lat' dir='ltr'><strong>Ecphrasi</strong></span> <span class='ocrx_word' id='word_1_277' title='bbox 1660 2456 1699 2486; x_wconf 88' lang='lat' dir='ltr'><strong>et</strong></span> 
     </span>
     <span class='ocr_line' id='line_1_37' title="bbox 296 2511 1698 2554; baseline -0.003 0"><span class='ocrx_word' id='word_1_278' title='bbox 296 2515 461 2554; x_wconf 87' lang='lat' dir='ltr'><strong>Scholiis</strong></span> <span class='ocrx_word' id='word_1_279' title='bbox 481 2513 699 2551; x_wconf 83' lang='lat' dir='ltr'><strong>doctissimi</strong></span> <span class='ocrx_word' id='word_1_280' title='bbox 721 2513 789 2549; x_wconf 90' lang='lat' dir='ltr'><strong>viri</strong></span> <span class='ocrx_word' id='word_1_281' title='bbox 807 2514 896 2550; x_wconf 83' lang='lat' dir='ltr'><strong>Joh.</strong></span> <span class='ocrx_word' id='word_1_282' title='bbox 915 2512 1123 2548; x_wconf 85' lang='lat' dir='ltr'><strong>Murmellii</strong></span> <span class='ocrx_word' id='word_1_283' title='bbox 1144 2511 1472 2548; x_wconf 62' lang='lat' dir='ltr'><strong>Ruremundensis</strong></span> <span class='ocrx_word' id='word_1_284' title='bbox 1500 2519 1698 2550; x_wconf 66' lang='lat' dir='ltr'><strong>enarratae.</strong></span> 
     </span>
     <span class='ocr_line' id='line_1_38' title="bbox 296 2574 1699 2626; baseline -0.001 -10"><span class='ocrx_word' id='word_1_285' title='bbox 296 2580 482 2616; x_wconf 80' lang='lat' dir='ltr'><strong>—Herin.</strong></span> <span class='ocrx_word' id='word_1_286' title='bbox 505 2577 662 2615; x_wconf 80' lang='lat' dir='ltr'><strong>Buschii</strong></span> <span class='ocrx_word' id='word_1_287' title='bbox 682 2576 857 2625; x_wconf 83' lang='lat' dir='ltr'><strong>epistola,</strong></span> <span class='ocrx_word' id='word_1_288' title='bbox 877 2588 952 2624; x_wconf 82' lang='lat' dir='ltr'><strong>qua</strong></span> <span class='ocrx_word' id='word_1_289' title='bbox 972 2574 1144 2612; x_wconf 85' lang='lat' dir='ltr'><strong>Persiani</strong></span> <span class='ocrx_word' id='word_1_290' title='bbox 1168 2574 1323 2622; x_wconf 80' lang='lat' dir='ltr'><strong>Prologi</strong></span> <span class='ocrx_word' id='word_1_291' title='bbox 1342 2580 1381 2611; x_wconf 88' lang='lat' dir='ltr'><strong>et</strong></span> <span class='ocrx_word' id='word_1_292' title='bbox 1400 2574 1533 2624; x_wconf 85' lang='lat' dir='ltr'><strong>primae</strong></span> <span class='ocrx_word' id='word_1_293' title='bbox 1554 2577 1699 2626; x_wconf 79' lang='lat' dir='ltr'><strong>Satyra:</strong></span> 
     </span>
     <span class='ocr_line' id='line_1_39' title="bbox 299 2638 1699 2694; baseline -0.003 -13"><span class='ocrx_word' id='word_1_294' title='bbox 299 2648 566 2694; x_wconf 82' lang='lat' dir='ltr'><strong>argumentum</strong></span> <span class='ocrx_word' id='word_1_295' title='bbox 604 2638 1008 2692; x_wconf 80' lang='lat' dir='ltr'><strong>explicatur.--Apud</strong></span> <span class='ocrx_word' id='word_1_296' title='bbox 1047 2639 1231 2676; x_wconf 83' lang='lat' dir='ltr'><strong>Sanctam</strong></span> <span class='ocrx_word' id='word_1_297' title='bbox 1267 2638 1454 2676; x_wconf 89' lang='lat' dir='ltr'><strong>Ubiorum</strong></span> <span class='ocrx_word' id='word_1_298' title='bbox 1499 2639 1699 2677; x_wconf 83' lang='lat' dir='ltr'><strong>Coloniam</strong></span> 
     </span>
    </p>
   </div>
  </div>
 </body>
</html>
