1888 3032
789 111 973 142 SATIRA
1007 113 1040 142 Ι.

1580 102 1637 145 39

170 208 280 250 Sunt
300 221 410 262 quos
432 207 743 262 Pacuviusque
763 211 806 249 et
823 221 1056 250 verrucosa
1072 211 1262 250 moretur

167 275 374 330 Antiopa,
396 275 584 316 aerumnis
606 291 674 316 cor
702 274 962 329 luctficabile
975 274 1114 331 sulca.

169 343 271 384 Hos
291 345 438 397 pueris
458 345 645 385 monitus
666 348 813 397 patres
835 343 1057 384 infundere
1083 345 1233 398 lippos

167 410 281 452 Cum
302 412 467 460 videas,
490 412 720 465 quaerisne,
738 411 854 451 unde
874 411 969 451 haec
992 417 1168 465 sartago
1187 412 1396 465 loquendi

1571 414 1630 455 80

165 478 345 520 Venerit
364 481 406 520 in
426 481 594 533 linguas
612 481 630 520 7
663 479 774 519 unde
794 479 910 519 istud
932 479 1138 529 dedecus,
1162 481 1204 520 in
1225 493 1313 533 quo

163 546 406 588 Trossulus
425 549 615 588 exsultat
634 547 712 587 tibi
732 560 810 600 per
831 547 1038 587 subsellia
1058 547 1168 587 levis
1187 548 1204 587 i

166 614 296 656 Nilne
315 615 463 668 pudet,
486 616 622 669 capiti
642 628 727 656 non
748 627 880 668 posse
898 615 1094 667 pericula
1115 628 1225 655 cano

159 756 238 795 gida
252 757 343 788 Accii
360 758 476 790 Brisei.
521 760 617 791 Modo
628 759 1004 800 reperiunt111·lion1ine5‚
1021 770 1094 800 quos
1103 760 1243 791 detineat
1261 760 1426 799 Pacuvius,
1447 763 1478 791 et
1493 760 1632 801 Antiopa

158 800 311 831 salebrosa
341 802 477 832 animum
506 803 628 833 tristem
665 803 791 834 habens
819 803 974 834 doloribus
1011 804 1173 834 obsessum.

1243 803 1494 843 Quandoquidem
1530 804 1633 834 cernis

158 846 303 882 parentes
332 844 493 884 lippientes
521 855 688 885 suggerere
711 846 776 876 hoec
802 849 957 886 praecepta
975 845 1153 885 jurem'bns,
1184 855 1316 885 rogasne
1338 847 1417 876 uncle
1431 846 1493 876 ista
1507 846 1632 877 dicendi

157 886 273 924 patella
288 887 327 916 acl
343 896 375 916 os
389 889 563 927 pervenerit
578 899 589 924 ,·
615 894 649 919 et
666 890 746 920 unde
769 889 824 919 hoc
838 889 986 929 probrum
1008 889 1123 926 veniat,
1139 889 1180 918 ud
1204 889 1283 928 quod
1310 888 1369 918 tibi
1383 888 1508 919 subsilit
1526 889 1631 929 Eques

162 928 319 960 Romanus
330 931 456 970 politus,
468 941 525 970 per
542 933 628 962 sedes
642 932 815 970 inferiores.
853 931 985 962 Nullone
996 932 1115 971 pudore
1131 931 1264 972 afficeris
1281 930 1370 971 quod
1386 941 1515 971 nequeas
1528 941 1632 962 arcere

769 1027 886 1039 eeeeee

890 1025 1005 1038 ασθαι,

159 1088 274 1124 potest
304 1094 440 1127 negare.
467 1087 728 1119 Casaubon.--S2
751 1091 869 1121 exultet
897 1090 965 1121 Ns.
997 1089 1162 1120 GaL-84
1188 1087 1279 1121 Quid
1306 1090 1408 1118 vocat
1425 1086 1561 1127 tepidum
1578 1087 1629 1117 de-

815 1184 959 1216 NOTAE

156 1255 262 1288 Accio
278 1262 393 1288 vetere
410 1258 519 1289 Poeta
533 1262 568 1290 et
582 1259 725 1290 Pacuvii
739 1264 863 1291 coaeta-

156 1316 233 1346 neo,
251 1308 350 1348 paulo
369 1312 484 1339 tamen
505 1309 656 1350 juniore,
677 1320 776 1351 quem
794 1310 863 1340 lau-

155 1357 238 1389 dant
264 1359 356 1390 Tull.
386 1370 446 1399 pro
475 1359 603 1391 Archia
635 1361 757 1392 Poeta.
789 1362 862 1391 Ma-

156 1409 250 1440 crob.
274 1411 443 1441 Saturnal.
460 1420 483 1441 1.
499 1414 530 1442 7.
556 1412 644 1442 Item
662 1422 711 1443 w.
730 1416 760 1443 1.
778 1416 809 1444 2.
827 1417 862 1444 et

154 1462 186 1489 5.
211 1460 366 1490 Valerius
386 1461 478 1492 Max.
496 1471 551 1492 111.
568 1465 599 1493 7.
618 1466 681 1493 art.
703 1465 754 1493 ll.
772 1463 861 1494 Vide

154 1515 188 1540 ct
208 1510 340 1550 Lylium
357 1511 547 1542 Giraldum.

195 1563 235 1591 77
263 1562 431 1602 Pacuvius]
482 1563 730 1603 Brundusinus,
776 1564 861 1595 anti-

152 1621 237 1652 quus
267 1612 607 1654 Ti·agoediograpliuS‚
632 1614 698 1645 imo
724 1615 860 1654 Tragoe-

153 1661 273 1692 dorum
311 1663 492 1704 Princeps,
536 1665 710 1705 aliquanto
744 1665 860 1705 junior

151 1712 290 1753 Plauto,
317 1714 414 1744 Ennii
440 1724 482 1744 ex
502 1724 616 1745 sorore
633 1724 740 1755 nepos
757 1714 860 1745 fuisse

151 1761 289 1794 dicitur.
336 1765 385 1794 M.
412 1765 552 1795 Pacuvii
570 1769 605 1796 et
626 1765 664 1796 L.
680 1764 777 1795 Accii
794 1766 860 1795 col-

151 1812 300 1853 loquium
315 1824 357 1844 ex
376 1816 552 1846 occasione
567 1814 696 1846 factum
707 1816 860 1855 Tarenti,

151 1862 226 1902 lege
244 1863 332 1903 apud
352 1864 522 1904 Agellium
542 1868 668 1895 X111.2.
683 1865 762 1895 item
778 1866 860 1896 utri-

151 1922 255 1953 usque
273 1914 382 1953 elogia
398 1914 487 1954 apud
502 1915 645 1946 Quintil.
663 1923 697 1945 x.
717 1918 745 1945 l.
762 1915 858 1945 Duo-

149 1972 221 1993 rum
247 1963 406 1994 horumce
434 1965 621 1995 Poetarum
650 1965 758 2005 stylus
785 1965 858 2006 qui-

149 2013 224 2044 dem
242 2023 342 2054 asper
364 2020 398 2045 et
417 2014 531 2052 durus,
549 2020 701 2046 attamen
718 2015 855 2046 interlu-

150 2070 208 2095 cet
225 2066 413 2097 sententiis.

198 2115 379 2155 I'errucosa]
405 2116 510 2148 Quasi
525 2117 675 2148 verrucis
691 2121 726 2148 et
744 2122 852 2149 tumo-

149 2164 242 2196 ribus
258 2175 390 2205 aspera.

191 2219 232 2246 78
255 2216 408 2257 Antiopa]
443 2217 526 2257 Lyci
542 2217 734 2248 Thebarum
750 2219 852 2259 Regis

147 2276 233 2297 uxor
249 2267 290 2297 ob
306 2267 401 2299 Jovis
428 2267 644 2298 concubitum
672 2278 691 2299 a
714 2269 785 2298 viro
801 2279 852 2300 re-

144 2317 297 2358 pudiata.
319 2318 449 2348 Titulus
467 2324 519 2348 est
531 2319 722 2359 Tragoedias
741 2319 853 2349 Pacu-

146 2368 267 2405 vianae,
298 2369 392 2409 cujus
422 2368 577 2399 meminit
599 2369 727 2399 Tullius
757 2369 853 2400 initio

146 2419 168 2450 l.
182 2429 207 2450 1.
226 2420 267 2450 dc
285 2419 437 2450 Finibus.

190 2469 461 2509 AErumnisfulta]
489 2469 526 2499 ld
552 2474 614 2508 est,
646 2471 714 2501 suis
740 2480 774 2501 se
791 2471 851 2502 mi-

146 2521 243 2551 seriis
271 2525 474 2560 sustentans,
497 2520 677 2551 indurans:
709 2522 761 2551 vel
790 2522 851 2552 cir-

145 2570 333 2601 cumcincta
349 2570 611 2602 calamitatibus.
646 2572 851 2612 Metaphora

147 2620 227 2650 satis
255 2620 353 2660 dura,
382 2631 480 2662 quam
509 2631 552 2651 ex
592 2622 665 2662 ipso
701 2623 850 2653 Pacuvio

144 2668 355 2709 depromtam
379 2670 433 2702 hic
464 2671 668 2712 reprehendi
695 2672 849 2703 nonnulli

921 1262 1118 1290 antumant:
1147 1259 1235 1290 sicut
1264 1263 1301 1290 et
1323 1268 1454 1299 vocem,
1480 1258 1630 1300 luctifica-

918 1310 990 1341 bile.

961 1363 1002 1391 79
1026 1360 1096 1390 Hos
1114 1360 1223 1401 pueris
1237 1359 1386 1399 monitus]
1426 1359 1573 1401 Nempe,
1589 1363 1628 1391 ut

918 1414 1053 1441 veteres
1071 1410 1198 1441 Poetas
1216 1414 1401 1441 sectentur.

959 1463 1000 1490 80
1025 1460 1178 1500 Sartago]
1217 1461 1286 1490 Vas
1319 1460 1471 1500 patulum
1498 1460 1530 1490 in
1557 1469 1626 1501 quo

916 1509 1178 1551 cibifriguntur.
1223 1511 1431 1550 Metapliora
1454 1519 1516 1550 pro
1540 1514 1626 1541 stre-

916 1561 988 1600 pitu
1005 1560 1169 1591 ferventis
1193 1560 1386 1600 sartaginis,
1412 1560 1467 1590 cui
1482 1559 1626 1590 similem

913 1610 985 1641 edit
1000 1621 1116 1641 sonum
1134 1611 1242 1641 oratio
1256 1610 1412 1650 confusa,
1429 1615 1464 1641 et
1483 1610 1623 1642 vocibus

916 1663 1013 1693 novis
1030 1662 1128 1693 simul
1146 1662 1353 1693 etobsoletis
1370 1660 1537 1693 conferta.

958 1716 997 1744 Sl
1025 1712 1182 1752 Dedecus]
1220 1711 1352 1743 Infame
1381 1711 1517 1743 dicendi
1543 1712 1625 1743 scri-

914 1764 1085 1805 bendique
1104 1773 1222 1803 genus.

956 1817 997 1845 82
1024 1813 1198 1853 Trossulus]
1223 1812 1249 1844 Α
1270 1813 1426 1843 Trossulo
1437 1813 1624 1844 Tuscorum

913 1865 1038 1906 oppido
1054 1864 1126 1895 sine
1143 1863 1296 1904 peditum
1315 1873 1379 1904 ope
1393 1868 1509 1903 capto,
1522 1863 1624 1903 Equi-

913 1920 964 1946 tes
980 1916 1123 1947 Romani
1141 1915 1370 1955 cognominati
1388 1918 1465 1944 sunt
1482 1914 1622 1944 Trossu-

912 1967 946 1996 li.
994 1965 1182 2005 Accipiunt
1217 1965 1273 1995 alii
1312 1975 1388 2004 pro,
1433 1964 1620 1995 Torosulus

912 2016 1069 2047 diminut.
1085 2025 1103 2046 a
1127 2016 1293 2054 'l‘orosus3
1322 2019 1358 2046 ut
1387 2018 1550 2045 notentur
1566 2014 1623 2045 ho-

911 2067 1017 2097 mines
1036 2065 1222 2096 delicatuli.

949 2117 1119 2157 Subsellia]
1158 2117 1222 2147 Vel
1255 2115 1375 2157 quibus
1411 2115 1617 2156 spectabant

907 2168 1022 2199 Ludos
1039 2169 1181 2210 Equites
1198 2168 1356 2207 Romani,
1369 2168 1420 2197 vel
1435 2167 1556 2208 quibus
1568 2176 1620 2198 re-

906 2219 1084 2250 citationes
1115 2218 1313 2255 audiebant,
1343 2222 1383 2248 ut
1412 2227 1515 2257 supra
1544 2216 1620 2248 fuse

906 2269 1067 2310 explicui,
1089 2268 1130 2299 ad
1161 2277 1237 2299 eum
1268 2269 1403 2298 locum:
1436 2267 1514 2298 Sede
1538 2268 1622 2307 leges

911 2320 999 2349 celsa.

950 2372 990 2400 83
1015 2369 1113 2400 Nilne
1140 2369 1251 2409 pudet]
1280 2368 1358 2400 Jam
1382 2377 1439 2398 eos
1470 2366 1618 2398 insecta-

911 2424 964 2449 tur
996 2419 1134 2450 Persius
1161 2419 1217 2460 qui
1247 2419 1416 2450 lenocinia
1438 2418 1618 2449 verborum

908 2475 977 2501 tam
991 2469 1143 2501 studiose
1160 2470 1225 2500 imo
1242 2474 1309 2500 tam
1324 2469 1427 2500 stulte
1442 2468 1618 2508 adhibent,

905 2526 942 2552 ut
970 2522 1004 2552 in
1031 2531 1070 2552 eo
1102 2521 1167 2551 vim
1193 2519 1355 2551 orationis
1391 2518 1616 2557 constituant,

904 2572 1055 2613 ipsisque
1086 2571 1120 2602 in
1144 2571 1254 2602 causis
1279 2569 1482 2610 capitalibus
1499 2567 1614 2598 valere

905 2626 1049 2664 putent:
1081 2622 1167 2653 adeo
1184 2631 1244 2652 sua
1259 2621 1333 2651 illos
1355 2622 1510 2649 excoecat
1527 2627 1614 2648 vana

904 2672 1143 2704 ostentationis
1161 2676 1195 2702 et
1213 2670 1328 2711 gloriae
1345 2667 1455 2699 inanis
1477 2667 1613 2709 cupido.
