1888 3032
270 138 356 181 184

270 245 408 299 Ungc,
431 260 551 299 puer,
575 246 738 287 caules.

781 151 828 181 A.
863 150 1023 182 Plfflsu
1059 151 1147 182 FLA
1156 154 1232 183 (501

800 245 911 288 Mihi
934 247 1044 289 festa
1066 247 1162 289 luce
1183 255 1398 302 coquatur

270 313 442 362 Urtica,
466 318 509 354 ct
530 313 637 354 fissa
657 314 875 355 fumosum
896 316 1089 369 sinciput
1110 329 1210 357 aure
1226 317 1245 356 ’.Ρ
1679 319 1736 360 70

270 380 328 422 Ut
351 385 446 420 tuus
468 382 548 421 iste
570 394 705 435 nepos
727 382 846 432 olim,
878 387 995 424 satur
1017 385 1183 425 anseris
1204 386 1335 433 extis,

270 448 381 488 Cum
403 461 576 489 morosa
596 462 708 502 vago
730 451 950 503 singultiet
970 452 1140 503 inguine
1162 465 1291 502 vena,

271 515 479 556 Patricia=
501 516 694 559 immeiat
713 518 860 559 vulvae
877 519 895 558 Ἰ
927 518 1031 558 mihi
1055 523 1196 559 traina
1216 519 1362 572 figurae

265 645 399 686 famule,
412 647 559 687 jamjam
584 648 736 689 perfunde
752 650 913 690 brassicas,
935 651 1083 691 peffumle
1108 652 1270 693 copiosius.
1316 651 1467 691 Scilicet,
1483 651 1533 682 elie
1551 650 1635 689 festo
1662 649 1739 681 mihi

271 696 418 731 coquatur
432 693 545 730 mtica,
565 696 595 723 et
607 702 682 732 pars
704 695 841 724 anterior
863 695 975 734 capitis
1002 696 1131 735 porcini
1147 695 1237 733 fumo
1258 696 1395 735 peofnsa,
1412 695 1552 725 auricula
1566 693 1741 734 perforata,

274 737 309 764 ut
326 743 416 774 nepos
431 734 482 765 illc
497 738 569 766 litus
589 736 753 776 aliquando
774 737 939 768 visceribus
961 738 1113 768 anserinis
1134 737 1292 770 satietur?
1316 739 1334 755 *³

1357 739 1375 756 ἦ
1400 737 1529 769 Mihine
1543 737 1666 768 residua
1680 737 1741 767 erit

937 860 1078 892 NOTAE

271 942 382 972 versa,
397 936 434 963 ut'
450 932 598 973 indignis
613 933 807 967 haeredibus
824 937 904 968 nihil
929 947 978 968 re-

271 983 401 1024 liquum
417 983 472 1014 sit.

315 1038 357 1066 69
389 1034 490 1074 Unge,
502 1044 590 1074 puer,
605 1035 719 1075 caules]
756 1036 880 1068 Horat.
904 1038 976 1069 Sat.

272 1093 314 1117 Π.
332 1088 362 1116 3.
385 1086 393 1101 ‘
412 1085 550 1125 Ungere
568 1087 594 1116 si
611 1087 724 1116 caules
740 1087 816 1118 oleo
837 1089 977 1119 meliore

272 1140 445 1177 caputque
461 1136 636 1176 coeperis!
681 1138 792 1169 Porro
808 1140 907 1170 caules
921 1149 978 1180 po-

271 1187 340 1218 suit
364 1196 428 1229 pro
451 1187 605 1229 quolibet
629 1189 755 1229 edulio,
772 1194 851 1230 post
872 1190 979 1222 Hora-

274 1239 369 1270 tium.

321 1289 404 1321 Mihi
422 1287 511 1327 festa
534 1290 599 1321 luce
621 1294 780 1330 coquatur,
797 1291 866 1331 Sym]
902 1292 979 1323 Non

273 1340 321 1371 ita
336 1350 408 1372 sun]
424 1339 538 1371 fatuus
556 1344 594 1372 ut
617 1341 753 1381 genium
776 1341 979 1373 defraudare

274 1391 376 1422 velim
403 1389 446 1421 ad
473 1390 732 1431 locupletandos
756 1392 921 1432 haeredes,
946 1398 981 1424 et

273 1441 397 1473 damno
413 1451 489 1472 meo
503 1442 652 1473 lautitias
666 1442 734 1473 illis
749 1443 981 1483 suppeditare,

273 1502 396 1534 parcus
410 1492 452 1523 ob
469 1491 613 1523 uaeredis
630 1501 758 1532 curam,
774 1498 813 1523 ut
830 1494 877 1524 ait
895 1493 980 1526 Hor.

274 1543 386 1585 Epist.
402 1553 426 1574 1.
442 1547 473 1574 5.
502 1543 546 1574 Et
560 1543 719 1575 Juvenal.
733 1543 803 1574 Sat.
818 1553 893 1575 xlv.
907 1547 980 1577 136.

271 1596 279 1611 ‘
301 1595 385 1626 Cum
402 1593 447 1624 sit
462 1593 646 1625 manifesta
662 1595 853 1635 phrenesis,
869 1596 917 1626 Ut
934 1596 981 1626 Ιο-

274 1646 392 1686 cuples
407 1644 576 1684 moriaris,
590 1644 707 1684 egenti
726 1644 842 1676 vivere
859 1644 953 1676 fatos

319 1695 414 1727 Festa
440 1693 520 1734 luce]
555 1694 596 1725 In
626 1694 681 1725 die
706 1693 807 1735 festo,
831 1705 897 1735 quo
927 1696 981 1726 vel

274 1744 462 1787 parcissimi
477 1749 514 1775 et
529 1743 738 1785 pauperrimi
752 1745 851 1784 genio
874 1745 982 1776 indul-

275 1801 369 1837 gent,
385 1799 420 1826 et
444 1794 568 1826 lautius
594 1795 778 1833 victitant;
805 1804 869 1835 ego
894 1796 982 1826 olus-

276 1848 352 1879 cula
365 1845 564 1878 comedam?
610 1844 723 1877 Absit.

318 1901 359 1929 70
387 1897 514 1937 Urtica]
537 1896 658 1928 Herba
679 1896 755 1927 vilis
779 1901 814 1928 et
831 1901 924 1937 nota,
939 1898 982 1928 ab

275 1948 405 1980 urendo
429 1948 483 1979 vel
512 1947 699 1979 ulceraudo
728 1948 821 1980 dicta
836 1959 844 1987 ;
880 1949 983 1980 babet

275 2001 365 2031 euim
381 1999 463 2031 folia
478 1999 663 2038 mordacia,
679 2003 718 2030 nt
735 1999 783 2030 ait
800 2000 886 2032 Pliu.
906 2008 981 2030 xvr.

275 2054 329 2082 24.
374 2050 500 2081 Catull.
525 2051 638 2082 Can-m.
657 2058 742 2081 xnv.
770 2050 813 2081 ad
840 2049 984 2082 fundum

275 2113 387 2135 suum:
411 2103 420 2119 ‘
438 2103 484 2134 Et
505 2112 557 2133 me
582 2102 737 2134 recuravi
753 2104 933 2144 ocimoque
950 2107 985 2134 ct

277 2153 410 2185 urtica?

320 2205 367 2235 Et
373 2204 454 2246 fissa
459 2204 631 2243 fumosum,
642 2205 712 2245 ἃμ]
735 2204 849 2244 Caput
874 2204 985 2244 porci-

276 2265 356 2287 num
374 2264 456 2286 aure
472 2253 649 2296 perforata
664 2265 865 2295 suspensum
881 2255 915 2286 in
931 2265 984 2286 ca-

277 2306 368 2338 mino
392 2306 434 2337 ad
460 2305 601 2338 fumum.
646 2307 838 2339 Dimidiata
854 2308 985 2348 porcel-

277 2357 386 2388 lorum
402 2357 519 2396 capita
530 2357 667 2389 lautiori
684 2367 809 2389 mensae
826 2358 986 2399 apposita

278 2406 386 2439 refert
411 2407 539 2438 Athen.
564 2416 614 2439 xx.
631 2410 662 2440 8.
689 2408 698 2425 ‘
716 2409 908 2449 Famosum,
931 2409 985 2440 vel

278 2462 318 2490 ut
332 2461 490 2489 servetur
512 2456 653 2497 diutius,
668 2462 728 2489 ant
751 2459 852 2489 etiam
874 2462 912 2489 ut
937 2469 986 2489 sa-

281 2517 398 2550 porem
414 2507 596 2539 contrahat
612 2508 814 2539 acutiorem.
849 2509 986 2548 Legunt

281 2558 431 2602 quidam,
441 2567 614 2598 spumosum
624 2568 638 2595 ‚·
660 2557 721 2589 sed
737 2558 834 2589 male·

324 2607 485 2650 δίνη-ἱραί]
518 2608 606 2640 P-ars
635 2608 730 2650 prior
760 2609 896 2650 capitis,
926 2608 986 2640 ubi

280 2659 479 2691 cerebrum:
504 2659 644 2700 ponitur
658 2659 713 2691 hic
724 2669 791 2701 pro.
799 2659 857 2691 vili
870 2663 906 2692 et
918 2660 988 2701 ple-

282 2711 360 2744 beio
387 2711 514 2753 edulio,
539 2715 577 2743 ut
604 2715 722 2753 patet:
754 2712 844 2755 quod
871 2715 987 2744 tamen

1033 937 1135 968 lantae
1151 935 1254 967 fuisse
1273 936 1360 977 gulae
1383 934 1530 966 affirmat
1547 934 1689 973 Plinius,
1706 937 1743 965 et

1033 989 1157 1030 probat
1169 988 1357 1019 Athenaeus
1373 988 1446 1018 loco
1463 996 1541 1017 mox
1559 986 1676 1017 citato.

1075 1043 1114 1072 71
1145 1041 1187 1070 Ut
1203 1042 1275 1070 tuus
1290 1040 1348 1070 iste
1363 1047 1464 1079 nepos,
1479 1037 1549 1078 &sed
1584 1036 1633 1067 Ut
1659 1036 1745 1067 dita-

1035 1096 1088 1123 tus
1101 1091 1267 1132 quispiam
1282 1100 1300 1121 e
1325 1090 1392 1120 tuis
1408 1088 1566 1130 posteris,
1589 1097 1608 1118 ο
1622 1087 1745 1127 haeres,

1033 1143 1212 1184 aliqnando
1230 1142 1399 1183 epuletur.

1078 1193 1198 1234 Nepos]
1221 1193 1417 1224 Sarcasmus
1435 1201 1477 1222 ex
1499 1189 1658 1230 ambigua
1680 1188 1744 1228 sig-

1034 1243 1230 1275 nificatione
1262 1244 1367 1283 vocis,
1401 1253 1477 1284 quae
1516 1246 1552 1273 et
1589 1240 1745 1280 designat

1036 1304 1126 1335 saepe
1153 1294 1323 1326 hominem
1351 1303 1509 1325 voracem
1532 1302 1571 1323 ae
1595 1291 1744 1322 luxur'm·

1036 1355 1120 1376 sum.

1079 1396 1210 1426 Anseris
1225 1394 1322 1434 extis]
1346 1393 1509 1425 Romanis
1522 1396 1598 1424 erat
1613 1392 1644 1423 in
1661 1392 1747 1423 deli‘

1037 1446 1098 1476 ciis
1130 1446 1321 1476 anserinum
1349 1445 1465 1485 jecur,
1491 1443 1582 1485 quod
1610 1443 1747 1484 quidem

1038 1495 1227 1536 fartilibus,
1245 1496 1299 1537 (ut
1314 1496 1361 1526 ait
1378 1495 1469 1526 Plin.
1487 1504 1524 1526 x.
1540 1492 1612 1535 22.)
1635 1493 1668 1524 id
1684 1499 1748 1534 est,

1036 1547 1194 1588 saginatis
1211 1548 1313 1586 lacte,
1337 1547 1456 1586 mulso,
1477 1544 1556 1585 ficu,
1571 1544 1696 1584 carica,
1713 1543 1748 1574 in

1037 1603 1167 1629 tantam
1191 1597 1451 1638 amplitudinem
1477 1595 1614 1633 crescit,
1635 1598 1673 1625 ut
1689 1603 1748 1625 an-

1037 1658 1146 1680 serem
1174 1650 1284 1689 ipsum
1310 1648 1472 1688 adaequet
1499 1645 1748 1685 magnitudine.

1038 1699 1137 1730 Unde
1165 1698 1318 1730 Martial.
1339 1707 1423 1728 xu1.
1453 1697 1554 1737 Epig.
1580 1699 1633 1728 58.
1660 1695 1748 1726 ‘As-

1038 1752 1114 1792 pice
1138 1761 1238 1792 quam
1263 1754 1395 1781 tumeat
1418 1758 1540 1789 magno
1561 1748 1666 1789 jecur
1691 1757 1748 1778 au-

1038 1813 1113 1833 sere
1127 1802 1247 1842 majus.
1278 1801 1423 1832 Miratus
1441 1800 1548 1839 dices,
1561 1799 1637 1839 hoc,
1653 1808 1748 1837 rogo,

1038 1853 1148 1884 crevit
1163 1852 1220 1884 ubi
1234 1852 1256 1882 θ’
1305 1852 1428 1883 Horat.
1447 1852 1517 1881 Sat.
1530 1859 1571 1881 11.
1587 1853 1618 1880 S.
1643 1849 1652 1865 ⁴
1669 1848 1751 1880 Pin-

1038 1905 1158 1946 guibus
1182 1909 1219 1935 et
1241 1904 1315 1935 ficis
1342 1908 1477 1944 pastum
1497 1902 1601 1942 jecur
1619 1900 1749 1931 anseris

1039 1955 1131 1987 albi!
1175 1954 1420 1988 Juvenal.Sat.
1438 1962 1472 1983 v.
1492 1962 1538 1982 vs.
1555 1954 1628 1982 113.
1653 1951 1663 1967 ‘
1680 1949 1748 1980 An-

1038 2009 1123 2040 seris
1140 2013 1217 2039 antc
1242 2009 1352 2048 ipsum
1377 2005 1486 2043 magni
1506 2003 1628 2045 jecur!
1673 2002 1749 2034 Me-

1037 2060 1136 2091 minit
1152 2064 1187 2091 et
1203 2059 1276 2091 fuse
1297 2059 1481 2090 Athenaeus
1497 2065 1548 2087 ix.
1566 2058 1597 2088 8.

1082 2113 1122 2140 73
1141 2109 1227 2140 Mihi
1243 2109 1470 2150 lranmfiguroe
1484 2107 1528 2137 sit
1543 2104 1676 2146 reliqua]
1693 2103 1749 2136 An

1040 2160 1188 2201 denique
1211 2170 1266 2192 mc
1282 2169 1465 2199 macerem,
1488 2163 1527 2189 ut
1549 2157 1750 2198 pinguescat

1040 2211 1176 2244 hwa-es?
1221 2210 1335 2242 Absit.

1086 2261 1214 2301 Trama]
1251 2261 1430 2292 Incertum
1457 2262 1510 2289 est
1535 2256 1751 2297 intelligatne

1039 2311 1255 2353 subtegmen,
1278 2311 1368 2353 quod
1392 2309 1526 2341 tenuius
1549 2313 1614 2348 est,
1639 2313 1675 2338 et
1690 2316 1750 2347 op·

1040 2367 1143 2404 ponat
1159 2363 1262 2394 ventri
1281 2372 1381 2403 popoe,
1398 2360 1488 2401 qnod
1513 2360 1587 2390 vult
1601 2356 1750 2389 Turneb-

1043 2423 1133 2446 xxx.
1149 2417 1180 2445 7.
1205 2422 1247 2444 an
1274 2416 1404 2444 stamen
1432 2409 1548 2451 panni,
1572 2407 1663 2448 qnod
1690 2405 1750 2438 filo

1041 2468 1176 2495 constat
1193 2463 1361 2495 crassiore
1374 2466 1410 2492 et
1422 2460 1528 2501 magis
1552 2462 1694 2495 retorto,
1711 2463 1752 2491 ut

1041 2513 1169 2544 diserte
1183 2513 1232 2544 ait
1250 2511 1487 2544 Casaubonus:
1515 2509 1628 2540 Troema
1644 2509 1750 2541 etiam

1042 2563 1181 2603 ponitur
1198 2572 1260 2603 pro
1286 2566 1384 2593 veste
1411 2560 1540 2591 detrita
1564 2560 1662 2600 cujus
1677 2559 1753 2591 viui

1042 2611 1155 2643 amissi
1181 2615 1281 2642 sunt:
1311 2609 1544 2651 metaphorice
1570 2613 1624 2640 est
1648 2609 1750 2640 homo

1041 2662 1142 2694 valde
1157 2672 1285 2702 macer,
1302 2661 1356 2693 cui
1381 2661 1487 2692 solum
1506 2669 1583 2692 ossa
1604 2663 1750 2699 restant,

1042 2717 1078 2745 ct
1102 2722 1164 2757 per
1183 2712 1279 2754 cujus
1299 2715 1411 2746 costas
1436 2711 1495 2747 aer
1519 2711 1612 2753 quasi
1638 2714 1749 2742 trans*
