1888 3032
697 151 880 181 SATlRA
915 151 987 183 111.

1508 141 1564 180 91

109 269 388 324 Compositus
408 270 539 320 lecto,
561 269 810 323 crassisque
832 270 996 309 lutatus
1022 268 1222 318 amomss,

110 337 164 378 In
180 341 350 390 portam
369 337 533 390 rigidos
554 338 699 388 calces
721 336 935 378 extendit:
970 341 1013 378 at
1033 337 1156 377 illum

1481 336 1569 377 105

111 403 319 444 Hesterni
343 406 489 458 capite
512 405 660 445 induto
682 405 851 444 subiere
873 403 1084 453 Quirites,

167 473 179 491 ‘
201 471 353 524 Tange
374 473 504 512 miser
522 485 673 520 venaS,
695 475 738 511 et
758 484 870 524 pone
890 472 934 511 in
956 475 1131 524 pectore
1152 472 1351 512 dextram
1371 484 1380 512 ε

113 536 192 579 Nil
212 539 326 580 calet
343 540 413 580 hic
430 554 439 581 :
476 551 755 592 summosque
776 538 911 593 pedes
935 540 1096 591 attinge
1115 551 1378 591 manusque:

103 669 189 708 felix
202 671 330 711 denique
344 671 507 702 collocatus
523 670 610 701 thoro
625 669 784 708 eminenti,
799 672 829 699 (t
851 667 994 708 perfusus
1008 677 1123 697 ‹nnomo
1139 666 1256 707 copioso
1272 666 1390 706 profert
1405 666 1496 704 pedes
1509 664 1576 702 sri-

109 714 200 751 gidos
216 723 319 744 versus
324 714 465 752 januam.

511 713 574 743 Sed
594 712 724 743 Romani
746 712 895 742 hesternoe
917 711 979 741 (liei
1003 711 1088 740 iilum
1111 712 1308 748 gestaverunt
1333 709 1434 748 capite
1456 711 1572 747 operto.

112 756 143 786 Ο
161 754 288 795 infelix,
310 759 444 786 attrecta
467 765 570 792 venas,
592 759 621 785 et
644 764 760 794 appone
784 764 906 784 manum
931 755 972 783 ad
996 754 1168 783 thoracem:
1192 751 1256 782 illic
1283 751 1360 781 nihil
1382 750 1491 780 caloris
1517 753 1574 780 est.

116 797 220 838 Tange
234 802 388 830 extremas
403 799 497 829 etiam
509 799 636 838 plantas
656 802 686 828 et
701 807 819 827 manus.

722 886 857 897 0000000

866 797 939 827 Non
954 799 1024 826 sunt
1032 794 1179 834 frigidae.
1227 794 1358 829 Quando
1383 803 1455 824 casu
1478 802 1572 832 appa-

861 885 957 896 ιιιιι

613 949 674 977 100
696 945 797 986 εαμίέε
813 946 936 976 inducto
951 945 1018 975 Ms.
1037 944 1078 975 R.

775 1049 920 1083 NOTAE

115 1123 237 1155 mentis
255 1127 288 1155 et
300 1124 445 1164 pulvinis
462 1129 699 1165 exaggeratus.
728 1125 818 1155 Mar-

116 1175 187 1206 tiat.
205 1175 226 1206 l.
242 1184 321 1205 vlu.
334 1175 495 1216 Epig.44.
512 1178 518 1192 ‘
534 1175 657 1205 Fartus
675 1184 818 1215 papyro,

114 1229 186 1256 tum
216 1225 280 1256 tibi
308 1226 422 1256 thorus
449 1225 596 1256 cre-seit.y
642 1226 707 1256 Seu
741 1225 819 1265 quia

114 1275 213 1306 nixus
251 1281 326 1306 erat
357 1275 506 1307 eburneo
540 1275 659 1307 fulcro.
704 1276 818 1306 Testis

116 1326 274 1367 Propert.
290 1328 312 1358 l.
330 1336 372 1358 11.
398 1330 406 1344 ‘
426 1328 500 1358 Nee
518 1327 596 1357 mihi
615 1332 685 1357 tum
710 1325 818 1357 fulcro

118 1382 291 1408 sternatur
307 1378 416 1409 lectus
433 1379 574 1408 eburno.
622 1379 697 1409 Nee
722 1379 766 1409 sit
787 1378 818 1407 in

117 1426 272 1458 Attalico
288 1437 376 1457 mors
393 1437 466 1458 mea
483 1429 562 1457 nisa
580 1427 702 1458 thoro.’

162 1479 223 1507 104
250 1477 401 1516 Lutatus]
428 1478 612 1517 Pinguibus
641 1477 820 1517 unguentis

119 1531 155 1558 ut
170 1527 242 1557 luto
260 1528 415 1567 perlitus.

159 1576 315 1616 Amomis]
348 1576 640 1608 .·11110n1umf1·ntex
666 1578 821 1617 exiguus,

121 1627 299 1668 exquisitis
316 1628 466 1657 serviens
487 1628 678 1667 unguentis,
725 1630 822 1659 Dios-

120 1677 269 1709 corid.1.
287 1680 337 1707 1-1.
362 1678 607 1709 Piin.xu.13.

163 1730 224 1758 105
249 1728 436 1767 Inportmn]
469 1729 558 1761 Quia
583 1733 716 1769 portam
741 1729 823 1760 Per-

120 1776 186 1807 sius
203 1777 297 1817 dicit,
308 1784 453 1817 arguunt
470 1779 570 1819 aliqui
589 1785 688 1810 extra
704 1779 822 1810 urbem

121 1826 234 1858 efferri
250 1834 410 1867 mortuos,
424 1833 458 1859 εἰ
470 1829 635 1859 incassum
651 1830 755 1859 multa
772 1830 823 1859 hic

122 1884 307 1917 congerunt
325 1889 331 1908 z
368 1878 427 1908 sed
460 1878 700 1919 intelligendus
730 1880 824 1909 locus

122 1927 165 1958 de
176 1929 281 1968 janua
295 1928 412 1958 domus
430 1928 470 1958 ad
487 1938 587 1968 quam
604 1934 753 1959 mortuus
770 1929 826 1959 ille

122 1979 319 2010 collocatus.
375 1979 429 2009 lta
460 1979 678 2009 casaubonus
707 1983 742 2010 et
771 1979 826 2009 alii

124 2027 323 2058 doctissimi.

166 2077 205 2107 In
238 2081 360 2117 partam
394 2077 512 2116 rigidos
541 2079 636 2108 calces
673 2078 827 2118 extendit]

124 2127 238 2157 Versis
251 2136 370 2167 nempe
385 2128 418 2157 in
428 2128 564 2166 januam
578 2128 731 2167 pedibus,
750 2129 827 2158 Mos

125 2182 197 2207 erat
214 2178 336 2216 exponi
362 2176 541 2207 defunctos
557 2182 592 2207 et
608 2176 722 2208 efferri
741 2179 828 2218 pari-

126 2232 178 2258 ter
190 2226 466 2266 praecedentibus
481 2227 635 2266 pedibus.
664 2228 750 2257 Prin.
766 2237 828 2259 vn.

126 2280 156 2308 S.
176 2277 184 2293 ‘
203 2276 283 2306 Ritu
302 2282 431 2306 namrae
445 2276 557 2316 capite
574 2277 740 2307 hominem
760 2278 829 2317 gig—

126 2326 160 2357 ni
177 2336 247 2357 mos
265 2332 329 2364 est,
348 2325 490 2365 pedibus
507 2325 644 2356 efferri)

171 2380 233 2409 106
257 2377 406 2407 Hesterni
423 2376 578 2415 Quiricus]
602 2376 695 2406 Servi
722 2385 830 2416 nuper

127 2427 169 2458 ab
185 2437 225 2458 eo
242 2427 401 2457 libertate
423 2426 551 2464 donati,
568 2431 602 2455 et
627 2426 727 2465 paulo
752 2431 830 2457 ante

129 2488 168 2508 ac
186 2483 342 2508 recenter
359 2475 440 2506 fact·
458 2476 548 2506 cives
567 2476 722 2506 Romani.

170 2528 314 2567 Subiere]
339 2527 407 2557 Aut
420 2536 623 2566 praecessere
637 2525 748 2564 funus,
762 2531 831 2563 aut,

129 2583 320 2617 portavere.
357 2578 433 2607 Mos
449 2581 524 2607 erat
539 2582 576 2607 ut
590 2576 702 2606 liberti
721 2576 832 2616 prodi-

132 2631 207 2657 rent
217 2627 333 2666 pileati
344 2631 424 2657 ante
439 2635 561 2666 corpus
574 2626 832 2656 manumissoris.

131 2675 187 2708 Ita
203 2679 299 2708 vetus
316 2676 448 2709 Glossa.
492 2675 541 2708 At
556 2676 736 2708 observare
752 2676 834 2707 licet

873 1135 948 1156 cum
966 1124 1179 1164 Casaubouo,
1195 1133 1271 1155 cum
1297 1123 1410 1164 plures
1427 1125 1526 1153 erant
1541 1120 1578 1151 li-

873 1175 974 1214 berti,
993 1176 1077 1206 alios
1094 1175 1260 1206 feretrum
1278 1179 1425 1214 gestare,
1438 1173 1520 1204 alios
1536 1171 1578 1203 ad

874 1227 960 1257 tutus
1000 1226 1186 1266 procedere
1225 1231 1259 1255 et
1291 1224 1419 1255 ambire
1450 1223 1578 1253 solitos.

875 1276 977 1307 Certe
996 1286 1074 1313 vox,
1086 1275 1199 1315 subire,
1212 1273 1382 1315 significat
1397 1276 1459 1304 hoc
1472 1272 1579 1312 magis

875 1336 972 1366 quam
998 1326 1101 1363 i11ud3
1127 1326 1192 1356 imo
1216 1325 1312 1365 sequi
1340 1324 1453 1364 potius
1478 1332 1581 1363 quam

875 1376 1087 1416 praecedere,
1112 1374 1341 1415 signiticaret:
1379 1373 1467 1414 quod
1490 1375 1584 1403 esset
1626 1385 1629 1387 >

875 1431 992 1456 contra
1009 1426 1215 1456 institutum.

921 1477 1032 1516 Capite
1047 1475 1169 1514 induto]
1193 1474 1291 1507 Quod
1313 1474 1445 1514 signum
1471 1478 1523 1504 est
1545 1473 1583 1503 li-

876 1525 1029 1557 bertatis
1087 1526 1171 1557 Cum
1201 1534 1323 1564 nempe
1352 1524 1441 1554 servi
1470 1532 1584 1553 manu-

876 1576 1110 1614 mittebantur,
1126 1576 1159 1605 in
1175 1575 1300 1615 templo
1316 1574 1467 1604 Feroniae
1483 1573 1583 1604 liber-

877 1631 986 1657 torum
1004 1628 1102 1661 Deae,
1121 1636 1196 1656 raso
1214 1625 1324 1665 capite
1351 1625 1473 1664 pileum
1499 1624 1585 1654 acci-

877 1676 1026 1716 piebant.
1072 1676 1176 1706 Plaut
1192 1676 1224 1705 in
1242 1674 1414 1714 Amphitr.
1438 1680 1446 1690 ⁴
1467 1674 1586 1704 Faciat

876 1727 1027 1767 Jupiter,
1041 1731 1078 1757 ut
1095 1736 1159 1766 ego
1175 1727 1228 1756 hic
1245 1725 1357 1763 hodie,
1373 1734 1444 1754 raso
1459 1724 1587 1763 capite,

881 1778 994 1807 calvus
1022 1777 1154 1817 capiam
1181 1774 1330 1816 pileun1.’
1384 1775 1471 1804 Vide
1498 1773 1587 1804 infra

878 1827 950 1858 Sat.
969 1836 1002 1857 v.

924 1879 983 1907 107
1010 1877 1114 1915 Tange
1132 1876 1224 1906 miser
1240 1874 1345 1913 venas]
1369 1875 1445 1906 Jam
1461 1875 1587 1905 Centu-

882 1926 930 1956 rio
967 1927 1116 1956 hircosus
1149 1926 1311 1955 adversus
1343 1924 1585 1964 Philosophum

882 1975 1037 2015 insurgit,
1049 1980 1084 2005 et
1100 1975 1195 2012 dicit,
1208 1973 1299 2006 Quid
1314 1973 1391 2003 mihi
1407 1982 1533 2013 aegrum
1551 1978 1587 2003 et

882 2025 1114 2065 ετξ-1100111001
1134 2034 1265 2061 narras,
1291 2023 1346 2063 qui
1375 2023 1458 2053 bene
1477 2023 1587 2060 valeo,

883 2085 944 2106 nec
971 2075 1124 2106 morbum
1149 2080 1207 2105 aut
1233 2073 1340 2104 morbi
1368 2073 1494 2104 indicia
1523 2074 1590 2103 ulla

882 2125 990 2156 habeo
1004 2125 1015 2155 ἓ

927 2176 1032 2214 Tange
1047 2183 1150 2214 renas,
1165 2177 1196 2204 et
1220 2184 1297 2214 poue
1321 2174 1352 2204 in
1374 2177 1496 2213 pectore
1518 2175 1592 2204 ‹lex-

882 2225 980 2264 tram]
1004 2226 1156 2265 Explora
1176 2225 1321 2264 pulsnm,
1338 2229 1372 2254 et
1389 2223 1502 2254 cordis
1521 2234 1590 2254 mo-

885 2275 1024 2305 tionem.

929 2328 990 2355 105
1019 2325 1075 2354 Nil
1103 2326 1180 2355 calet
1205 2324 1269 2363 hic]
1310 2323 1514 2354 Immodicus
1546 2325 1591 2356 ibi

886 2377 977 2406 calor
992 2376 1102 2406 nullus
1118 2381 1182 2413 est,
1196 2375 1346 2416 adeoque
1360 2376 1444 2407 febri
1456 2385 1508 2406 me
1525 2386 1592 2406 non

886 2427 1039 2457 laborare
1054 2425 1231 2457 fatendum
1249 2431 1301 2456 est
1319 2427 1393 2457 tibi.

929 2476 1127 2516 summusque
1150 2478 1243 2517 pedes
1265 2477 1386 2515 attinge
1412 2475 1592 2516 manusque]

886 2527 976 2558 Yide
994 2528 1095 2558 etiam
1112 2527 1260 2558 naturali
1284 2537 1323 2558 ac
1344 2527 1490 2566 genuino
1507 2526 1594 2556 calo-

889 2587 924 2607 re
943 2578 1047 2616 probe
1064 2577 1246 2607 instructas
1271 2586 1344 2606 esse
1367 2574 1518 2614 corporis
1535 2584 1593 2605 ex-

888 2627 1089 2664 tremitates,
1108 2626 1319 2667 proindeque
1337 2634 1389 2655 me
1408 2633 1466 2664 per
1484 2624 1595 2657 omnia

886 2676 973 2708 bene
990 2676 1151 2708 validum.
