1888 3032
749 166 932 197 SA'rmA
966 166 995 196 i.
1555 157 1614 197 ὀὶ

147 265 252 306 lude
272 267 485 318 vaporata
503 262 639 304 lector
659 262 762 303 mihi
783 262 951 304 ferveat
972 275 1076 303 anre
1092 275 1104 313 ;
1121 283 1126 288 ·

144 331 250 373 Non
269 331 355 380 hic,
378 331 454 384 qui
475 331 518 370 in
539 329 739 383 crepidas
761 328 995 370 Graiorum
1015 329 1163 371 ludere
1181 330 1310 383 gestit

145 399 372 448 Sordidus,
395 403 437 439 et
456 399 581 438 lusco
603 397 677 451 qui
698 397 846 449 poscit
864 395 1025 445 dicere,
1045 397 1207 447 Lusce,

141 536 225 575 piam
247 536 427 576 perfectius.
477 536 562 567 Hinc
589 533 741 571 calefacta
767 534 910 564 auricula
936 543 1011 572 erga
1029 543 1076 565 me
1092 535 1266 566 inardescat
1283 538 1396 568 lector:
1419 548 1480 569 non
1496 541 1610 570 antem

143 580 195 610 ille
211 580 262 620 qui
287 580 426 620 impurus
447 581 563 619 gaudet
582 578 714 609 irridere
731 577 845 608 calceos
861 575 1057 615 Graecarum,
1085 581 1116 608 et
1140 579 1193 618 qui
1217 580 1319 610 coeliti
1346 584 1434 621 optat
1460 581 1574 622 dicere,
1592 592 1612 612 o

762 680 877 690 eeeeee

882 679 997 690 eeeeee

145 750 252 778 —126
280 747 366 777 Unde
382 756 452 786 rap.
477 746 570 777 Edit.
587 746 706 786 Stepli.
725 752 761 777 et
777 747 846 777 ΜΞ.
865 746 1053 777 Oak—128
1073 746 1171 786 possit
1189 747 1289 789 dicgre
1311 747 1376 777 Ms.
1394 747 1438 778 R.
1469 748 1615 787 Scripsi-

147 799 219 820 mus
233 790 343 829 poscit,
368 799 433 819 nou
453 790 551 829 possi!
565 801 575 819 .·
606 794 786 830 utrumque
803 794 855 820 est
872 789 1025 820 invenire
1042 789 1075 819 in
1092 789 1282 820 veteribus:
1308 790 1367 820 sed
1384 790 1466 820 illud
1481 791 1613 821 melius.

145 832 242 863 Lusce
253 832 379 862 babent
394 832 686 870 iueiubranae,non
706 837 742 862 ut
755 832 810 862 alii
822 832 967 863 Codices
982 834 1100 862 luscus:
1124 831 1213 872 quod
1228 833 1322 862 sicui
1337 833 1486 872 placeat,
1497 843 1613 864 sensus

146 875 213 906 erit
240 876 406 914 optimus:
441 875 585 912 scilicet,
612 875 679 905 Qui
698 875 838 905 Graecos
856 875 1005 905 homines
1023 874 1225 913 Gregariciz
1246 875 1335 905 vitiis
1359 875 1553 906 laborantes
1570 876 1614 906 ri-

146 918 227 949 dere
244 923 346 957 amat,
360 918 459 948 luscus
474 918 559 958 ipse,
575 922 610 948 et
627 917 747 948 iisdem
764 917 856 948 vitiis
872 917 1050 948 obnoxius.
1088 917 1369 948 &salibam—123
1393 917 1560 950 Scordulus
1574 919 1616 950 B.

809 1040 954 1072 NOTAE

149 1137 240 1170 refer
255 1137 297 1169 ad
314 1137 510 1174 Lectorem,
533 1141 572 1167 ut
592 1146 711 1168 sensus
728 1136 792 1167 sit:
829 1136 856 1167 si

149 1189 285 1230 quidem
301 1193 338 1221 tu
353 1187 474 1219 melius
488 1187 662 1228 quidpiam
679 1187 810 1228 reperis
822 1187 855 1218 in

148 1241 231 1272 meis
248 1239 381 1278 Satiris,
408 1239 434 1270 si
460 1239 539 1280 quid
555 1238 745 1279 perfectius
759 1239 856 1269 andis

150 1296 185 1323 et
213 1292 329 1322 audire
359 1290 468 1331 cupis,
497 1300 598 1331 quam
627 1290 697 1321 sint
727 1300 767 1321 ea
797 1299 856 1321 seu

150 1341 310 1379 Neronis,
338 1350 397 1371 seu
423 1341 562 1372 aliorum
591 1340 753 1380 carmina,
779 1351 855 1382 quae

150 1393 243 1424 velut
264 1392 383 1429 cruda,
399 1390 574 1429 affectata,
593 1396 628 1423 et
652 1392 857 1423 inconcinna

152 1442 367 1483 reprehendi.

195 1492 375 1532 Decoctz'us]
430 1492 615 1523 Maturiori
642 1492 786 1533 judicio,
821 1498 857 1524 et

151 1544 295 1584 longiori
324 1548 399 1574 arte
428 1553 466 1574 ac
495 1543 607 1574 studio
635 1543 857 1574 elaboratum.

152 1595 308 1634 Metaph.
337 1594 389 1623 vel
415 1604 435 1624 a
458 1594 548 1631 vino,
574 1594 662 1634 quod
684 1593 725 1624 ad
743 1594 858 1624 dulce-

151 1644 264 1676 dinem
302 1643 480 1683 coquitur3
517 1644 571 1674 vel
602 1653 621 1673 a
658 1643 861 1684 liquoribuS,

153 1695 210 1737 qui
234 1694 366 1726 reducti
394 1694 566 1724 bulliendo
594 1694 636 1724 ad
666 1695 801 1725 tertiam
823 1700 860 1726 et

154 1750 307 1787 quartam
336 1752 470 1785 partem
495 1746 603 1776 multo
630 1746 706 1786 plus
733 1745 860 1776 habent

151 1797 284 1828 virium.
342 1796 399 1827 Sic
430 1796 591 1836 Virgilius
621 1796 732 1827 sertui·
762 1806 860 1826 mane

154 1847 271 1878 solitus
295 1846 442 1877 condere
459 1856 575 1877 versus
592 1847 861 1887 quinquagenos,

153 1898 322 1938 pluresve,
350 1907 434 1936 quos
459 1898 594 1937 vesperi
619 1897 661 1927 ad
680 1897 784 1928 denos
802 1901 861 1927 aut

154 1948 291 1979 circiter
323 1947 511 1987 redigebat.
559 1947 702 1979 Quintil.
736 1955 788 1977 xl.
827 1949 859 1977 4.

153 1999 163 2015 ‘
190 1998 373 2029 Materiam
415 1997 492 2028 volo
530 1996 700 2036 pi·imum,’
737 1996 864 2036 inquit,

153 2049 250 2080 ‘esse
280 2051 330 2079 vel
364 2047 662 2085 abundantiorem,
691 2047 744 2076 vel
770 2046 861 2076 ultra

157 2109 258 2141 quam
273 2104 431 2139 oporteat
447 2097 576 2128 fusam:
613 2097 756 2127 multum
783 2097 861 2127 iude

157 2151 349 2190 decoquent
372 2149 463 2182 anni.
486 2148 629 2178 multum
654 2148 742 2178 ratio
768 2147 863 2178 lima-

157 2202 219 2239 bit,
235 2200 363 2241 aliquid
382 2200 434 2230 vel
449 2200 523 2239 ipso
540 2209 603 2230 usu
620 2198 820 2229 deteretur:

201 2255 264 2283 126
288 2251 366 2281 Inde
380 2249 542 2290 vaporata]
579 2250 632 2280 Ex
650 2248 797 2279 lectione
814 2257 865 2278 su-

157 2303 394 2344 pradictorum
412 2301 599 2332 Poetarum
614 2309 707 2330 ruens
722 2299 864 2329 lectoris

158 2355 310 2385 excitata
337 2359 372 2383 et
399 2352 607 2383 inflammata
627 2350 668 2381 ad
697 2359 790 2380 meas
806 2349 864 2379 de-

157 2405 238 2436 inde
255 2404 414 2444 legendas
427 2403 554 2434 Satiras
569 2400 728 2442 proclivis
746 2405 781 2430 et
797 2398 864 2430 fer-

160 2455 238 2486 vida
266 2454 336 2485 fiat.
390 2453 506 2492 Vir-gil.
545 2451 677 2483 AEueid.
710 2460 763 2481 Χῖ.
807 2450 865 2480 ‘et

161 2506 324 2547 templum
345 2506 443 2535 thure
461 2502 651 2543 vaporant?

205 2559 266 2587 127
292 2556 366 2586 Non
395 2555 458 2595 hic]
509 2554 562 2584 Ne
591 2554 618 2583 is
647 2552 725 2582 milii
756 2552 865 2582 lector

163 2606 350 2647 contingat,
383 2606 437 2646 qui
471 2614 546 2635 cnm
579 2603 682 2634 animi
714 2602 798 2633 vitia
830 2602 864 2633 in

165 2656 377 2695 philosophis
392 2659 430 2685 et
445 2654 664 2685 docfismulla
678 2653 867 2694 deprehen-

165 2705 226 2736 dat
242 2706 424 2747 arguenda,
443 2709 624 2737 externum
641 2713 759 2736 eorum
776 2702 868 2734 habi-

912 1140 982 1167 turn
1004 1136 1125 1167 saltem
1149 1135 1292 1168 irridere
1309 1139 1401 1167 amat
1418 1140 1454 1168 et
1467 1135 1617 1168 delecta-

911 1193 977 1219 tur.

956 1239 1121 1280 Crepidus]
1173 1238 1319 1277 Gellius,
1356 1246 1440 1269 xm.
1478 1240 1531 1270 20.
1569 1237 1618 1269 ait

911 1290 1067 1330 crepidas
1099 1299 1118 1320 a
1147 1288 1309 1320 Romanis
1336 1288 1444 1319 soleas
1475 1288 1553 1327 dici,
1581 1293 1618 1319 et

910 1341 1077 1372 ⁴<oleatum
1101 1338 1276 1377 incedere,
1305 1338 1400 1368 velut
1428 1342 1528 1378 turpe
1556 1338 1619 1368 cri-

910 1401 987 1422 men
1003 1389 1105 1430 objici
1120 1388 1266 1420 solitum.
1313 1388 1358 1418 Et
1376 1388 1500 1418 Horat.
1516 1386 1573 1418 lib.
1595 1397 1618 1417 1.

910 1441 1012 1472 Satir.
1030 1444 1061 1471 3.
1107 1442 1116 1458 ‘
1130 1440 1265 1480 sapiens
1278 1438 1435 1479 crepidas
1451 1438 1515 1469 sibi
1536 1448 1618 1469 nun-

911 1501 1022 1533 quam,
1060 1492 1136 1523 Nec
1166 1491 1275 1522 soleas
1301 1488 1410 1520 fecit?
1472 1489 1617 1530 Proprie

912 1543 1053 1583 crepida
1078 1546 1128 1573 est
1163 1542 1433 1572 calceamentum
1469 1539 1619 1570 Tuscum

913 1594 956 1624 ad
983 1593 1088 1634 pedes
1110 1592 1263 1633 corrigiis
1287 1590 1507 1630 subligatum,
1528 1590 1619 1631 quod

915 1644 1199 1684 Philosophorum
1225 1641 1330 1673 etiam
1359 1639 1534 1681 proprium
1570 1638 1621 1670 fu-

915 1694 994 1733 isse,
1006 1694 1105 1725 testis
1121 1693 1212 1723 idem
1230 1691 1372 1723 Gellius.

961 1745 1024 1780 Qui
1040 1746 1071 1775 in
1085 1743 1227 1784 crepidas
1243 1741 1412 1772 Graiorum
1427 1739 1531 1770 ludere
1552 1748 1621 1778 ges-

915 1797 978 1836 tit}
1007 1795 1079 1826 Per
1095 1803 1152 1824 eos
1169 1792 1228 1834 qui
1244 1791 1448 1823 Graecorum
1464 1789 1620 1830 crepidas

915 1846 1072 1884 irrident,
1097 1844 1293 1883 intelligunt
1320 1842 1418 1881 vulgo
1441 1850 1500 1872 eos
1517 1839 1622 1871 homi-

915 1906 988 1933 nes,
1006 1895 1063 1936 qui
1087 1893 1373 1933 Philosophorum
1389 1891 1503 1921 studia
1518 1895 1621 1931 atque

913 1946 1071 1976 instituta
1089 1944 1280 1984 negligunt,
1295 1947 1331 1972 et
1349 1941 1406 1981 qui
1422 1941 1622 1972 Graecorum

915 1995 1121 2035 elegantiam
1149 1997 1391 2024 contemnunt:
1425 1991 1516 2032 quod
1543 2001 1622 2022 cou-

914 2046 1051 2077 firmare
1067 2045 1204 2076 videtur
1221 2053 1285 2074 vox
1301 2042 1622 2084 sequens‚sordidus.

917 2098 1035 2128 Malim
1058 2106 1121 2136 ego
1145 2105 1223 2126 cum
1239 2093 1440 2136 quibusdam
1456 2093 1624 2133 interpre-

919 2148 982 2178 tari
998 2147 1042 2178 de
1059 2147 1214 2183 Nerone,
1230 2155 1330 2186 quem
1346 2144 1401 2185 (ut
1418 2145 1465 2175 ait
1480 2144 1622 2175 Sueton.

916 2200 952 2231 in
975 2200 1116 2231 Nerone
1141 2206 1216 2236 cap.
1244 2195 1314 2236 52.)
1338 2200 1450 2226 mater
1472 2204 1490 2225 a
1506 2194 1623 2224 Philo-

919 2249 1037 2290 sophia
1074 2248 1212 2284 avertit,
1243 2254 1382 2276 monens
1414 2245 1624 2284 imperaturo

919 2298 1126 2329 contrariam
1157 2305 1242 2326 esse.
1289 2294 1420 2324 Tullius
1447 2297 1561 2323 autem
1591 2296 1624 2324 2.

919 2348 962 2378 (le
974 2348 1072 2379 Orat.
1087 2351 1122 2376 et
1139 2345 1232 2383 alibi,
1245 2345 1326 2375 satis
1340 2343 1449 2374 innuit
1462 2343 1625 2374 Romanis

920 2399 1052 2429 odiosos
1083 2395 1186 2427 fuisse
1212 2395 1451 2435 Philosophus,
1480 2393 1626 2426 fortasse

919 2449 975 2479 vel
1004 2448 1048 2479 ob
1079 2448 1143 2478 hoc
1175 2445 1264 2487 quod
1296 2455 1398 2486 opum
1434 2444 1626 2475 suadebant

920 2503 1142 2537 contemtum,
1171 2507 1254 2538 quas
1282 2496 1381 2527 avide
1405 2494 1626 2526 sectabantur

918 2549 980 2580 illi.
1017 2548 1107 2579 Vide
1121 2548 1193 2578 Sat.
1210 2556 1244 2577 v.
1261 2557 1311 2577 vs.
1327 2546 1459 2576 ultimo.

963 2603 1026 2632 128
1049 2598 1216 2639 Sordidus]
1254 2598 1319 2628 Vel
1336 2607 1398 2637 per
1414 2595 1532 2625 sordes
1549 2603 1626 2624 ava-

919 2652 1033 2683 ritiam
1049 2652 1275 2682 Romanorum
1291 2651 1392 2678 notat
1406 2644 1557 2684 Persius,
1574 2644 1627 2674 vel

921 2701 1116 2742 neglectum
1151 2699 1263 2730 cultus
1297 2694 1490 2734 exterioris,
1524 2703 1626 2735 quein
