1888 3032
378 543 686 606 NOTAE
741 541 1361 614 VARIORUM,

780 739 860 780 Sec.

158 1224 332 1264 Prologus]
350 1224 498 1255 Estvere
509 1222 573 1255 hoc
589 1231 723 1255 carmen
736 1223 844 1264 dupli-

141 1274 191 1306 cis
205 1274 410 1316 argumenti,
420 1279 459 1306 ut
471 1278 508 1306 et
523 1279 639 1316 partes
659 1275 748 1305 illius
765 1278 844 1306 sunt

139 1325 230 1365 duae,
271 1335 427 1356 versuum
465 1326 574 1357 ambae
611 1330 842 1367 septenorum.

138 1374 247 1405 Primi
261 1379 393 1416 septem
409 1384 527 1407 versus
553 1376 697 1407 mixtum
717 1376 845 1407 habent

138 1429 396 1465 argumentum:
421 1425 464 1455 de
487 1435 523 1456 se
541 1426 632 1457 enim
653 1426 723 1466 agit
735 1425 844 1457 Poeta

137 1473 382 1514 προηγουμένως,
411 1474 522 1506 obiter
540 1485 620 1507 vero
642 1475 684 1507 de
710 1474 846 1516 aequali-

137 1524 200 1556 bus
219 1525 280 1556 sibi
292 1524 425 1565 Po'e'tis,
441 1535 525 1566 quos
539 1525 689 1557 traducit
703 1537 710 1556 :
731 1529 844 1566 poste-

138 1574 244 1607 riores
271 1580 405 1616 septem
420 1586 548 1607 meram
570 1577 747 1608 continent
763 1576 845 1608 alio-

136 1635 210 1657 rum
227 1625 414 1658 Poetarum
430 1626 634 1659 irrisionem.
659 1625 845 1668 Singularis

136 1675 315 1708 modestiae
331 1681 398 1717 est,
414 1677 505 1718 quod
517 1682 622 1719 negat
633 1688 668 1709 se
679 1678 843 1709 Poetam:

138 1727 299 1769 quodque
316 1737 350 1759 se
368 1728 410 1758 ad
428 1732 556 1759 tantam
579 1728 722 1770 gloriam
737 1738 780 1760 ne
797 1738 846 1759 as-

139 1778 253 1818 pirare
280 1778 416 1819 quidem
445 1777 598 1810 fatetur:
636 1782 672 1809 et
706 1778 846 1819 praemia

138 1827 257 1860 Poetis
288 1828 408 1860 debita
436 1828 510 1860 aliis
535 1838 633 1870 aequo
659 1828 770 1859 animo
794 1837 845 1859 re-

137 1878 305 1920 linquere.
325 1879 458 1910 Casaub.

182 1933 198 1961 l
225 1930 293 1961 Nec
301 1928 394 1968 fonte
409 1928 509 1968 labra,
524 1928 595 1970 Sym]
616 1928 673 1960 Sic
685 1928 772 1960 enim
786 1938 846 1960 sua

137 1983 316 2020 extenuat,
347 1983 386 2011 ut
409 1979 507 2011 simul
533 1980 726 2020 ineptorum
742 1979 847 2010 homi·

138 2041 218 2063 num
244 2030 370 2062 fastum
398 2030 560 2062 retundat
576 2034 613 2061 et
630 2030 760 2061 urbane
776 2039 846 2061 cas-

139 2081 238 2122 tiget.
265 2082 361 2113 Nota
384 2081 523 2112 Horatii
546 2090 612 2112 non
636 2079 720 2111 falsa
737 2080 847 2121 queri-

137 2132 270 2163 monia:
308 2132 317 2149 ‘
333 2131 519 2164 Scribimus
536 2131 667 2162 indocti
683 2131 846 2172 doctique

138 2181 300 2223 poemata
312 2181 460 2222 passim!
485 2181 608 2212 Tulere
624 2182 687 2212 hoc
707 2181 844 2221 indigne

139 2232 283 2273 legitimi
299 2232 476 2263 Musarum
488 2235 605 2272 mystae
621 2241 629 2261 ε
644 2231 701 2272 qui
713 2231 844 2262 illarum

139 2293 235 2316 sacra
251 2282 337 2315 adeo
358 2282 450 2314 foede
477 2282 583 2323 pollui
598 2291 666 2312 non
684 2285 845 2322 poterant

139 2344 206 2366 non
228 2333 354 2365 dolere.
387 2333 488 2366 Quod
502 2333 605 2373 igitur
621 2332 669 2365 ait
686 2332 840 2364 Persius:

137 2386 146 2403 ‘
164 2386 241 2418 Nec
267 2384 364 2417 fonte
390 2384 486 2419 labra
504 2383 614 2424 prolui
641 2382 809 2414 caballino
823 2381 843 2413 :’

138 2445 206 2467 non
222 2440 326 2477 negat
349 2434 490 2476 praecise
509 2432 644 2465 modico
661 2442 697 2463 se
722 2433 845 2464 haustu

138 2485 244 2518 fontis
257 2486 345 2517 sacri
357 2486 534 2517 Musarum
549 2483 652 2515 fuisse
664 2486 819 2524 potatum
834 2493 843 2521 ;

138 2535 280 2567 vixdum
308 2535 395 2567 fonti
418 2536 573 2575 Pegaseo
611 2533 707 2565 labra
732 2533 845 2564 admo-

140 2585 250 2617 visse:
274 2587 335 2617 sed
357 2595 415 2617 eos
440 2585 574 2624 irridet,
589 2584 646 2626 qui
662 2583 771 2615 videri
788 2593 845 2615 vo-

141 2636 259 2668 lebant
289 2641 399 2669 totum
426 2638 520 2668 illum
548 2635 753 2668 exhausisse.
799 2635 845 2666 Et

142 2686 285 2720 fortasse
321 2688 479 2730 privatim
514 2687 681 2730 quendam
720 2686 843 2728 tangit,

891 739 969 780 &c.

894 1222 951 1264 qui
965 1223 1033 1254 tale
1044 1220 1125 1263 quid
1141 1220 1184 1252 de
1200 1229 1236 1251 se
1253 1218 1479 1257 νεανικώτερον,
1495 1216 1601 1247 seculi

893 1273 978 1304 vitio
1017 1281 1107 1310 usus,
1138 1271 1343 1311 jactaverat.
1397 1266 1502 1299 Aliud
1538 1271 1602 1305 est,

894 1323 1029 1354 modice
1060 1322 1102 1352 de
1133 1319 1231 1351 fonte
1257 1319 1400 1356 bibere3
1425 1317 1529 1357 aliud,
1557 1315 1600 1346 de

893 1373 990 1404 fonte
1005 1372 1174 1413 proluere.
1190 1365 1602 1406 Casaub0n11s.—Nec‚8yc.]

895 1423 938 1454 Id
955 1427 1019 1462 est,
1040 1423 1115 1462 Ego
1145 1420 1286 1452 Persius
1307 1419 1439 1450 nullum
1465 1425 1603 1458 prorsus

896 1483 974 1505 cum
1000 1473 1112 1504 Musis
1138 1470 1379 1504 commercium
1394 1468 1516 1507 habeo,
1537 1476 1602 1498 nec

896 1534 982 1555 unus
1013 1523 1147 1554 illorum
1174 1532 1259 1562 sum,
1273 1521 1329 1562 qui
1345 1518 1472 1560 egregii
1489 1518 1604 1549 Musa-

895 1584 968 1606 rum
986 1579 1065 1605 sunt
1079 1573 1191 1613 amici,
1215 1572 1322 1614 qualis
1336 1570 1401 1602 fuit
1417 1568 1604 1608 Hesiodus,

896 1630 932 1657 et
959 1625 1099 1663 Ennius,
1125 1629 1165 1655 ut
1193 1624 1250 1665 qui
1272 1622 1370 1653 labra
1399 1630 1474 1651 mea
1499 1618 1604 1651 fontis

896 1675 1053 1716 Pirenes‚
1070 1674 1227 1716 Pegasei,
1255 1673 1308 1704 vel
1325 1671 1485 1703 caballini
1502 1680 1602 1712 aqua,

894 1726 1047 1758 bibendo
1074 1734 1246 1766 nunquam
1272 1720 1442 1754 madefeci
1464 1721 1517 1751 vel
1533 1719 1605 1751 irri-

896 1777 1143 1818 gavi.—F⁰nte‚
1156 1776 1224 1815 ἔξω]
1235 1772 1452 1813 Periphrasis
1464 1775 1517 1802 est
1530 1769 1602 1802 fon-

896 1827 953 1866 tis,
970 1826 1028 1867 qni
1043 1825 1176 1857 Graecis
1192 1821 1374 1863 ἱπποκρήνη,
1396 1820 1490 1863 quasi
1508 1820 1603 1852 dicas

896 1876 976 1917 equi
1001 1875 1088 1916 fons,
1110 1874 1250 1914 dicitur,
1273 1877 1309 1904 et
1334 1871 1416 1903 alias
1443 1871 1604 1910 Pegaseus

897 1927 1104 1967 appellatur,
1127 1936 1168 1957 eo
1184 1925 1273 1966 quod
1290 1933 1396 1965 equus
1412 1922 1520 1954 alatus
1535 1921 1603 1952 Pe-

897 1987 1010 2019 gasus,
1037 1986 1115 2008 cum
1152 1977 1187 2006 in
1221 1978 1371 2006 montem
1401 1971 1604 2004 Heliconem

897 2027 1077 2067 evolasset,
1093 2026 1219 2067 ungula
1229 2034 1346 2056 saxum
1359 2022 1499 2062 feriens,
1526 2030 1604 2052 eum

898 2077 1069 2118 aperuisse
1100 2076 1252 2108 creditus
1280 2074 1335 2106 sit.
1380 2072 1469 2104 Vide
1499 2071 1603 2104 Ovid.

898 2129 990 2160 Fast.
1008 2136 1064 2159 111.
1082 2127 1225 2158 Metam.
1238 2135 1273 2156 v.
1302 2124 1392 2155 Plin.
1408 2124 1503 2154 1v.7.
1529 2122 1602 2162 Hy-

897 2178 1023 2219 ginum.
1070 2177 1156 2209 Erat
1180 2186 1260 2216 ergo
1277 2175 1332 2205 hic
1354 2173 1428 2204 fons
1454 2173 1488 2203 in
1505 2171 1604 2203 Heli-

897 2238 983 2261 cone
997 2228 1142 2260 Boeotiae
1167 2230 1283 2258 monte
1310 2222 1454 2255 Phocidi
1470 2221 1602 2254 vicinus

890 2280 992 2321 juxta
1006 2278 1150 2317 Thebas,
1172 2286 1239 2308 non
1256 2274 1373 2316 procul
1388 2284 1407 2304 a
1420 2273 1603 2312 Parnasso,

897 2330 1049 2372 Apollini
1062 2332 1098 2361 et
1108 2328 1217 2359 Musis
1228 2335 1335 2358 sacer.
1363 2323 1603 2356 Lahiru—Pro-

896 2381 954 2421 lui]
979 2382 1056 2413 Non
1082 2380 1210 2411 aurium
1235 2383 1334 2409 tenus
1359 2374 1602 2417 ingurgitando

895 2431 1056 2472 immersi,
1079 2439 1148 2461 non
1172 2429 1274 2470 plane
1303 2427 1399 2459 hausi
1424 2427 1601 2458 Musarum

895 2481 1021 2522 sontes,
1051 2481 1119 2512 imo
1140 2479 1196 2512 vix
1211 2479 1330 2521 primis
1347 2477 1483 2520 quidem
1497 2475 1601 2506 labris

895 2532 1025 2564 fontem
1062 2532 1254 2572 Pegaseum
1290 2528 1414 2560 leviter
1445 2524 1602 2565 attigi.—

895 2584 998 2615 Bond.
1037 2580 1359 2619 Farn.—-Caballino]
1402 2575 1500 2607 Dicit
1532 2582 1600 2605 non

896 2634 1017 2675 equino,
1039 2633 1117 2676 quia
1142 2627 1373 2664 contemnenti
1398 2629 1433 2656 et
1459 2623 1600 2655 subsan-

896 2686 992 2719 nanti
1025 2695 1066 2717 ea
1103 2694 1169 2715 vox
1196 2684 1270 2714 erat
1296 2678 1418 2720 aptior.
1465 2673 1598 2706 Casaub.
