1888 3032
257 135 343 178 146

752 142 798 171 Α.
832 139 993 170 PERSH
1029 138 1200 169 FLACCI

261 241 414 296 Ocyus
436 239 490 281 ad
512 249 694 278 navem:
724 236 830 275 nihil
852 236 1012 283 obstat,
1037 233 1141 287 quin
1161 234 1282 274 trabe
1301 238 1431 276 vasta

260 310 465 362 AEgaeum
489 306 650 358 rapias,
672 304 755 343 nisi
776 303 912 343 solers
934 301 1112 342 luxuria
1131 305 1231 341 ante

260 377 498 418 seductum
520 375 715 413 moneat:
749 370 850 420 Quo
870 369 1039 418 deinde,
1065 369 1232 418 insane,
1254 368 1376 409 ruis?
1409 369 1529 422 quo‘?

256 443 377 494 ,Quid
398 443 477 483 tibi
497 441 596 482 vis?
629 439 774 481 calido
793 439 873 478 sub
895 442 1066 491 pectore
1087 437 1286 479 mascula
1307 437 1407 477 bilis

258 595 337 622 cam,
363 587 394 614 et
419 583 484 614 ι’ἰηὶ
511 584 671 622 lagenam,·
694 585 729 611 et
755 588 917 621 properas
942 580 1050 610 statim
1065 580 1105 609 ml
1121 590 1248 610 ‘rint-em.-
1271 579 1351 609 w'hz‘l
1366 581 1539 609 remoratur
1563 576 1721 616 quominus

257 628 366 667 rapide
380 627 485 657 subeas
500 635 591 656 mare
616 626 751 663 AEgeum
768 624 889 662 ingenti
906 632 992 661 nare,
1004 626 1215 662 ριάτθνηιιιυη
1230 622 1258 652 si
1284 622 1409 652 luxuria
1433 625 1523 651 cauta
1545 620 1724 650 dehortetur

257 673 288 700 te
302 669 390 710 prius
404 671 530 700 ductum
545 678 677 698 seorsum
688 679 698 703 ;
723 667 852 704 dicens,
867 676 924 705 quo
940 665 1080 704 deinceps
1092 674 1249 705 properas,
1271 675 1290 695 ο
1312 662 1457 695 clemens?
1483 664 1587 702 Ecqua
1600 661 1614 694 ’.Ρ
1637 661 1723 696 Quid

258 712 317 742 tibi
333 709 466 752 qiam-is?
512 712 646 751 Nempe
663 708 808 750 efferbuit
823 708 876 739 sub
892 708 982 738 corde
997 709 1122 738 ardenti
1138 708 1210 738 bitis
1224 707 1335 747 virilis,
1350 717 1440 747 quam
1451 707 1597 746 amphora
1613 705 1722 735 cicutae

873 803 989 815 oooooo

993 803 1109 814 eeeeee

256 863 459 902 ¹stantissimi
476 871 737 899 annotaverunt.
764 867 1043 899 &molchom—141
1067 877 1154 908 puer.
1171 868 1198 897 is
1213 865 1294 909 (sic)
1311 866 1377 897 Ms.
1396 866 1436 897 R.
1482 864 1580 896 obstet
1596 864 1663 895 Ms.
1679 864 1722 895 R.

925 965 1062 997 NOTAE

257 1034 357 1071 porto.
390 1030 512 1061 Horat.
537 1030 608 1060 Sat.
628 1038 651 1061 1.
669 1032 700 1060 6.
726 1029 735 1046 ‘
750 1029 856 1060 Pueri
878 1030 963 1060 lasa-

257 1092 337 1113 num
354 1085 544 1122 portantes,
561 1080 872 1120 oenophorumque.'

302 1128 428 1172 Aptas]
444 1130 498 1161 Ad
515 1140 633 1160 navem
651 1129 838 1161 deferenda
859 1130 964 1170 impo-

260 1182 326 1214 nis.

304 1235 363 1263 141
391 1233 495 1272 Ocyus
520 1233 560 1262 ad
585 1231 706 1270 narem]
732 1231 837 1262 Forte
862 1231 966 1262 verba.

261 1286 341 1313 sunt
357 1283 477 1313 Damae
500 1281 697 1321 imperantis
721 1290 838 1321 puero,
854 1285 891 1311 ut
908 1281 965 1312 de-

259 1331 350 1362 ferre
380 1331 523 1363 festinet
552 1331 745 1371 impositum
773 1341 874 1362 onus:
909 1332 964 1362 vel

259 1387 338 1417 sunt
355 1383 476 1413 Poetae
494 1382 535 1412 ad
553 1383 712 1413 Damam.

306 1433 399 1464 Nihil
413 1432 528 1472 obstat]
566 1431 733 1463 Omnibus
760 1432 831 1472 jam
864 1431 905 1462 ad
930 1431 964 1462 id

263 1484 481 1524 comparatis.

309 1534 408 1565 Trabe
422 1533 525 1573 casta]
561 1533 795 1574 Synecdoche.
830 1532 884 1564 Sic
899 1533 966 1563 Ho-

262 1589 326 1615 rat.
357 1585 424 1616 Od.
449 1594 474 1615 1.
497 1588 524 1615 1.
551 1585 560 1601 ⁴
577 1584 687 1615 Trabe
715 1583 845 1623 Cypria
873 1583 966 1623 Myr-

262 1641 355 1666 toum
372 1634 513 1675 pavidus
529 1638 634 1664 nauta
649 1638 742 1664 secet
759 1633 875 1664 mare.’

304 1687 367 1715 1212
384 1686 530 1723 AEgoeum
545 1683 663 1723 rapias]
678 1682 812 1722 Rapide
830 1692 966 1722 percur-

261 1744 315 1765 ras
332 1743 422 1765 mare
438 1735 593 1774 AEgmnn,
610 1738 646 1764 et
662 1732 841 1774 quodlibet
862 1733 964 1764 aliud.

261 1785 495 1825 Synecdoche.
871 1808 874 1811 ,

305 1835 466 1874 AE’goeum]
513 1834 621 1865 Maris
650 1833 897 1865 Mediterranei
925 1833 966 1863 si-

262 1894 323 1916 nus
347 1888 400 1915 est
428 1884 667 1924 amplissimus,
692 1884 862 1914 Graeciam
880 1884 967 1914 inter

262 1940 298 1967 et
314 1935 430 1965 Asiam
447 1935 623 1965 minorem.
668 1934 724 1964 Ita
745 1939 897 1972 vocatur,
912 1934 965 1966 vel

262 1986 305 2017 ab
321 1987 427 2026 AEgeo
449 1985 567 2015 Thesei
585 1989 696 2025 patre,
714 1985 770 2015 vel
794 1984 836 2015 ab
860 1984 968 2024 AEgea

262 2035 473 2066 Amazonum
500 2035 644 2075 Regina,
661 2035 719 2076 qui
746 2035 779 2065 in
801 2045 839 2066 eo
858 2035 967 2075 perie-

262 2089 354 2116 runt.
399 2086 465 2115 Vel
482 2085 524 2117 ab
548 2085 630 2116 urbe
658 2086 807 2116 Euboica
821 2087 915 2125 ,Ἐξ-ε,
930 2090 968 2116 ut

263 2136 337 2166 vult
352 2135 487 2167 Strabo.
526 2135 655 2166 Plinius
681 2144 734 2167 ιν.
760 2139 809 2166 ll.
838 2136 887 2166 sic
913 2137 969 2166 ha-

263 2185 344 2217 bet:
369 2187 378 2203 ‘
396 2185 502 2226 AEgeo
521 2186 603 2216 mari
628 2195 750 2216 nomen
773 2185 868 2216 dedit
892 2195 965 2216 sco-

262 2237 362 2277 pulus
377 2236 555 2268 Tenedum
582 2236 671 2266 inter
699 2241 734 2266 et
759 2236 891 2275 Chium,
910 2246 964 2267 ve-

262 2287 329 2317 rius
346 2297 444 2327 quam
463 2287 587 2326 Insula,
600 2287 675 2318 Aex
692 2287 839 2326 nomine,
856 2298 874 2318 a
891 2298 964 2328 spe-

263 2336 315 2365 cie
333 2346 456 2375 caprae,
486 2347 561 2377 quae
589 2337 637 2368 ita
661 2337 791 2367 Graecis
813 2343 965 2376 vocatur,

263 2383 341 2426 (αἲξ)
358 2385 390 2414 in
406 2386 517 2415 medio
535 2387 619 2418 mari
638 2392 780 2426 repente
798 2387 961 2418 exiliens-⁷

310 2434 414 2465 Solers
429 2436 569 2474 lua-uria]
593 2437 879 2477 Blanda‚callida,
893 2448 966 2477 pro-

266 2484 385 2516 videns
416 2489 450 2515 te
480 2485 542 2515 sibi
574 2486 664 2515 velut
695 2486 845 2525 praedam
868 2486 966 2525 eripi,

268 2537 361 2567 velut
375 2535 577 2576 mancipium
603 2540 637 2565 et
661 2545 794 2565 servum
818 2535 907 2565 elabi
929 2541 966 2566 et

266 2587 379 2628 perire
397 2586 469 2625 sibi,
496 2586 523 2616 si
544 2586 647 2616 semel
663 2585 814 2624 naviges,
839 2589 875 2616 et
891 2594 965 2616 ava-

266 2637 353 2670 riiiae
368 2642 402 2668 te
417 2636 589 2679 mancipes
607 2641 643 2667 et
660 2636 810 2666 addicas.

310 2687 467 2729 Luxuria]
500 2687 635 2728 Morum
649 2686 839 2728 dissolutio,
856 2686 967 2728 inquit

1020 1031 1150 1069 Festus,
1167 1029 1253 1060 sicut
1275 1029 1356 1059 luxa
1378 1027 1530 1058 membra
1553 1025 1729 1066 appellan-

1021 1084 1088 1118 tur,
1111 1089 1187 1120 quae
1211 1080 1322 1110 soluta
1351 1083 1386 1109 et
1409 1087 1468 1108 suo
1496 1077 1570 1108 loco
1597 1075 1726 1106 dimota

1022 1133 1111 1160 sunt.

1066 1181 1126 1209 143
1165 1177 1348 1217 Seductum]
1395 1177 1591 1217 Deceptum
1623 1179 1726 1207 antea

1021 1234 1288 1270 corruptumque
1314 1230 1382 1259 suis
1406 1227 1575 1259 illecebris
1603 1230 1638 1257 et
1667 1235 1724 1256 vo-

1021 1279 1217 1318 luptatibus
1241 1279 1305 1309 Vel
1322 1288 1437 1308 sensus
1454 1282 1527 1308 est:
1552 1276 1616 1307 nisi
1631 1277 1726 1306 luxu-

1021 1330 1083 1367 ria,
1095 1333 1276 1369 antequam
1294 1328 1405 1358 navim
1423 1327 1642 1363 conscendas,
1657 1336 1725 1357 mo-

1018 1378 1098 1409 nitis
1115 1378 1156 1408 ab
1173 1379 1322 1418 incoepto
1347 1386 1447 1408 cursu
1473 1377 1671 1407 dehortetur
1686 1386 1726 1408 ac

1020 1433 1179 1458 revocet:
1206 1427 1344 1457 ductum
1373 1436 1454 1457 vero
1481 1425 1666 1466 separatim
1690 1430 1725 1457 te

1022 1477 1219 1518 alloquitur,
1237 1477 1316 1518 quia
1331 1477 1435 1508 habet
1452 1476 1577 1518 aliquid
1599 1475 1728 1516 puden-

1021 1527 1111 1565 dum,
1128 1527 1218 1557 unde
1236 1532 1270 1557 et
1295 1527 1441 1557 arbitros
1466 1530 1630 1557 removet.
1678 1525 1728 1557 At

1020 1588 1086 1608 non
1103 1579 1151 1608 ita
1167 1578 1251 1608 lucri
1269 1577 1453 1617 cupiditas,
1475 1577 1576 1606 immo
1605 1580 1725 1616 aperte

1021 1628 1112 1667 agit;
1138 1637 1178 1658 eo
1206 1628 1295 1668 quod
1317 1626 1487 1657 neminem
1517 1626 1623 1666 pudet
1653 1635 1726 1656 rem

1021 1676 1150 1716 facere,
1168 1682 1203 1707 et
1221 1686 1357 1717 augere.
1662 1704 1665 1706 ,

1022 1752 1025 1754 —
1065 1728 1133 1763 Quo
1149 1728 1269 1767 deinde,
1291 1728 1408 1767 insane,
1425 1727 1502 1765 ruis,
1517 1725 1585 1766 δικ]
1608 1724 1727 1756 Verba

1020 1782 1097 1808 sunt
1124 1778 1266 1808 luxuriae
1301 1778 1445 1808 Damam
1479 1787 1498 1807 a
1535 1775 1727 1815 navigando

1022 1828 1237 1859 deterrentis.

1065 1881 1192 1920 Iasone]
1217 1880 1285 1913 Qui
1301 1885 1354 1911 tot
1371 1879 1545 1911 molestias
1560 1882 1594 1910 et
1611 1878 1730 1910 discri-

1020 1933 1111 1964 mina
1127 1943 1193 1964 non
1211 1933 1350 1964 vereris.
1721 1931 1724 1933 ’

1066 1987 1126 2015 144
1155 1984 1239 2018 Quid
1259 1983 1403 2023 notris]
1427 1983 1512 2014 Quae
1529 1990 1634 2020 mem,
1650 1990 1724 2021 quae

1023 2034 1110 2064 ratio
1125 2038 1158 2064 te
1172 2033 1288 2063 ducit?
1315 2033 1422 2063 Innno
1436 2032 1510 2072 quis
1530 2031 1622 2061 furor
1639 2031 1727 2061 abri-

1024 2084 1075 2124 pit
1088 2085 1098 2114 ?

1069 2136 1179 2165 Calido
1194 2134 1248 2165 sub
1272 2138 1408 2174 pectore,
1431 2133 1498 2173 So]
1522 2133 1622 2164 Unde
1645 2142 1725 2164 vero

1019 2185 1092 2215 haec
1107 2185 1170 2215 tibi
1185 2185 1334 2215 insania?
1353 2185 1407 2215 An
1422 2194 1465 2215 ex
1477 2182 1725 2215 effervescente

1020 2235 1101 2265 bili?
1125 2235 1225 2265 Forte
1251 2235 1301 2265 his
1327 2234 1454 2265 duobus
1479 2233 1654 2264 versiculis
1676 2234 1724 2263 in-

1020 2284 1156 2315 dicatur
1170 2285 1281 2315 Dama
1293 2283 1455 2314 adversus
1470 2283 1635 2313 luxuriam
1648 2281 1727 2313 fati-

1023 2340 1158 2375 gantem
1189 2335 1395 2372 obluctatus,
1430 2334 1472 2364 ad
1513 2332 1724 2364 iracundiam

1021 2394 1139 2425 usque„

1064 2437 1206 2466 BIascula
1223 2436 1307 2474 bilis]
1334 2434 1564 2465 Effoeininatos
1595 2434 1725 2465 animos

1022 2490 1114 2514 amat
1143 2485 1287 2522 luxuria,
1318 2494 1383 2514 non
1425 2485 1544 2514 mirum
1583 2492 1664 2523 ergo
1698 2485 1726 2515 si

1021 2533 1159 2564 damnat
1186 2535 1349 2564 masculam
1377 2534 1478 2573 bilem,
1505 2534 1600 2564 velut
1632 2533 1724 2565 furo·

1021 2593 1112 2621 rem3
1131 2588 1166 2614 et
1178 2585 1323 2614 Damam
1337 2584 1429 2614 velut
1441 2582 1617 2613 furiosum.
1642 2585 1725 2615 Por·

1022 2644 1059 2664 ro
1076 2635 1162 2665 sicut
1178 2634 1273 2673 Virg.
1293 2633 1410 2673 Eclog.
1428 2641 1509 2664 v111.
1535 2633 1623 2664 dixit
1643 2644 1723 2665 mas-

1020 2685 1088 2716 cula
1104 2685 1206 2724 thura,
1222 2684 1268 2715 sic
1285 2683 1424 2721 Persius
1441 2684 1530 2715 bilem
1546 2684 1727 2721 masculam,
