1888 3032
459 145 693 185 momiws,
727 146 786 176 Εἰ·
817 144 1088 176 scnlssENDI
1115 142 1331 172 GENERE.
1564 130 1611 170 1]

166 245 266 287 loco
300 243 622 296 comprobavit,
643 254 781 295 neque
804 253 1053 294 quenquam
1075 239 1200 292 sugit,
1225 240 1409 291 quantos
1439 236 1621 289 plausus

165 324 324 353 scurrae
350 310 517 363 passim
538 313 578 349 et
613 309 843 349 sanniones
866 308 1036 348 tulerint
1056 312 1200 348 nostra
1229 305 1437 345 memoria
1463 305 1505 344 in
1525 303 1622 357 phi-

164 378 370 431 losophia
390 378 543 418 critica
559 375 808 424 deridenda,
837 376 938 415 dum
976 375 1221 415 defensores
1252 374 1346 427 ejus
1383 371 1620 413 doctissimi

162 450 294 500 atque
328 445 570 486 acutissimi
601 457 685 484 non
715 442 921 483 intellecti
943 443 1006 483 illi
1037 442 1211 495 quidem
1238 452 1375 481 causa
1407 438 1620 479 cecidisse

161 512 400 553 videantur.
476 510 814 551 Innumerabiles
849 515 1059 562 praeterea
1094 512 1193 548 sunt
1226 508 1428 556 rationes,
1461 506 1621 559 quibus

166 579 379 621 Horatius
398 592 505 620 usus
535 581 618 626 est,
651 576 706 617 ad
728 589 816 616 rem
837 576 1027 629 aliquam
1052 574 1168 615 haud
1188 587 1285 615 raro
1305 575 1527 626 vulgarem
1545 586 1623 613 no-

162 647 293 687 vitate
320 647 467 699 aliqua
490 650 534 686 et
560 647 789 685 venustate
819 641 1222 691 commendandam,
1246 654 1345 694 quae
1367 640 1623 692 ingeniosis-

162 714 333 764 simum,
382 712 722 753 versatissimum
762 711 1032 763 rationisque
1070 710 1271 750 humanae
1309 707 1621 762 peritissimum

160 780 364 830 indicant,
385 780 830 834 politissimorumque
848 778 1070 819 hominum
1092 777 1354 818 commercio
1371 780 1414 816 et
1435 787 1621 815 consue-

160 847 307 888 tudine
326 861 467 897 usum,
489 859 671 901 quarum
691 858 835 899 pauca
863 849 1027 885 tantum
1059 843 1249 895 vestigia
1281 843 1324 882 in
1358 841 1512 882 Persio
1549 840 1622 880 de-

161 914 488 967 prehenduntur.
551 912 707 966 Neque
736 925 841 952 sane
865 916 947 960 est,
982 911 1098 964 quod
1131 911 1346 958 miremur,
1383 910 1444 949 ita
1465 923 1511 950 se
1530 921 1621 949 rem

159 982 334 1023 habere:
391 981 561 1022 Etenim
582 980 787 1020 satiricus
807 980 851 1020 in
869 979 1091 1019 hominum
1120 977 1357 1031 frequentia
1376 977 1509 1018 debet
1526 989 1621 1018 ver·

162 1050 266 1099 sari,
288 1054 334 1090 ut
354 1061 502 1090 eorum
529 1048 714 1101 ingenia,
747 1059 904 1096 moreS,
927 1047 1031 1087 vitae
1063 1044 1418 1088 consuetudinem
1439 1056 1621 1096 cognos-

162 1123 247 1167 cat,
267 1117 409 1157 nonin
428 1117 584 1157 umbra
603 1120 646 1156 et
665 1114 911 1163 solitudine,
934 1113 979 1153 in
995 1126 1082 1166 qua
1100 1111 1310 1165 majorem
1329 1111 1431 1152 vitae
1452 1114 1620 1164 partem

162 1184 343 1225 Persius
363 1184 564 1236 exegisse
585 1183 766 1224 videtur.
829 1181 919 1232 Qui
938 1181 1113 1235 quidem
1128 1180 1171 1220 in
1186 1179 1405 1220 hominum
1426 1178 1621 1220 moribus

159 1257 202 1293 et
233 1252 350 1293 vitiis
380 1251 676 1292 describendis
712 1262 882 1290 summa
912 1249 1042 1289 utitur
1075 1247 1294 1300 diligentia
1316 1246 1621 1300 coloribusque

160 1320 538 1373 exquisitissimis:
588 1319 664 1359 sed
700 1320 742 1359 in
777 1318 1064 1366 lineamentis,
1100 1330 1199 1370 quae
1236 1315 1369 1356 ducta
1389 1318 1505 1363 sunt,
1537 1325 1622 1354 non

159 1386 299 1427 levem
325 1390 370 1427 et
390 1388 513 1440 quasi
534 1386 733 1438 fugacem
754 1385 938 1427 artificis
957 1397 1147 1434 manum,
1181 1384 1259 1425 sed
1278 1384 1495 1424 timentem
1516 1385 1557 1422 et
1577 1382 1620 1422 in

158 1453 336 1494 minutis
357 1456 606 1493 accuratam
639 1452 860 1505 agnoscis,
893 1456 941 1493 ut
971 1452 1122 1492 statim
1159 1454 1383 1504 appareat,
1423 1454 1620 1490 naturam

161 1520 246 1560 sibi
267 1521 409 1573 ipsam
429 1533 527 1560 eum
547 1532 631 1561 non
651 1520 951 1573 proposuisse,
988 1519 1065 1559 sed
1100 1519 1272 1572 regulas
1305 1522 1502 1558 secutum
1522 1529 1619 1558 esse

159 1591 201 1629 et
219 1592 457 1641 praecepta,
488 1600 626 1641 eaque
644 1588 853 1628 imitando
874 1587 1166 1640 expressisse,
1201 1599 1299 1639 quae
1323 1586 1420 1639 jam
1444 1586 1500 1625 ab
1519 1584 1619 1626 aliis

159 1668 367 1709 expressa
385 1654 552 1695 viderit.
614 1654 728 1705 Quae
748 1668 883 1696 causa
914 1668 1089 1708 quoque
1109 1658 1188 1704 est,
1215 1658 1263 1695 ut
1295 1654 1393 1694 loca
1413 1651 1618 1706 quaedam

159 1736 245 1763 non
264 1723 405 1776 polita
426 1722 569 1763 solum
590 1723 825 1778 diligenter,
862 1723 939 1764 sed
970 1723 1088 1764 cultu
1109 1734 1295 1776 operoso
1315 1721 1507 1774 undique
1529 1720 1620 1760 col-

160 1791 275 1830 lecto
302 1803 428 1842 paene
467 1790 606 1843 rigida
643 1791 885 1841 videantur,
925 1790 1128 1844 quaedam
1164 1789 1354 1830 oratorio
1387 1788 1487 1828 fuco
1507 1788 1617 1829 adeo

161 1857 364 1906 obducta,
398 1861 459 1905 ut,
499 1870 598 1910 quae
631 1858 816 1906 subsint,
849 1871 973 1898 nemo
1004 1858 1249 1910 perspicere
1267 1855 1420 1909 possit.
1481 1854 1619 1895 Porro

158 1937 241 1974 res,
274 1925 493 1978 exempla,
525 1924 843 1974 similitudines,
882 1937 982 1978 quae
1024 1928 1338 1977 proponuntur,
1381 1935 1466 1962 non
1501 1921 1620 1962 domi

158 1996 264 2033 nata
289 1996 363 2032 aut
396 1996 550 2045 sponte
568 1992 737 2040 oborta,
772 1991 850 2031 sed
869 1991 1020 2032 schola
1039 1990 1238 2031 videntur
1256 1990 1405 2037 allata,
1428 1988 1618 2041 ideoque

160 2071 281 2111 saepe
314 2071 400 2099 non
436 2062 613 2098 movent
644 2059 836 2098 animum
865 2058 1056 2106 lectoris,
1077 2071 1155 2097 nec
1190 2057 1414 2109 inopinato
1446 2056 1617 2106 feriunt,

159 2124 235 2165 sed
265 2124 465 2176 frigidum
485 2124 727 2178 relinquunt
746 2125 953 2166 adhibitae
975 2126 1081 2166 artis
1116 2124 1438 2164 admiratorem.
1502 2122 1616 2173 Quae

160 2192 270 2232 vitia
290 2191 449 2239 omnia,
477 2204 504 2231 a
527 2192 684 2243 quibus
704 2204 758 2231 ne
778 2193 931 2244 optimi
951 2192 1125 2245 quidem
1151 2191 1451 2232 Romanorum
1472 2189 1617 2243 po'e’tae

161 2259 336 2300 omnino
353 2258 477 2298 liberi
497 2262 610 2307 sunt,
641 2271 699 2297 ex
720 2263 992 2311 praepostera
1011 2260 1228 2298 rhetorum
1247 2257 1499 2309 disciplina,
1517 2270 1616 2310 quae

158 2331 247 2368 tum
261 2328 450 2366 maxime
471 2327 612 2378 vigere
629 2325 781 2378 coepit,
796 2327 930 2378 repeti
946 2330 1145 2378 possunt,
1161 2337 1250 2376 qua
1267 2323 1389 2376 prius
1402 2322 1618 2364 discerent

153 2393 356 2447 juveneS,
378 2392 741 2446 quemadmodum
762 2392 937 2432 inventa
954 2396 1096 2432 essent
1114 2390 1356 2439 tractanda,
1379 2403 1509 2443 quam
1529 2391 1616 2444 ipsi

157 2473 297 2501 rerum
319 2461 566 2512 cognitione
598 2460 706 2501 satis
743 2461 957 2508 instructi,
981 2473 1078 2513 quae
1101 2460 1259 2513 cuique
1288 2463 1533 2510 argumento
1553 2458 1616 2497 fo-

157 2532 248 2569 rent
267 2528 610 2577 accommodata,
640 2529 833 2569 invenire
855 2532 897 2568 et
919 2528 1168 2579 excogitare
1188 2527 1402 2566 valerent:
1439 2525 1615 2577 fierique

159 2595 333 2635 omnino
353 2607 530 2635 necesse
551 2594 646 2644 fuit,
668 2600 729 2644 ut,
752 2595 854 2635 dum
874 2595 1099 2635 memoriae
1121 2594 1286 2634 infinita
1304 2593 1379 2633 illa
1394 2596 1616 2645 praecepta

161 2660 484 2711 inculcarentur,
507 2661 682 2716 ipsique
710 2662 755 2702 in
780 2661 972 2714 legendis
998 2660 1142 2714 poetis
1162 2665 1204 2701 et
1225 2659 1466 2701 oratoribus
1481 2658 1537 2700 ad
1561 2672 1615 2701 ea
