1888 3032
788 161 833 192 Λ.
855 161 1036 192 mansu.
1551 149 1639 192 293

231 258 343 294 Anno
381 257 675 296 ummah—In
709 257 786 295 fine
819 258 899 295 solii
926 259 957 295 B
991 258 1152 308 legitur:
1186 263 1195 278 ‘
1219 256 1388 295 Coloniae
1420 255 1456 294 in
1486 255 1636 294 aedibus

234 321 416 358 Eucharii
437 322 685 359 Cervicorni.'
731 322 865 358 Mense
886 322 1318 372 August0.—Servatur
1336 321 1372 357 in
1391 319 1492 357 Bibl.
1509 319 1637 358 Acad.

234 385 484 436 Heidelberg.
507 385 746 435 significante
772 385 883 421 nobis
912 385 1146 434 perhumane
1177 385 1268 422 Viro
1297 384 1350 433 pl.
1371 397 1451 421 rev.
1473 389 1509 420 et
1529 382 1638 421 doct.

234 449 323 486 Car.
346 450 660 499 Buttinghausen‚
681 448 822 485 Theoi.
840 450 888 485 D.
910 455 948 484 ct
964 447 1068 484 Prof.

186 517 285 550 1593
317 514 561 557 Ascensiana,
583 512 650 549 sol.
674 511 786 549 Persii
808 512 953 561 Satyrae
979 524 1067 548 cnm
1091 511 1261 561 quinque
1290 509 1583 548 Commentariis
1602 514 1642 547 et

234 589 364 614 eorum
385 577 511 614 indice
526 576 783 626 amplissimo:
815 590 855 612 ac
879 578 1102 626 Satyrarum
1124 575 1355 625 argumentis
1375 574 1515 611 Jodoci
1530 572 1642 610 Badii

236 640 428 684 Ascensii,
459 641 518 677 Jo.
540 641 654 690 Bapt.
686 639 838 683 Plautii,
869 639 931 676 Jo.
963 639 1184 683 Murmellii,
1219 640 1280 676 Jo.
1311 638 1534 683 Britannici,
1556 637 1642 674 AElii

241 705 395 742 Antonii
417 704 694 741 Nebrissensis.
737 703 890 741 Auditis
922 703 971 740 ad
999 705 1144 741 calcem
1169 704 1211 740 L.
1233 703 1393 742 Joannis
1414 703 1583 752 Scoppae
1603 701 1640 739 iu

235 769 401 808 eundem
435 769 761 805 annotationibus.
811 768 1089 805 venundantur
1119 769 1157 805 in
1191 768 1340 805 aedibus
1372 767 1512 804 Jodoci
1534 765 1644 803 Badii

238 834 412 872 Ascensii
437 834 667 872 1523.--Ita
693 832 993 881 Hambergerus,
1013 832 1059 869 T.
1085 843 1133 869 11.
1157 845 1195 881 p.
1220 838 1283 874 7‘2.

188 903 286 938 1525
318 898 461 935 Eadem
483 910 528 934 ex
550 896 656 946 prelo
678 896 929 933 Ascensiano.
951 894 1010 932 Cf.
1032 895 1177 944 Engelii
1200 895 1301 932 Bibl.
1325 895 1390 932 sel.
1412 907 1450 944 p.
1474 900 1562 934 124.

183 985 235 992 —
255 962 392 1000 Colon.
415 968 451 1000 8.
472 961 624 998 Persius
645 973 680 997 c.
701 961 857 997 scholiis
877 961 939 997 Jo.
961 959 1166 996 Murmellii
1196 965 1234 996 et
1264 959 1397 995 Herm.
1419 957 1576 995 Buschii
1596 957 1646 995 ad

236 1039 323 1063 eum
357 1026 534 1076 epistola.
584 1025 630 1061 V.
663 1024 764 1061 Bibl.
798 1024 1032 1061 Ernestianae
1059 1024 1145 1062 Cat.
1180 1022 1288 1072 Lips.
1328 1028 1443 1066 1782.
1477 1034 1518 1072 p.
1558 1026 1644 1067 192.

238 1103 276 1127 n.
297 1095 415 1135 9898.

189 1159 288 1196 1527
319 1153 437 1191 Paris.
476 1158 510 1191 8.
546 1165 608 1203 ap.
632 1152 733 1189 Rob.
770 1152 1022 1203 Stephanum.
1052 1150 1204 1188 Persius
1235 1162 1271 1187 e.
1308 1149 1408 1187 notis
1444 1148 1516 1186 AEl.
1552 1150 1646 1186 Ant.

238 1216 510 1255 Nebrissensis.

191 1287 290 1326 15‘29
320 1280 500 1317 Lucronii
534 1279 586 1327 (in
618 1278 819 1328 Hispania)
850 1284 886 1316 S.
923 1277 1073 1315 Persius
1107 1291 1142 1314 c.
1181 1290 1217 1314 n.
1249 1276 1335 1314 AElii
1367 1276 1465 1314 Ant.
1495 1275 1650 1313 Nebris-

239 1345 372 1382 sensis.

191 1413 287 1446 1531
323 1408 441 1445 Paris.
473 1413 509 1445 4.
541 1407 692 1444 Persius
730 1419 764 1443 c.
805 1405 962 1443 scholiis
998 1406 1061 1443 Jo.
1101 1404 1310 1442 Murmellii
1341 1412 1380 1442 et
1411 1417 1475 1455 ep.
1516 1403 1648 1441 Herm.

238 1471 410 1515 Buschii,
432 1483 493 1520 ap.
515 1470 656 1508 Christ.
673 1469 846 1506 Wechel.

187 1557 239 1563 --
261 1535 380 1572 Basil.
403 1540 437 1572 8.
464 1534 624 1571 Persius.
641 1532 730 1570 Vid.
752 1533 907 1577 Goetze,
928 1532 953 1569 l.
973 1531 1071 1569 c.T.
1095 1542 1124 1568 1.
1146 1544 1186 1581 p.
1210 1530 1300 1570 526.
1322 1544 1360 1568 n.
1382 1529 1475 1569 616.

195 1604 293 1637 1533
326 1597 488 1643 Eadem,
511 1597 607 1635 ibid.
626 1610 688 1647 ap.
705 1597 823 1634 eund.

191 1668 291 1702 1538
323 1662 440 1701 Paris.
464 1668 500 1700 4.
525 1662 673 1700 Persius
694 1675 730 1699 c.
750 1661 905 1699 scholiis
920 1661 980 1698 Jo.
998 1660 1204 1698 Murmellii
1219 1666 1329 1708 etep.
1344 1658 1475 1696 Herm.
1493 1656 1652 1694 Buschii

241 1741 288 1765 ex
309 1727 376 1764 off.
397 1727 603 1765 Christiani
623 1727 794 1763 Wechel.
817 1726 880 1763 Cf.
911 1726 957 1763 ad
985 1739 1047 1763 an.
1074 1730 1186 1763 1531.
1208 1731 1246 1761 et
1279 1722 1428 1773 Engelii
1460 1722 1559 1759 Bibl.
1583 1721 1653 1759 sel.

243 1804 282 1840 p.
306 1796 393 1829 123.
413 1791 620 1834 Bauerum‚
640 1790 691 1826 T.
712 1801 784 1828 111.
804 1802 843 1839 p.
869 1789 957 1828 186.

190 1877 243 1882 -
262 1853 453 1899 Coloniae,
485 1859 520 1891 8.
545 1853 657 1890 Persii
688 1854 835 1903 Satyrae
866 1851 1148 1889 obscurissimae
1181 1850 1322 1900 alioqui
1350 1848 1655 1887 luculentissima

243 1917 422 1968 ecphrasi
453 1924 491 1954 et
518 1917 674 1954 scholiis
702 1917 762 1954 Jo.
787 1916 996 1953 Murmellii
1017 1916 1231 1953 illustratae.
1283 1917 1541 1951 Accesserunt
1561 1912 1655 1950 Des.

246 1982 408 2026 Erasmi,
442 1981 628 2019 Roterod.
663 1980 944 2019 Annotationes
971 1987 1010 2017 et
1043 1980 1175 2017 Herm.
1210 1977 1368 2016 Buschii
1398 1976 1574 2026 epistola,
1604 1974 1654 2012 ad

243 2045 532 2096 intelligentiam
558 2045 671 2083 Persii
692 2045 854 2082 multum
881 2044 1118 2081 conducens.
1174 2041 1349 2080 Coloniae
1378 2052 1462 2077 exc.
1482 2040 1653 2078 Joannes

248 2111 482 2160 Gymnicus,
517 2114 633 2147 1538.
668 2110 715 2145 V.
737 2109 824 2146 Cat.
846 2108 949 2146 Bibl.
979 2108 1126 2144 Bunav.
1148 2106 1199 2143 T.
1228 2115 1257 2142 1.
1280 2104 1356 2141 vol.
1379 2114 1406 2140 Ι.
1429 2116 1467 2153 p.
1491 2108 1582 2140 345.
1603 2102 1656 2140 cf.

249 2185 366 2223 supra
383 2185 443 2210 an.
468 2178 568 2211 1522
590 2179 629 2209 et
653 2177 766 2210 1525.

201 2243 297 2275 1541
330 2239 516 2286 Antrerp.
541 2242 575 2274 8.
594 2235 755 2273 Persius.
778 2236 823 2273 V.
841 2236 928 2273 Cat.
950 2234 1050 2272 Bibl.
1067 2233 1274 2281 L'ltraject.
1297 2232 1334 2268 in
1358 2237 1392 2270 S.
1407 2243 1446 2281 p.
1474 2236 1560 2269 133.

200 2306 301 2339 1544
330 2302 432 2349 Aug.
454 2299 606 2337 Vindel.
628 2298 696 2336 fol.
718 2299 867 2336 Persius
888 2312 924 2335 c.
951 2297 1100 2342 Plautii,
1132 2295 1307 2339 Cornuti,
1329 2294 1498 2332 Britonis
1520 2307 1550 2331 s.
1572 2292 1657 2331 Bri-

249 2364 394 2401 tannici
416 2363 600 2407 Brixiani,
622 2369 661 2400 et
682 2363 809 2399 Fontii
830 2361 1138 2400 Commentariis.

200 2433 297 2467 1551
332 2427 446 2465 Basil.
470 2427 723 2464 Frobeniana.
745 2426 812 2463 fol.
837 2425 950 2463 Persii
982 2426 1129 2475 Satyrae
1160 2437 1248 2461 cum
1269 2423 1422 2460 Comm.
1444 2422 1507 2460 Jo.
1528 2420 1654 2464 Badii,

249 2492 313 2529 Jo.
334 2491 553 2535 Britannici,
569 2491 631 2528 Jo.
647 2492 761 2540 Bapt.
780 2490 931 2534 Plautii,
948 2491 1040 2527 Ant.
1056 2486 1335 2530 Nebrissensis,
1351 2486 1413 2523 Jo.
1436 2483 1658 2527 Murmellii,

248 2558 324 2592 &c-
354 2555 447 2592 Filia
466 2555 581 2605 igitur
600 2561 658 2592 est
678 2555 928 2592 Asceusianae
946 2568 955 2598 ;
978 2554 1042 2592 sed
1062 2555 1097 2591 in
1119 2567 1165 2592 ea
1184 2561 1287 2590 notae
1306 2547 1566 2588 Nebrissensis
1581 2559 1657 2584 nou

254 2624 341 2654 sunt
365 2618 536 2668 integrae.

206 2685 304 2719 1553
333 2681 452 2718 Paris.
471 2689 505 2721 8.
527 2695 592 2732 ap.
607 2684 777 2722 Wecllel.
801 2684 954 2721 Persius
974 2696 1010 2721 c.
1032 2695 1070 2720 n.
1088 2676 1299 2719 Murmellii
1314 2682 1352 2714 et
1368 2673 1512 2712 Erasmi
1527 2672 1657 2710 Fabri·

255 2743 315 2781 cio
335 2751 580 2783 memoratur.
