1888 3032
299 142 382 187 108
811 157 850 186 A.
887 155 1042 185 runsn
1078 155 1252 187 FLAcct

716 509 1183 569 SATIRA
1270 510 1355 568 V.

766 677 830 709 AD
856 677 961 709 MAG
968 677 1145 710 ISTRUM
1169 678 1303 711 SUUM

538 785 935 828 ANNAEUM
1005 784 1519 829 CORNUTUM.

845 1028 1213 1061 ARGUMENTUM.

343 1121 396 1153 ΕΤ
427 1121 656 1163 gratissimum
685 1131 768 1162 erga
791 1122 994 1162 Cornutum,
1025 1125 1279 1162 praeceptorem
1302 1131 1412 1162 suum,
1439 1121 1587 1152 animum
1612 1120 1763 1154 declaret

299 1175 414 1215 poeta,
439 1175 547 1206 utitur
567 1175 680 1216 lepida
703 1175 948 1206 sententiarum
969 1174 1254 1207 conformatione.
1299 1174 1443 1206 Scilicet
1467 1175 1509 1206 ad
1533 1175 1582 1206 rei
1599 1175 1763 1216 magnitu-

299 1228 423 1267 dinem,
449 1238 524 1269 quae
543 1227 656 1259 verbis
672 1228 800 1270 aequari
816 1238 881 1259 non
899 1228 1016 1269 possit,
1034 1228 1286 1267 declarandam,
1311 1228 1423 1269 po'etae
1441 1229 1505 1259 sibi
1519 1233 1639 1269 optare
1653 1229 1764 1259 solent

298 1286 432 1313 centum
451 1292 507 1313 ora
521 1286 556 1313 et
571 1282 715 1323 linguas,
733 1282 919 1313 Homerum
936 1283 1042 1313 secuti
1058 1293 1066 1320 ;
1092 1292 1235 1323 quorum
1260 1292 1353 1313 more
1382 1286 1418 1313 et
1441 1283 1598 1314 instituto
1624 1282 1762 1314 Persius

298 1345 431 1376 quoque
447 1337 510 1366 lioc
527 1336 602 1366 loco
620 1336 739 1374 utitur,
753 1336 964 1377 subindeque
979 1346 1014 1366 se
1031 1346 1049 1367 a
1066 1336 1217 1368 Cornuto
1233 1336 1492 1376 interpellatum
1510 1335 1620 1377 fingit,
1655 1337 1764 1369 Quor-

298 1399 370 1419 sum
387 1389 484 1420 haec?
508 1389 636 1430 quippe
653 1399 765 1430 neque
779 1399 916 1420 carmen
930 1389 1066 1431 aliquod
1079 1390 1222 1421 sublime
1236 1390 1374 1430 condas,
1388 1399 1498 1431 neque
1513 1390 1546 1420 in
1563 1395 1764 1430 argumento

298 1443 413 1483 aliquo
439 1443 572 1483 tragico
599 1443 758 1480 verseris,
782 1453 892 1484 neque
910 1444 1044 1475 omnino
1072 1453 1212 1484 pravum
1229 1444 1326 1484 liujus
1340 1444 1456 1474 saeculi
1473 1453 1613 1483 morem,
1636 1453 1701 1484 quo
1719 1447 1766 1474 te-

296 1505 379 1526 nues
394 1499 430 1526 et
445 1495 575 1535 jejunae
602 1505 654 1525 res
671 1495 802 1537 ingenti
819 1497 965 1537 strepitu
982 1497 1161 1528 verborum
1180 1507 1219 1528 ac
1236 1497 1395 1535 tumultu,
1420 1501 1458 1527 ut
1482 1496 1699 1537 gravissimae,
1715 1494 1763 1527 ef-

296 1548 467 1586 feruntur,
494 1548 526 1578 in
554 1548 700 1579 animum
720 1550 893 1581 induxeris
913 1551 1026 1591 sequi;
1061 1550 1122 1582 sed
1141 1551 1219 1581 vitae
1236 1550 1391 1580 liumauae
1407 1550 1698 1589 consuetudinem,
1715 1549 1764 1579 in-

297 1601 368 1631 dies
383 1601 488 1641 magis
505 1602 680 1642 magisque
695 1602 725 1631 in
744 1602 894 1634 deterius
912 1603 1141 1642 delabentem,
1155 1603 1320 1634 acerrimo
1334 1603 1402 1633 sale
1420 1601 1592 1633 defricare
1611 1602 1672 1633 tibi
1687 1612 1762 1642 pro-

297 1655 446 1694 positum
474 1655 539 1692 sit3
576 1655 656 1695 quin
681 1655 746 1685 huc
774 1656 876 1696 igitur
893 1657 998 1687 verba
1015 1662 1050 1688 et
1077 1658 1266 1688 sententias
1282 1656 1420 1697 dirigis?
1466 1659 1518 1687 18.
1565 1656 1762 1694 Enimvero,

296 1707 436 1738 Persius
461 1707 609 1748 subjicit,
631 1708 722 1740 Huic
740 1718 851 1739 rerum
871 1710 1014 1741 vanitati
1031 1710 1187 1751 equidem
1206 1711 1317 1740 nullus
1333 1710 1456 1741 studeo
1471 1721 1478 1748 ;
1514 1710 1615 1740 animi
1631 1709 1695 1740 mei
1713 1719 1762 1740 re-

297 1769 411 1791 cessus
429 1760 489 1791 tibi
506 1766 542 1790 ut
560 1761 740 1800 aperirem,
756 1762 1055 1804 ostenderemqne,
1077 1768 1202 1803 quanto
1220 1773 1333 1794 amore
1350 1768 1385 1794 te
1403 1764 1665 1804 complecterer,
1681 1769 1762 1794 veta

296 1814 487 1854 poetarum,
515 1814 567 1844 vel
584 1814 616 1843 in
633 1815 772 1845 minutis
789 1809 890 1847 rebus
909 1825 928 1846 a
953 1816 1121 1847 nonnullis
1140 1817 1256 1857 inepte
1272 1817 1437 1855 adhibita,
1460 1817 1491 1847 in
1510 1817 1656 1848 maxima
1672 1827 1707 1848 re
1725 1822 1761 1849 et

296 1877 369 1898 meo
383 1877 483 1898 sensu
501 1867 709 1906 gravissima,
734 1878 810 1899 mea
825 1868 903 1900 feci.
940 1872 993 1900 29.
1040 1870 1231 1901 Recensum
1245 1870 1317 1910 jam
1335 1870 1482 1901 instituit
1498 1871 1644 1901 omnium
1661 1871 1761 1901 bene-

295 1921 460 1959 ficiorum,
488 1921 606 1961 quibus
634 1931 653 1951 a
671 1921 823 1952 Cornuto
840 1931 926 1962 puer
943 1922 1085 1953 affectus
1110 1923 1168 1962 sit,
1195 1923 1430 1964 declaratque,
1448 1929 1609 1965 quantum
1626 1924 1697 1965 ejus
1714 1923 1762 1955 in-

294 1974 467 2005 stitutioni
495 1979 529 2004 et
556 1974 742 2014 praeceptis
766 1974 900 2007 debeat.
935 1978 987 2007 40.
1034 1976 1288 2007 Familiaritatis
1306 1977 1429 2007 deinde
1446 1977 1653 2007 mentionem
1670 1975 1763 2015 facit,

294 2038 369 2068 ‹111oe
385 2027 448 2057 sibi
465 2037 540 2058 cum
557 2027 612 2057 illo
629 2037 765 2066 semper
781 2027 1027 2065 intercesserit,
1044 2029 1171 2059 intimoe
1187 2032 1241 2065 44,
1259 2029 1513 2069 studiorumque
1530 2029 1759 2060 communium

295 2090 493 2122 morumque
507 2081 751 2111 similitudinis.
788 2085 841 2113 62.
888 2082 980 2113 Hinc
1007 2081 1162 2113 deflectit
1188 2083 1228 2113 ad
1255 2083 1404 2113 Stoicum
1423 2082 1558 2123 aliquod
1577 2082 1701 2123 dogma
1718 2082 1759 2113 de

294 2134 470 2172 libertate,
499 2144 564 2173 quo
592 2134 726 2173 sapiens
756 2135 845 2165 solus
878 2135 964 2165 liber
990 2135 1204 2175 perhibetur,
1233 2135 1431 2166 transitione
1456 2135 1634 2166 admodum
1656 2134 1761 2167 felici.

298 2187 421 2218 Animo
439 2187 526 2218 enim
544 2187 738 2227 gratissimo
756 2193 930 2228 reputans,
945 2193 1106 2229 quantum
1125 2189 1198 2229 ipse
1212 2189 1404 2220 Stoicorum
1419 2188 1606 2228 disciplinae
1622 2188 1761 2226 debeat,

293 2250 336 2270 ex
350 2240 552 2281 illorumque
571 2241 700 2272 ratione
724 2241 766 2271 ad
786 2241 889 2272 vitam
908 2251 982 2272 cum
1008 2242 1109 2272 animi
1126 2241 1377 2282 ‘tranquillitate
1394 2246 1430 2272 et
1447 2240 1636 2272 constantia
1653 2245 1760 2272 trans-

295 2294 452 2330 igendam
471 2293 669 2334 profecerit,
699 2305 758 2325 suo
776 2295 882 2334 ipsius
899 2296 1057 2335 exemplo
1083 2301 1197 2326 monet
1218 2296 1376 2335 juvenes,
1399 2300 1437 2325 ut
1458 2295 1574 2325 eadem
1597 2300 1759 2335 opportu-

297 2345 403 2375 nitate
420 2350 567 2384 utantnr,
594 2357 705 2387 neque
722 2348 935 2379 occasionem
955 2347 1106 2378 discendi
1124 2348 1296 2378 differant.
1321 2351 1374 2378 72.
1420 2348 1475 2378 Ad
1493 2348 1579 2378 bene
1595 2353 1707 2378 autem
1725 2353 1760 2377 ct

295 2397 397 2428 beate
413 2398 593 2428 vivendum
617 2400 775 2430 libertate
793 2410 877 2439 opus
894 2411 979 2436 esse,
997 2410 1063 2431 non
1079 2401 1154 2440 ista,
1171 2411 1247 2441 quae
1262 2402 1295 2431 in
1311 2402 1443 2439 Damae,
1467 2400 1621 2440 agasonis
1646 2399 1758 2439 cujus-

296 2451 385 2489 dam,
402 2461 543 2490 persona
561 2451 704 2490 ridetur,
722 2453 825 2482 civili.
851 2456 903 2483 82.
951 2454 1067 2484 Docet
1085 2463 1200 2492 porro,
1226 2454 1303 2494 qnid
1330 2454 1372 2483 sit
1397 2463 1439 2482 cx
1467 2452 1658 2483 Stoicorum
1686 2461 1760 2483 ser:-

298 2504 418 2541 teutia,
435 2504 482 2533 ita
500 2504 625 2542 vixere,
644 2508 682 2534 ut
694 2506 790 2543 velis,
806 2506 837 2534 id
857 2510 922 2544 est,
937 2515 1025 2536 verae
1043 2507 1214 2536 libertatis
1233 2507 1299 2535 vim
1316 2511 1350 2535 et
1367 2511 1533 2543 naturam,
1548 2515 1622 2545 quae
1641 2516 1658 2535 a
1672 2515 1759 2545 prar-

296 2564 382 2595 tore,
400 2557 619 2597 pliilosopliiae
638 2558 767 2597 ignaro,
784 2568 848 2588 non
870 2559 976 2597 possit
993 2559 1149 2599 cuiquam
1164 2559 1342 2598 impertiri.
1368 2561 1419 2589 95.
1458 2557 1511 2588 Ad
1528 2558 1651 2597 omnia,
1666 2569 1759 2599 qua*-

297 2620 440 2651 cumque
468 2611 563 2649 velis,
591 2609 748 2642 facienda
776 2613 902 2652 requiri
932 2617 1127 2643 accuratam
1145 2612 1292 2642 omnium
1310 2621 1418 2641 rerum
1438 2612 1667 2650 cognitionem
1685 2615 1758 2653 ΙΜ,

295 2663 558 2703 libertatemque
574 2664 645 2695 sinc.
662 2665 856 2704 cognitione
874 2665 958 2703 veri,
977 2674 1155 2706 rerumque
1173 2666 1224 2695 vel
1251 2665 1520 2705 expetendarum
1550 2666 1601 2695 vel
1627 2664 1757 2705 fugienss

295 2715 412 2746 darum
429 2717 570 2757 ratione,
595 2722 631 2747 et
651 2717 763 2748 animo
778 2717 819 2748 ab
835 2719 987 2750 omnibus
1005 2718 1250 2759 cupiditatibus
1266 2718 1479 2760 motibusque
1498 2719 1755 2749 vehementiori-
