1888 3032
269 151 353 192 140

268 256 324 297 Et
344 257 448 310 quid
469 259 558 297 tam
579 268 761 308 parvum
783 256 881 296 cst?
915 255 991 296 sed
1010 255 1128 296 nullo
1148 255 1269 298 thure
1289 257 1455 309 litabis,

776 160 821 190 A.
858 158 1015 190 PERSM
1054 160 1224 190 FLACC!

1639 258 1724 299 120

270 323 452 364 Haereat
471 324 514 364 in
533 322 678 363 stultis
698 323 842 364 brevis
863 328 910 364 ut
930 323 1153 364 semuncia
1172 325 1292 366 recti.

267 390 384 431 Haec
405 391 587 431 miscere
605 389 727 431 nefas
745 404 755 432 ε
785 404 878 441 nec,
900 404 1001 432 cum
1021 392 1081 432 sis
1102 395 1245 432 cetera
1262 392 1417 442 fossor,

266 458 373 498 Tres
392 461 561 500 tantum
580 457 636 498 ad
656 471 857 500 numeros
879 460 1013 514 satyri
1034 472 1236 501 moveare
1258 460 1464 514 Bathylli.

263 586 378 612 catum.
425 582 510 617 Quid
525 592 595 613 tero
610 586 656 614 ese
673 584 718 615 ita
732 584 905 624 exiguum?
949 585 994 617 At
1011 585 1092 617 omni
1113 586 1204 616 thure
1218 596 1276 616 non
1291 585 1452 624 obtinebis,
1465 588 1500 616 ut
1516 584 1647 615 dimidia
1664 585 1724 615 vir—

263 624 342 655 tutis
355 624 447 656 uncia
470 629 591 656 maneat
608 626 640 656 iu
663 626 789 657 insanis.
836 629 908 658 Non
931 628 1004 659 licet
1031 639 1066 659 ea
1087 630 1289 667 conjungere:
1311 631 1342 659 et
1364 628 1606 669 quandoquidem
1620 627 1726 666 fueris

264 667 377 707 alioqui
393 667 507 709 fossor,
533 669 691 708 nequidem
714 672 753 700 ud
774 673 838 700 cres
861 672 1018 702 duntaxat
1042 673 1144 702 modos
1167 671 1313 712 Bathylli
1335 670 1445 712 Satyri
1467 672 1529 702 rite
1550 670 1725 702 saltaveris.
1744 701 1747 704 ,

876 761 993 771 ‘‘‘‘‘‘

995 760 1111 772 eeeee

265 810 347 842 ferri
363 815 490 853 potest.
516 812 798 845 Cannaban—12⁰
820 816 889 845 ture
906 813 972 844 Ms.
991 812 1143 845 R.—124
1167 815 1274 845 datum
1289 813 1343 845 hoc
1365 813 1462 845 sentis
1483 814 1548 846 Ms.
1573 813 1667 846 Rfet
1683 815 1723 846 C.

929 909 1073 941 NOTAE
1106 926 1109 929 ·

265 983 413 1015 currisse
431 985 472 1015 ad
498 985 723 1026 gladiatorum
747 996 888 1025 morem,
913 986 970 1027 qui

266 1034 351 1065 victi
378 1035 511 1065 veniam
536 1046 554 1065 a
583 1036 707 1075 populo
731 1036 971 1076 precabantur,

264 1083 407 1123 digitum
425 1085 606 1116 exerendo.
651 1086 802 1123 Digitum
817 1095 919 1123 exere,
936 1085 970 1115 id

264 1138 328 1173 est,
343 1132 453 1164 fatere
471 1139 504 1165 te
524 1135 648 1165 victum
662 1144 681 1164 a
699 1135 800 1174 vitiis,
815 1136 970 1176 inquiunt

263 1183 313 1213 illi
342 1184 554 1224 Interpretes
587 1185 661 1224 plus
691 1194 788 1224 aequo
820 1195 968 1225 sagaces.

265 1235 312 1267 At
328 1246 404 1277 quae
419 1241 509 1268 esset
534 1237 744 1276 consecutio,
766 1238 855 1277 quod
873 1237 969 1268 addit

265 1287 415 1324 Persius,
429 1286 563 1328 peccas?
602 1289 727 1318 Verum
747 1288 866 1328 quibus
882 1288 968 1318 insa-

265 1338 335 1368 nire
349 1337 447 1378 libet,
463 1338 513 1368 his
528 1342 563 1368 et
579 1339 693 1369 liceat.

308 1390 370 1419 120
394 1388 439 1420 Et
463 1389 537 1428 quid
558 1392 623 1419 tam
639 1399 771 1428 parvum
801 1389 862 1429 est]
899 1389 968 1419 Re-

264 1437 361 1476 ponit
384 1437 434 1468 M.
462 1438 593 1475 Dama;
621 1437 712 1468 itane
741 1447 821 1468 vero
850 1447 968 1478 pecca-

264 1500 347 1530 rem,
364 1495 432 1521 tam
450 1490 593 1530 simplici
609 1495 645 1521 et
659 1490 724 1521 levi
743 1491 897 1521 actione?

308 1540 373 1571 Sed
393 1541 476 1571 nullo
499 1540 588 1571 thure
612 1540 734 1580 litabis]
769 1541 825 1571 Ita
849 1546 916 1580 est,
931 1545 970 1572 ut

265 1591 359 1629 dixi3
383 1590 494 1631 inquit
508 1592 664 1621 Stoicus:
695 1601 757 1621 nec
781 1592 870 1622 omni
895 1593 969 1623 thu-

265 1651 315 1681 re,
339 1642 428 1673 votis
445 1642 600 1672 omnibus
618 1652 657 1672 ac
672 1641 850 1673 sacrificiis
865 1642 968 1683 impe-

265 1699 356 1722 trare
374 1701 500 1732 posseS,
517 1698 553 1722 ut
576 1692 675 1722 aliter
699 1702 734 1723 se
752 1702 804 1723 res
819 1692 964 1724 habeat:

266 1748 382 1782 etque,
397 1744 462 1772 dxc.
481 1741 570 1772 infra
586 1752 674 1773 mox.

307 1792 445 1832 Litabis]
468 1792 555 1822 Vide
571 1793 643 1823 Sat.
663 1802 701 1823 11.
721 1803 769 1824 vs.
786 1794 917 1825 ultimo.

307 1846 367 1875 121
394 1843 527 1874 Haereat
550 1845 582 1874 in
598 1845 716 1884 stultis,
731 1845 802 1885 sse.)
836 1846 884 1876 Ut
912 1846 968 1886 qui

265 1903 331 1925 uon
354 1894 443 1934 sapit
464 1895 612 1932 omnino,
636 1895 689 1925 vel
719 1895 888 1926 minimam
912 1896 968 1927 ha-

265 1946 346 1976 beat
357 1945 526 1985 sapientia>
539 1945 738 1987 virtutisque
753 1946 966 1986 particulam.

266 1997 367 2034 Nam,
384 1995 532 2036 quisquis
558 1996 692 2036 sapiens
717 2006 782 2028 non
806 2001 872 2036 est,
888 1997 968 2028 stul-

265 2053 316 2076 tns
333 2051 408 2076 est:
433 2050 468 2075 et
485 2046 630 2077 virtutes
645 2056 758 2078 omnes
776 2047 862 2078 adeo
889 2051 968 2079 sunt

263 2101 484 2135 eonnexaemt
498 2100 555 2126 aut
565 2096 688 2127 habeas
701 2107 816 2128 omnes
826 2107 967 2128 necesse

265 2147 318 2187 sit,
344 2151 400 2177 aut
424 2147 571 2178 nullam:
599 2146 665 2178 duo
682 2147 872 2178 Stoicorum
890 2149 968 2188 dog-

263 2201 354 2228 mata
370 2202 460 2228 sunt.
486 2196 602 2228 Laelrt.

306 2251 369 2280 122
394 2249 472 2279 Haec
488 2249 614 2280 miscere
628 2249 731 2289 nefus]
765 2250 901 2281 Sei-vire
923 2251 968 2281 vi-

264 2300 330 2339 tiis,
342 2299 438 2329 simul
455 2305 489 2329 et
514 2300 614 2330 animi
632 2300 791 2331 libertate
808 2300 889 2340 frui,
912 2312 968 2332 ne-

262 2349 312 2379 z'as
329 2353 393 2378 est.
437 2349 622 2387 Sapientiae
647 2355 683 2380 et
709 2350 865 2382 stultitiae
891 2361 968 2382 eon-

263 2399 406 2429 sortium
423 2400 560 2429 nulium.
606 2400 717 2430 Stulte
745 2399 830 2431 facis
847 2402 969 2440 omnia,

264 2449 289 2481 ιὲ.
310 2458 376 2479 non
392 2448 574 2488 sapienter.
619 2449 655 2479 Si
679 2450 783 2488 sapis,
808 2451 967 2481 liberes:

266 2500 292 2530 si
308 2499 430 2530 stultus
455 2508 502 2534 εδ,
518 2498 583 2528 eris
600 2497 704 2528 etiam
726 2498 885 2529 continuo
902 2509 970 2530 sei·-

264 2561 336 2581 vns.
383 2550 470 2580 Haec
496 2548 608 2578 omnia
633 2547 748 2578 Stoice
775 2547 966 2580 admodum.

262 2601 350 2632 Vide
366 2600 453 2631 Tull.
470 2599 502 2629 in
522 2597 688 2629 Paradox.

308 2652 388 2690 Nec,
402 2660 470 2681 cum
483 2649 526 2679 sis
539 2651 639 2680 cetera
647 2647 761 2690 fossor,
773 2650 843 2690 ἔξω]
867 2651 966 2682 Illus-

266 2707 333 2734 trat
352 2706 388 2734 et
404 2700 581 2732 confirmat
596 2709 616 2730 a
632 2700 743 2731 simili.

1070 986 1148 1016 Cum
1171 986 1214 1016 sis
1229 985 1351 1027 fossor]
1373 985 1404 1016 Τ
1408 995 1460 1016 am
1484 985 1585 1026 longe
1610 983 1690 1015 abes
1709 994 1729 1015 a

1024 1037 1191 1077 sapientia
1215 1041 1249 1067 et
1272 1046 1356 1067 vera
1377 1036 1548 1076 libertate,
1563 1044 1662 1076 quam
1678 1045 1730 1065 ru-

1025 1087 1076 1118 dis
1091 1093 1125 1118 et
1138 1087 1393 1126 rusticusfossor
1404 1097 1422 1118 a
1436 1088 1520 1118 scita
1532 1085 1728 1117 saltatione:

1015 1136 1131 1175 fhssor,
1145 1138 1295 1179 inquam,
1314 1142 1416 1168 terrae
1432 1137 1601 1168 fodiendae
1619 1136 1729 1166 colen·

1025 1188 1147 1230 daeque
1165 1194 1239 1220 tota
1259 1190 1328 1220 vita
1348 1188 1517 1230 addictus,
1540 1188 1663 1219 nullius
1679 1187 1728 1217 rei

1024 1240 1224 1280 ceteroquin
1240 1240 1380 1280 peritus.

1067 1291 1128 1320 123
1153 1290 1227 1320 Tres
1249 1293 1372 1320 temtum
1386 1291 1427 1320 ad
1442 1287 1596 1328 numeros]
1626 1286 1662 1318 Si
1679 1285 1728 1317 fu-

1023 1340 1088 1370 eris
1105 1339 1259 1380 stupidus
1276 1340 1439 1380 agricola,
1454 1349 1521 1370 non
1538 1338 1636 1369 modo
1655 1347 1727 1378 per-

1024 1388 1115 1421 fecte
1147 1391 1272 1421 saltare
1302 1400 1368 1421 non
1399 1390 1538 1431 poteris,
1569 1389 1628 1420 sed
1665 1397 1727 1419 nec

1025 1440 1106 1471 duas
1121 1444 1180 1471 aut
1196 1447 1264 1470 tres
1289 1440 1413 1480 pedum
1438 1441 1525 1471 scite
1549 1438 1728 1470 dimensio-

1023 1501 1083 1522 nes
1111 1500 1305 1532 exequere:
1331 1491 1459 1533 quippe
1488 1490 1729 1522 modulationis

1024 1542 1175 1582 ignarus,
1199 1542 1342 1572 Musicae
1367 1541 1484 1573 modos
1509 1551 1547 1572 ac
1570 1549 1727 1571 numeros

1024 1593 1080 1633 qui
1097 1602 1212 1633 posses
1223 1592 1484 1631 gesticulatione
1501 1596 1535 1622 et
1548 1591 1728 1622 saltatione

1025 1642 1172 1673 aemulari
1196 1647 1231 1673 et
1254 1643 1387 1682 exequi,
1411 1642 1501 1683 qnod
1519 1642 1576 1672 vix
1593 1652 1634 1672 ex
1653 1647 1727 1673 arte

1023 1692 1107 1723 facit
1133 1697 1168 1723 et
1197 1691 1349 1733 perfecte
1375 1692 1456 1723 artis
1484 1692 1633 1732 peritus?
1671 1691 1726 1723 Sic

1022 1742 1139 1783 igitur,
1169 1752 1244 1773 cuin
1273 1742 1451 1782 sapientiae
1480 1742 1561 1772 nihil
1587 1741 1728 1781 habeas,

1023 1802 1086 1823 nec
1102 1801 1236 1823 movere
1262 1792 1407 1833 digitum
1433 1793 1606 1834 sapienter
1629 1797 1664 1824 et
1685 1802 1727 1824 ex

1024 1843 1156 1874 ratione
1174 1847 1282 1882 potes,

1066 1894 1118 1924 Ad
1139 1893 1295 1934 numeros]
1331 1893 1458 1925 Tullius
1484 1893 1656 1925 Paradox.
1673 1902 1729 1925 111.

1022 1942 1031 1960 ‘
1051 1943 1185 1974 Histrio
1201 1944 1228 1974 si
1249 1944 1350 1984 paulo
1376 1954 1412 1975 se
1434 1944 1540 1974 movit
1555 1949 1654 1974 extra
1669 1953 1729 1974 nu-

1022 2003 1164 2034 merum,
1181 1998 1239 2025 aut
1255 1994 1282 2024 si
1296 2003 1408 2025 versus
1422 1994 1662 2034 pronuntiatus
1675 1998 1728 2025 est

1022 2045 1153 2084 syllaba
1167 2053 1233 2074 una
1250 2045 1384 2075 brevior
1400 2047 1460 2075 aut
1482 2043 1625 2084 longior,
1641 2043 1728 2075 exsi-

1022 2096 1148 2126 bilatur
1175 2099 1210 2126 et
1233 2094 1447 2135 exploditur:
1485 2094 1519 2125 in
1543 2095 1625 2134 vita,
1653 2105 1728 2136 quae

1023 2146 1114 2177 omni
1143 2150 1240 2187 gestu
1267 2146 1487 2184 moderatior,
1514 2146 1604 2176 omni
1628 2155 1728 2177 versu

1024 2197 1141 2238 aptior*
1161 2206 1234 2228 esse
1261 2196 1378 2236 debet,
1401 2203 1438 2227 ut
1465 2196 1497 2227 in
1524 2196 1667 2237 syllaba,
1692 2201 1728 2227 te

1024 2257 1169 2289 peccare
1186 2247 1301 2278 dices?
1327 2246 1469 2278 Poetam
1493 2257 1559 2277 non
1576 2247 1677 2277 audio
1693 2247 1728 2278 in

1024 2299 1146 2339 nugis;
1178 2298 1213 2329 in
1237 2298 1317 2329 vitae
1343 2297 1507 2329 societate
1529 2297 1663 2328 audiam
1683 2297 1729 2327 ci-

1026 2359 1113 2389 vem,
1150 2348 1264 2390 digitis
1304 2352 1449 2389 peccata
1492 2348 1727 2378 dimetientem

1025 2399 1117 2430 sua?'
1141 2401 1206 2430 &c.

1066 2448 1192 2489 Satyri]
1216 2448 1366 2479 Pedibus
1393 2453 1461 2478 tam
1485 2447 1594 2488 agilis,
1613 2450 1651 2477 ut
1667 2447 1725 2478 Sa-

1023 2502 1113 2539 tyrus
1129 2508 1203 2529 esse
1218 2498 1383 2529 videatur.
1409 2499 1590 2538 Satyrorum
1604 2507 1727 2538 nempe

1027 2549 1178 2579 Deorum
1196 2548 1382 2588 agrestium
1402 2547 1550 2587 caprinis
1572 2547 1729 2588 pedibus,

1024 2598 1141 2629 villoso
1178 2607 1332 2637 corpore,
1367 2597 1583 2627 lascivientes
1615 2603 1727 2629 motus

1021 2649 1283 2681 imitabanturiu
1292 2650 1399 2680 Scena
1414 2649 1629 2680 pantomimi.
1652 2650 1728 2680 Vir-

1022 2701 1077 2743 gil.
1097 2701 1214 2742 Eclog.
1233 2709 1266 2731 v.
1289 2702 1298 2717 ⁸
1315 2700 1484 2732 Saltautes
1500 2701 1638 2741 Satyros
1654 2700 1726 2732 imi·
