1888 3032
304 151 389 194 106

810 162 856 190 A.
891 160 1053 190 PERSII
1090 161 1264 191 FLACCI

310 258 358 298 Si
379 258 506 306 sacis,
530 258 570 297 in
593 269 745 309 penem
765 256 977 308 quicquid
999 255 1079 296 tibi
1102 258 1218 297 venit
1240 270 1438 300 amarum
1456 273 1469 310 ς

308 325 357 366 Si
380 326 524 378 puteal
546 324 680 364 multa
702 325 1021 365 cautus‘vibice
1043 325 1261 377 flagellas:

304 466 468 507 nonfidem
482 466 619 498 habebo?
655 468 692 498 Si
708 471 833 508 aspecta
853 469 984 509 pecunia
1001 469 1194 509 expallescis,
1208 479 1227 500 ο
1240 471 1384 510 pessime,
1407 470 1425 487 *
1449 470 1467 487 '¹‘
1489 471 1517 501 si
1532 471 1664 502 callidus
1682 470 1777 502 cardis

968 592 1107 623 NOTAE

303 674 408 715 igitur
432 676 552 707 credes
580 678 847 709 assentatoribus
873 682 908 709 te
933 689 1010 719 pro-

305 725 383 756 bum
401 735 474 757 esse
491 726 747 768 affirmantibus,
772 730 903 760 etiamsi
921 735 956 760 tu
975 734 1009 760 te

303 775 377 816 ipse
409 776 601 816 improbum
627 778 660 808 in
687 780 920 810 occasionibus
943 780 1009 810 sin-

304 828 403 868 gulis,
428 838 578 868 avarum,
599 830 829 871 libidinosum,
843 832 1008 873 iniquum,

303 878 478 909 crudelem
501 881 687 920 experiris:
722 883 818 923 sique
838 883 922 914 adeo
937 885 1007 915 viso

303 937 438 960 nummo
464 931 634 970 pallescis,
661 942 731 972 prae
747 934 937 973 cupiditate
954 935 1009 965 lia-

305 979 428 1010 bendi?

345 1032 389 1061 49
412 1030 449 1061 Si
464 1033 571 1070 puteal
596 1033 694 1063 multa
713 1038 820 1065 cautus
843 1035 940 1065 vibice
950 1036 1009 1076 fla-

300 1082 413 1121 gellus]
465 1082 636 1123 Ancipitis
669 1086 805 1126 quidem
832 1088 1009 1118 sententiae

305 1141 418 1163 versus
435 1133 518 1163 iste:
555 1145 621 1174 quo
642 1136 668 1165 si
693 1137 786 1167 Nero
811 1138 1011 1178 perstringi-

303 1187 370 1222 tur,
386 1184 606 1224 accipiendus
623 1190 675 1216 est
688 1186 730 1216 de
748 1188 924 1218 nocturnis
937 1189 1010 1229 ejus

303 1244 365 1274 per
389 1235 506 1266 urbem
533 1237 836 1270 discursationibus
858 1246 893 1271 et
920 1251 1011 1281 gras-

304 1285 505 1326 sationibus,
533 1287 575 1317 de
599 1289 717 1329 quibus
743 1290 876 1321 abunde
894 1292 1012 1322 Sueto-

303 1334 378 1365 nius
404 1340 439 1366 et
461 1337 617 1377 Tacitus,
640 1339 723 1369 locis
751 1340 851 1379 paulo
869 1346 947 1371 ante
966 1342 1011 1372 ci·

303 1386 395 1417 tatis.
431 1388 476 1417 Et
491 1388 539 1418 sic
555 1391 738 1430 perputeul,
752 1390 1013 1432 intelligendum

302 1436 369 1466 erit
393 1435 503 1468 forum
532 1444 568 1469 et
597 1438 713 1470 affines
740 1440 830 1472 urbis
848 1442 1015 1482 regiones,

302 1496 364 1528 per
387 1498 468 1528 quas
485 1489 541 1519 ille
560 1499 637 1520 cum
655 1491 785 1532 aliquot
800 1493 939 1523 armatis
956 1503 1013 1523 va-

303 1536 480 1577 gabundus
509 1539 541 1569 in
567 1540 685 1571 obvios
710 1551 861 1583 quosque
879 1552 1011 1582 grassa-

304 1586 416 1617 batur.
463 1588 611 1620 ‘Cautns
642 1595 756 1621 autem
782 1591 956 1632 deinceps,
979 1597 1013 1624 et

302 1637 512 1668 metuentior
528 1639 562 1669 in
580 1645 755 1678 posterum
774 1642 890 1682 Ner0,’
912 1648 949 1673 ut
965 1644 1013 1674 ait

302 1685 453 1725 Tacitus,
490 1688 638 1719 ‘milites
672 1689 735 1720 sibi
765 1696 802 1721 et
832 1692 1011 1733 plerosque

303 1735 531 1775 gladiatorum
545 1739 821 1771 circumdederat
835 1741 854 1772 :'
880 1742 1013 1774 scilicet

303 1786 383 1827 quia
405 1788 493 1818 male
517 1794 617 1820 antea
633 1791 817 1822 mulctatus
835 1791 952 1823 fuisset
969 1793 1011 1824 ab

301 1836 343 1868 iis
360 1847 442 1878 quos
467 1839 699 1880 impetiverat,
724 1846 759 1872 et
786 1842 818 1872 in
846 1843 1010 1883 ejusmodi

304 1887 386 1919 rixis
412 1890 586 1921 oculorum
604 1898 637 1922 et
656 1892 736 1923 vitae
755 1893 908 1925 subierat
926 1895 1011 1934 peri·

303 1938 429 1978 culum,
459 1945 496 1970 ut
527 1940 635 1972 refert
662 1942 856 1974 Suetonius.
911 1945 1011 1977 Quod

301 1987 330 2018 si
347 1987 487 2021 Persius
505 1989 748 2023 foeneratorum
767 1993 1011 2026 immanitatem

304 2038 424 2079 carpit,
447 2045 506 2070 aut
523 2041 807 2083 vitilitigatorum,
824 2045 1012 2085 sycophan-

305 2092 427 2127 tarum,
457 2094 492 2119 et
521 2091 824 2131 quadruplatorum
852 2094 1012 2135 iniquita-

303 2140 373 2168 tem
390 2145 425 2168 et
442 2139 598 2180 injurias3
632 2152 693 2182 per
713 2144 830 2182 puteal,
859 2144 1013 2185 intellige

303 2187 470 2221 Praetoris
501 2191 685 2230 Tribunal;
725 2203 784 2233 per
814 2195 927 2226 vibices
965 2197 1012 2226 in-

303 2239 427 2280 flictas,
452 2240 575 2272 damna
592 2242 784 2274 debitorum
803 2249 862 2276 aut
879 2255 1012 2278 reorum

303 2288 448 2321 fortunis
480 2301 519 2322 ac
547 2292 644 2323 bonis
663 2293 770 2334 illata,
799 2305 860 2335 per
875 2307 1007 2337 usuras,

303 2345 362 2371 aut
388 2350 449 2380 per
466 2342 573 2372 litium
589 2344 749 2383 ambages
766 2350 801 2376 et
818 2347 1006 2387 sycophan-

304 2391 380 2431 tias,
397 2402 537 2432 quarum
553 2395 667 2425 miseri
683 2397 730 2426 illi
750 2397 879 2429 rabulae
895 2400 1007 2438 periti,

303 2442 445 2472 solertes
469 2447 503 2472 et
527 2444 618 2474 cauti
636 2450 726 2484 sunt,
742 2450 779 2476 ut
795 2447 903 2478 aliena
920 2449 1007 2479 bona

303 2491 555 2532 depraedentur.
615 2494 738 2534 Neque
766 2505 848 2526 vero
880 2497 938 2527 abs
968 2508 1005 2529 re

304 2542 438 2573 omnino
467 2543 507 2573 de
529 2543 709 2575 Judicibus
732 2545 857 2585 iniquis
876 2545 1008 2584 judicia

305 2593 601 2633 corrumpentibus
629 2603 704 2624 cum
729 2595 932 2635 quibusdam
954 2607 1008 2628 ac-

305 2641 425 2682 cipias.
492 2643 643 2674 Primam
692 2644 1008 2685 interpretationem

305 2698 422 2724 tuetur
463 2693 704 2727 Casaubonus;
739 2696 890 2729 ultimam
923 2697 1008 2729 hauc

1068 678 1264 710 Mamilius:
1301 679 1344 709 de
1360 678 1636 718 foeneratoribus,
1660 687 1776 709 omnes

1065 729 1291 759 communiter
1329 734 1407 769 post
1442 735 1578 760 veteres
1622 730 1776 768 Glossas,

1064 788 1140 819 quae
1158 779 1206 808 sic
1230 779 1375 810 liabent:
1408 783 1415 797 ‘
1430 779 1484 810 Ad
1499 780 1617 820 puteal
1635 780 1774 810 Scribo-

1063 828 1113 858 nis
1136 828 1270 867 Licinii,
1294 829 1383 870 quod
1401 834 1454 859 est
1472 830 1504 859 in
1523 830 1657 870 porticu
1675 830 1773 861 Julia

1061 879 1103 910 ad
1114 881 1300 911 Fabianum
1318 880 1680 921 arcum,foeneratores
1698 891 1775 912 con-

1065 930 1185 961 sistere
1203 931 1380 963 solebant.’

1108 982 1240 1024 Puteal]
1278 983 1422 1024 Proprie
1452 984 1548 1024 putei
1575 984 1774 1024 operculum

1065 1036 1119 1063 est
1144 1034 1262 1073 puteal.
1301 1034 1412 1064 Locus
1435 1035 1551 1065 Romae
1577 1034 1644 1065 fuit
1660 1035 1694 1065 in
1712 1035 1775 1066 Co-

1066 1084 1175 1122 mitio,
1194 1086 1252 1116 ubi
1266 1085 1365 1117 Accii
1378 1087 1480 1117 Navii
1496 1086 1644 1127 Auguris
1661 1091 1775 1117 statua

1068 1145 1129 1174 per
1145 1136 1364 1177 Tarquinium
1382 1142 1510 1175 erecta,
1532 1143 1566 1168 et
1584 1137 1644 1168 sub
1662 1147 1702 1168 ea
1719 1147 1777 1168 ara

1069 1186 1304 1225 subterranea,
1314 1187 1508 1229 ibidemque
1520 1189 1697 1228 novacula,
1709 1198 1776 1229 qua

1067 1240 1179 1267 cotem
1207 1237 1264 1268 ille
1293 1238 1475 1278 inciderat,
1499 1238 1647 1270 defossa:
1686 1239 1776 1269 unde

1067 1290 1102 1316 et
1120 1291 1243 1326 puteus
1261 1287 1372 1318 dictus
1390 1288 1417 1318 is
1437 1289 1548 1327 locus3
1586 1293 1675 1320 teste
1691 1289 1776 1319 Dio·

1067 1336 1163 1376 nysio
1192 1337 1424 1370 Halicarnass.
1458 1339 1519 1369 sub
1549 1338 1653 1370 finem
1681 1339 1776 1370 Libri

1070 1386 1175 1425 tertii,
1189 1396 1359 1428 superque
1373 1388 1568 1428 impositum
1585 1390 1705 1429 puteal
1721 1399 1778 1421 ex-

1070 1437 1178 1467 titisse
1196 1437 1243 1467 ait
1259 1438 1386 1468 Tullius
1401 1438 1461 1469 lib.
1477 1438 1519 1469 de
1532 1439 1685 1471 Divinat.
1697 1449 1774 1480 cap.

1070 1489 1122 1518 32.
1150 1487 1258 1519 Porro
1282 1488 1371 1529 quod
1397 1490 1502 1529 puteal
1531 1493 1684 1520 sumatur
1712 1500 1775 1531 pro

1067 1536 1142 1568 foro
1165 1542 1200 1568 et
1221 1538 1401 1569 Tribunali
1428 1540 1602 1579 Praetoris,
1624 1540 1775 1580 itemque

1069 1597 1130 1628 pro
1155 1588 1230 1619 loco
1255 1588 1519 1620 foeneratoribus
1544 1589 1776 1630 t'requentat0,

1070 1644 1220 1669 testatur
1247 1640 1368 1671 Cicero
1396 1649 1458 1680 pro
1476 1639 1606 1679 Sextio,
1628 1650 1704 1681 cap.
1724 1643 1777 1672 18.

1068 1688 1137 1727 ubi,
1168 1689 1380 1728 ‘Gabinius,'
1412 1690 1534 1730 inquit,
1563 1691 1711 1730 ‘puteali
1740 1695 1775 1722 et

1068 1737 1311 1769 foeneratorum
1332 1738 1493 1780 gregibus
1521 1738 1679 1780 inflatus,'
1708 1742 1774 1772 Sec.

1067 1788 1123 1818 nbi
1155 1789 1211 1819 alii
1238 1789 1366 1829 legunt,
1394 1791 1551 1831 AfflictuS.
1598 1791 1687 1822 Item
1704 1792 1775 1823 Ho-

1067 1843 1131 1869 rat.
1161 1839 1220 1870 lib.
1253 1849 1277 1870 1.
1307 1840 1407 1880 epist.
1435 1843 1486 1872 19.
1542 1842 1687 1872 ‘Forum
1715 1852 1775 1883 pu-

1066 1889 1202 1930 tealque
1220 1889 1358 1920 Libonis
1376 1891 1542 1923 mandabo
1561 1891 1683 1923 siccis!
1729 1894 1776 1924 Et

1065 1939 1124 1970 lib.
1146 1949 1186 1970 11.
1212 1944 1275 1971 sat.
1300 1943 1331 1972 6.
1377 1942 1541 1973 ‘Roscius
1566 1943 1686 1974 orabat
1711 1943 1775 1974 sibi

1067 1990 1199 2021 adesses
1225 1991 1266 2022 ad
1294 1993 1410 2032 puteal
1438 1993 1538 2024 cras.'
1584 1994 1672 2024 Vide
1690 1995 1775 2026 Coel.

1068 2040 1177 2071 Rhod.
1206 2041 1266 2073 lib.
1286 2050 1320 2072 x.
1346 2052 1422 2082 cap.
1442 2046 1492 2074 17.
1539 2044 1655 2084 Sigon.
1677 2045 1735 2078 lib.
1751 2055 1774 2078 r.

1070 2089 1112 2120 de
1129 2090 1245 2122 Judic.
1262 2101 1336 2132 cap.
1351 2095 1403 2123 28.
1422 2093 1572 2134 Festum,
1584 2100 1619 2126 et
1635 2095 1730 2128 alios.

1116 2148 1145 2178 V
1145 2148 1239 2189 ibice]
1296 2149 1395 2181 Vibex
1412 2156 1464 2182 est
1489 2152 1627 2193 proprie
1643 2158 1722 2184 nota
1738 2154 1772 2184 in

1068 2207 1213 2239 corpore
1235 2203 1314 2239 post
1329 2200 1473 2232 verbera
1491 2207 1528 2233 et
1554 2203 1702 2235 scuticas
1722 2213 1774 2235 re-

1068 2258 1219 2279 manenS.

1110 2299 1280 2339 Ftugetlas]
1307 2300 1457 2332 Similem
1470 2302 1572 2334 habet
1586 2304 1770 2345 emphasim

1061 2350 1287 2382 Tertullianus
1323 2351 1365 2382 de
1402 2352 1519 2392 pallio,
1557 2353 1614 2384 ubi
1651 2354 1770 2386 laudat

1063 2401 1290 2441 Christianos,
1322 2403 1413 2443 quod
1441 2403 1584 2434 subsellia
1612 2415 1674 2435 non
1702 2416 1773 2436 con-

1061 2451 1206 2489 tundunt,
1243 2452 1277 2482 id
1310 2457 1375 2491 est,
1412 2462 1476 2483 non
1515 2459 1672 2493 premant
1710 2461 1770 2487 aut

1060 2499 1294 2541 frequentent,
1319 2503 1471 2542 adeoque
1488 2503 1604 2533 litibus
1621 2503 1770 2537 abstine·

1065 2555 1136 2580 ant.
1181 2551 1354 2582 Martialis
1371 2551 1429 2582 lib.
1446 2561 1486 2582 11.
1504 2553 1700 2594 epigramm.
1718 2558 1771 2587 30.

1064 2605 1101 2630 et
1125 2600 1180 2630 lib.
1207 2610 1239 2631 v.
1265 2602 1465 2643 epigramm.
1494 2607 1544 2635 13.
1591 2604 1700 2638 ‘Area
1715 2605 1771 2639 fla-

1063 2651 1168 2691 gellat
1183 2651 1291 2692 opes!
