1888 3032
484 101 720 140 Momiws,
756 101 815 130 ET
847 100 1118 130 scmssssxm
1152 99 1368 130 GENERE.
1601 90 1658 133 19

193 202 359 246 Verum
391 203 481 244 fieri
511 216 597 246 non
629 204 790 257 potuit,
814 202 933 257 quin,
968 215 1068 243 cum
1096 205 1137 242 et
1165 213 1248 251 res,
1276 212 1458 254 quarum
1490 203 1652 243 mentio

193 271 241 313 fit
262 272 306 312 in
326 272 488 321 satiris,
512 272 753 325 coepissent
785 285 840 312 ex
871 275 992 324 parte
1013 270 1217 323 ignorari,
1244 273 1287 310 et
1314 268 1486 309 dicendi
1516 282 1654 321 genus

194 352 220 380 a
253 339 422 391 vulgari
442 340 609 380 ratione
636 340 680 380 in
705 339 798 379 dies
829 339 969 390 magis
1002 338 1228 390 magisque
1263 336 1524 390 discrepare,
1545 338 1655 379 inter

192 406 406 447 obscuros
441 407 672 460 scriptores
706 405 885 446 Persius
923 404 1163 452 referretur,
1213 406 1568 458 grammaticique
1595 405 1652 446 ad

192 487 289 515 euni
321 474 633 527 explicandum
665 486 711 513 se
745 472 1029 523 accingerent.
1091 471 1298 520 Fuerunt,
1331 473 1405 525 qui
1437 478 1654 525 putarent,

193 543 335 585 Persii
368 544 523 584 satiras
555 555 581 582 a
613 541 803 581 Cornuto
826 538 1005 579 scholiis
1036 538 1270 579 instructas
1302 539 1346 579 in
1373 539 1516 580 lucem
1551 553 1652 594 pro-

193 612 341 660 diisse,
376 614 504 663 atque
539 622 596 649 ex
635 609 692 649 iis
730 607 910 648 scholiis
945 605 1155 658 decerpta
1186 606 1388 658 quaedam
1412 607 1653 659 fragmenta

189 681 246 721 iis
286 679 425 719 adhuc
461 679 602 718 inesse
633 676 826 724 scholiis,
863 687 964 729 quae
1002 687 1117 715 nunc
1161 674 1530 716 circumferuntur.
1607 674 1655 717 A

193 760 376 800 quorum
395 746 598 799 opinione
618 744 818 797 equidem
850 747 939 783 tam
967 742 1092 795 longe
1113 742 1282 792 absum,
1304 746 1350 782 ut
1367 746 1530 795 putem,
1552 743 1658 784 Per-

191 815 305 857 sium
333 814 570 866 antiquitus
607 812 739 852 nullis
777 811 955 851 scholiis
992 810 1129 850 fuisse
1160 810 1433 860 instructum,
1468 823 1567 851 cum
1599 813 1654 852 iis

189 882 294 923 nihil
324 895 434 934 opus
465 884 580 921 esset
610 879 855 933 aequalibus
885 879 994 932 ejus,
1025 879 1186 930 quibus
1217 882 1260 918 et
1295 878 1481 929 coguitae
1513 891 1578 919 res
1610 882 1654 920 et

192 951 402 990 sermonis
422 949 534 989 ratio
556 949 699 988 notior
718 951 824 987 erat.
885 945 1004 996 Quin
1018 945 1246 998 probabile
1268 948 1348 994 est,
1363 957 1416 984 ne
1436 945 1480 984 H
1486 946 1652 1000 ierony-

191 1030 307 1057 mum
329 1017 503 1069 quidem
526 1015 723 1056 codicem
748 1027 883 1055 manu
910 1016 1139 1055 exaratum
1161 1012 1305 1052 Persii
1334 1011 1515 1052 scholiis
1546 1012 1655 1054 dita·

191 1089 281 1127 tum
311 1088 383 1125 aut
415 1087 514 1124 ante
534 1083 688 1124 oculos
706 1082 915 1123 habuisse
937 1085 1011 1122 aut
1032 1080 1307 1133 cognovisse,
1341 1080 1534 1132 alioquin
1563 1083 1654 1122 tam

192 1153 397 1194 acerbum
419 1151 472 1192 de
494 1151 761 1192 obscuritate
782 1149 899 1190 illius
914 1148 1131 1204 judicium
1149 1160 1236 1188 non
1255 1146 1442 1188 tulisset.
1495 1146 1654 1201 Neque

190 1221 233 1263 in
253 1220 446 1270 scholiis,
467 1222 514 1259 ut
543 1230 657 1259 nunc
675 1219 790 1267 sunt,
811 1217 946 1257 ullum
975 1214 1245 1268 antiquitatis
1266 1214 1497 1267 vestigium
1518 1227 1657 1269 appa-

189 1292 277 1339 ret3
309 1289 517 1342 pleraque
557 1290 658 1327 sunt
693 1284 921 1340 ejusmodi,
962 1287 1010 1325 ut
1045 1282 1349 1336 unusquisque
1387 1295 1473 1323 non
1522 1283 1652 1336 plane

191 1357 377 1410 ineptus,
398 1356 512 1396 lecto
534 1355 682 1408 aliquo
712 1355 829 1403 loco,
863 1352 1017 1394 eadem
1039 1352 1218 1393 allinere
1239 1352 1404 1404 posset,
1425 1349 1529 1403 quia
1548 1350 1655 1392 nihil

190 1424 245 1466 iis
274 1424 403 1473 inest,
435 1422 552 1476 quod
572 1435 660 1462 non
678 1422 790 1475 ipsis
810 1420 1001 1462 auctoris
1020 1419 1164 1459 verbis
1186 1418 1477 1468 contineatur3
1507 1431 1655 1470 pauca

192 1494 356 1532 tantum
381 1503 439 1531 ex
461 1489 610 1543 aliquo
631 1487 915 1541 grammatico
934 1499 1020 1527 non
1038 1486 1168 1526 nimis
1191 1488 1362 1526 vetusto
1392 1488 1548 1525 temere
1579 1485 1652 1526 de-

192 1562 344 1612 cerpta
374 1556 513 1598 videri
550 1559 746 1610 possunt.
814 1554 902 1595 Sed
935 1554 1086 1595 nescio
1114 1566 1199 1607 quo
1231 1553 1325 1593 fato
1364 1552 1410 1592 id
1438 1552 1654 1593 accidisse

190 1625 350 1675 dicam,
387 1628 435 1666 ut
466 1624 612 1666 nullus
648 1624 772 1664 locus
804 1622 1057 1664 difficultate
1092 1621 1242 1674 aliqua
1272 1620 1453 1672 insignis
1485 1620 1654 1674 aliquid

190 1693 302 1735 lucis
321 1695 475 1734 nactus
497 1692 555 1733 sit
573 1704 631 1733 ex
651 1691 740 1732 illis
757 1690 964 1741 scholiis3
995 1702 1095 1730 nam
1120 1689 1192 1729 vel
1213 1687 1386 1728 omnino
1407 1687 1551 1737 silent,
1583 1688 1653 1729 vel

191 1773 244 1802 ea
274 1760 513 1813 explicant,
543 1759 588 1800 in
609 1758 771 1812 quibus
790 1770 916 1799 nemo
946 1757 1122 1798 haereat.
1184 1755 1486 1797 Nihilominus
1510 1759 1656 1796 tamen

193 1841 247 1869 ea
267 1827 436 1868 scholia
456 1824 673 1866 utilissima
705 1826 751 1865 in
781 1824 983 1866 Persium
1000 1824 1169 1878 passim
1190 1823 1321 1863 etiam
1342 1835 1368 1863 a
1388 1822 1655 1864 doctissimis

192 1895 300 1936 viris
331 1895 556 1935 vocantur.
615 1891 785 1932 Verum
817 1904 918 1931 cum
949 1891 994 1931 in
1031 1890 1354 1944 antiquioribus
1387 1890 1655 1930 editionibus

192 1962 359 2004 scholia
396 1960 667 2015 proferantur
701 1958 910 2013 pleniora,
951 1970 1082 2011 quam
1119 1970 1185 2006 ea,
1222 1969 1321 2010 quae
1363 1955 1653 1997 Casaubonus

191 2029 370 2071 editioni
410 2042 503 2069 suae
545 2028 719 2082 adjecit,
766 2026 1060 2079 nonnullaque
1097 2039 1124 2067 a
1162 2025 1266 2066 viris
1309 2025 1450 2066 doctis
1493 2025 1657 2065 inedita

197 2096 423 2137 laudentur
462 2100 504 2137 et
537 2096 582 2136 in
614 2094 894 2136 bibliothecis
928 2093 1071 2135 adhuc
1106 2092 1303 2140 latentia,
1342 2094 1436 2132 tota
1473 2091 1561 2131 ista
1601 2091 1655 2131 de

195 2163 374 2204 scholiis
410 2162 648 2215 disputatio
678 2162 732 2212 ei,
767 2161 843 2215 qui
875 2161 1126 2201 melioribus
1159 2159 1385 2213 praesidiis
1421 2159 1656 2199 instructus

192 2236 271 2280 est,
295 2229 573 2283 relinquenda
591 2229 693 2269 mihi
719 2228 906 2269 videtur·

238 2353 384 2393 Gotting.
410 2355 505 2384 1803.

852 2423 995 2456 NOTAE

194 2491 364 2533 exquisite
387 2491 515 2522 dictum
530 2489 767 2531 putent‚quod
791 2489 894 2520 inter·
951 2491 1017 2518 tur.
1062 2486 1185 2527 Itaque
1208 2485 1234 2516 si
1261 2485 1436 2525 antiquum
1463 2493 1650 2514 sermonem

194 2542 395 2582 metandum
414 2541 480 2572 sit)
509 2542 553 2572 Et
572 2544 665 2572 1x.3.
681 2542 689 2557 ‘
703 2540 894 2571 Verborum
950 2545 1064 2571 nostro
1081 2547 1328 2579 comparemus,
1343 2546 1440 2577 paene
1454 2537 1541 2577 jam,
1558 2535 1653 2576 quid-

193 2591 309 2631 figurae
338 2597 373 2623 et
401 2597 541 2623 mutata:
571 2597 648 2623 sunt
678 2601 824 2632 semper,
845 2596 894 2629 et,
950 2591 1032 2633 quid
1047 2592 1227 2632 loquimur,
1244 2589 1353 2630 figura
1369 2587 1446 2619 est!

195 2648 376 2685 utcumque
399 2644 506 2675 voluit
528 2643 750 2684 consuetudo,
765 2647 896 2674 mutan-
