1888 3032
646 150 807 181 PERSII
855 151 959 182 SAT.
994 151 1046 181 11.

119 244 173 275 cui
189 242 327 275 barbam
346 241 494 274 vellebat
514 244 603 276 Lais,
644 244 778 276 Casaub.

163 297 223 326 134
248 294 322 334 His,
336 294 405 334 ἐγὼ]
440 296 512 326 Hos
525 306 640 327 omnes
657 296 822 328 virtutum

119 350 154 377 et
169 346 347 379 literarum
371 345 513 377 insulsos
528 351 756 378 contemtores
772 357 824 377 rc-

118 395 234 436 pudio,
249 396 347 426 ethis
364 396 496 433 mando,
509 393 550 426 ut'
561 407 659 428 manc
673 397 820 428 edictum

118 446 276 486 praetoris
298 446 341 477 ob
369 456 414 477 aes
441 447 587 477 alienum
614 447 664 476 vel
687 447 821 486 culpam

118 496 259 527 audiant
276 507 284 535 ;
310 502 386 537 post
411 497 553 537 prandia
570 501 682 527 autem
700 497 751 526 vel
766 496 822 527 ho-

117 555 331 585 ramnonam,
344 546 505 577 famosam
521 546 733 576 meretricem
747 546 822 576 Cal-

117 596 261 636 lirhoen,
282 602 318 628 et
343 597 424 627 alias
454 596 603 636 corporis
628 597 822 636 voluptates

119 647 284 686 concedo,
307 651 342 677 et
368 647 410 677 ab
435 646 522 677 omni
553 646 695 676 honesto
724 655 820 676 exer·

118 696 200 727 citio
213 701 249 726 et
264 696 345 726 meis
364 696 526 735 imprimis
543 697 685 736 Satyris,
697 696 818 736 quibus

118 746 190 776 vita
206 750 242 776 et
257 755 367 777 mores
385 746 622 784 emendantur,
646 747 818 777 abstinere

111 795 227 837 jubeo.
250 796 473 827 mmm-His
487 796 590 836 mane]
623 797 742 828 Studia
765 807 819 828 eo-

119 855 193 877 rum
216 845 372 887 exponit,
388 845 505 886 quibus
528 846 725 886 Satyrarum
750 856 821 878 sua-

121 905 195 927 rum
218 896 366 927 lectione
391 896 640 928 interdicebat:
667 897 714 928 ait
738 897 820 928 istos

120 945 188 976 duo
214 946 320 977 solum
343 955 494 978 curasse:
526 945 650 988 forum,
679 951 823 988 propter

1495 145 1580 187 221

878 245 1075 277 avaritiam:
1090 250 1125 277 et
1140 246 1450 287 lupanaria,amore
1463 249 1581 290 volup-

879 296 973 326 tatis.
1021 296 1105 327 Have
1131 297 1234 337 igitur
1255 297 1370 329 studia
1386 308 1421 329 se
1441 299 1508 329 illis
1533 309 1584 329 re-

877 345 1032 386 linquere
1054 347 1125 377 sine
1151 347 1275 378 invidia
1298 349 1449 388 satyrice
1472 353 1584 380 osten-

877 396 940 427 dit.
986 398 1048 436 Do,
1074 399 1332 437 valet‚1namlo:
1361 401 1450 441 quod
1481 411 1583 443 appa-

878 451 930 478 ret
958 457 999 478 cx
1023 449 1190 480 Horatio:
1215 453 1223 468 ‘
1244 452 1367 483 Forum
1399 454 1585 495 putealque

878 498 1017 529 Libonis
1050 500 1221 531 Mandabo
1246 502 1366 534 siccis?
1426 504 1585 535 Edictum

878 548 1030 589 intellige
1058 552 1234 589 primm-iffi
1262 557 1295 582 et
1321 552 1364 583 ab
1389 563 1455 584 una
1469 554 1586 594 specie

871 597 1119 638 jurisdictionis
1151 605 1294 632 caeteras
1333 612 1448 634 omnes
1483 613 1583 644 cape.

879 648 980 678 Mane
1004 653 1117 679 autem
1142 649 1273 689 judicia
1302 653 1512 684 exercebant
1547 658 1583 686 et

879 697 970 728 sicci.
1020 698 1198 729 Calz'rrho'e's
1215 709 1294 730 voce
1318 700 1374 731 hic
1393 701 1531 742 (nomen
1549 702 1585 734 id

880 747 983 778 scorti
1000 748 1169 788 quondam
1186 750 1417 792 celeberrimi)
1430 752 1586 784 universa

880 797 1173 837 voluptuariorum
1191 800 1302 831 studia
1318 805 1422 841 atque
1440 811 1588 843 occupa-

877 847 984 878 tiones
1002 850 1226 889 συνεκδοχικῶς
1243 851 1491 893 intelliguntur.
1526 853 1586 883 Ca-

874 897 999 929 sanbon-

657 1336 962 1385 SATIRA
999 1337 1088 1385 ΙΙ.

167 1513 248 1546 ΗΑέ
270 1515 391 1556 Satyra
412 1516 562 1548 secunda
580 1517 719 1549 Persius
744 1517 825 1548 ami-

123 1572 200 1595 cum
216 1574 312 1596 suum
328 1566 477 1597 Plotium
498 1568 692 1599 Macrinum
717 1569 824 1599 virum

123 1613 358 1646 doctissimum
379 1621 414 1647 et
436 1617 691 1659 integerrimum
716 1619 826 1650 horta-

124 1670 194 1705 tur,
208 1669 246 1697 ut
263 1667 361 1707 genio
383 1667 560 1710 indulgeat
583 1674 617 1701 et
641 1671 826 1711 sacrificet,

123 1717 213 1756 quod
230 1717 350 1748 natalis
366 1717 436 1749 dies
452 1719 507 1757 sit,
527 1723 563 1751 et
586 1724 624 1751 ut
645 1720 827 1761 frugaliter

123 1767 208 1797 illud
233 1767 350 1809 faciat,
373 1770 464 1810 quod
484 1780 558 1801 =non
586 1776 625 1803 ut
655 1772 827 1812 principes

125 1817 282 1857 Romani,
298 1818 402 1858 impia
417 1824 497 1850 vota
514 1819 630 1857 faciat,
654 1831 718 1852 nec
743 1831 828 1862 opus

125 1866 251 1898 habeat
281 1871 319 1898 ut
340 1869 466 1908 magnis
498 1869 741 1901 sacrificiorum
771 1871 830 1901 im-

126 1917 240 1957 pensis
257 1917 353 1948 Deos
370 1923 579 1959 corrumpat.
625 1919 830 1951 Inscribitur

128 1971 240 1997 autem
266 1968 322 1998 DE
339 1976 439 1999 BONA
455 1978 593 2008 MENTE,
615 1975 651 2001 et
672 1971 828 2002 desumta

127 2021 180 2047 est
195 2026 238 2047 ex
257 2017 412 2049 Platonis
428 2017 619 2058 Alcibiade,
635 2031 709 2061 quae
726 2022 830 2063 impia

127 2071 163 2098 et
179 2067 347 2099 scelerata
358 2068 531 2101 hominum
543 2075 624 2102 vota
638 2071 785 2105 damnat.

172 2120 189 2147 1
216 2117 310 2148 Hunc
337 2119 492 2159 Macrine,
516 2120 588 2160 [Sc]
632 2121 829 2163 Alloquitur

128 2167 280 2198 Plotium
297 2167 499 2209 Macrinum,
509 2170 676 2201 hominem
698 2182 777 2203 sane
798 2183 831 2204 e-

128 2218 337 2257 ruditum,et
349 2222 492 2259 paterno
505 2230 541 2251 se
553 2219 679 2252 affectu
691 2222 832 2263 diligen-

130 2273 212 2310 tem,
227 2269 285 2310 qui
310 2269 343 2300 in
366 2269 465 2300 domo
480 2269 618 2312 Servilii
649 2271 830 2313 didicerat,

128 2329 149 2351 a
172 2330 239 2361 quo
262 2320 407 2360 agellum
435 2326 704 2361 comparaverat,
722 2322 830 2354 indul-

129 2375 166 2402 to
189 2370 253 2401 sibi
270 2370 382 2410 pretio
396 2370 578 2411 aliquanto.
624 2372 692 2403 Vet.
717 2372 836 2404 Βοὴ.-

136 2421 232 2452 Hunc
254 2421 350 2462 diem]
394 2421 552 2453 Natalem
569 2422 703 2454 scilicet
728 2426 834 2455 tuum.

134 2471 286 2511 Numera,
300 2471 369 2511 fisa]
401 2472 498 2502 Inter
514 2472 586 2503 dies
601 2472 681 2504 vitae
699 2477 766 2504 tuae
780 2474 836 2505 lte-

133 2520 279 2552 tissimos
300 2521 400 2562 habe,
423 2525 458 2552 et
481 2521 679 2553 candidiore
703 2523 834 2555 calculo

135 2577 284 2601 numera.
328 2571 381 2601 Ex
410 2572 624 2603 Cretensium
655 2573 708 2603 vel
731 2573 836 2604 Thra-

134 2628 210 2650 cum
237 2629 331 2651 more
358 2622 521 2663 loquitur,
549 2622 607 2663 qui
638 2622 710 2654 dies
738 2623 835 2654 laetos

135 2667 226 2706 albo,
249 2669 363 2700 tristes
387 2671 486 2711 nigro
510 2672 635 2712 lapillo,
659 2672 692 2702 in
715 2672 836 2703 cistam

136 2717 211 2758 conj
218 2722 292 2749 ectu
305 2717 516 2755 indicabant,
561 2722 690 2754 Postea
700 2732 836 2764 compu-

881 1516 1012 1548 tatione
1029 1515 1120 1548 facta
1137 1516 1312 1557 videbant,
1331 1521 1413 1558 quot
1426 1517 1495 1549 dies
1509 1517 1589 1549 anni

879 1568 977 1598 laetos
1000 1567 1210 1606 habuissent,
1246 1572 1281 1598 et
1315 1569 1363 1598 eis
1387 1578 1422 1599 se
1454 1573 1589 1600 tantum

880 1619 1003 1650 vixisse
1035 1620 1430 1661 putabant.——-IVIeliore]
1466 1620 1592 1652 Candi-

883 1668 990 1699 diore.
1014 1669 1160 1699 Veteres
1178 1669 1266 1699 enim
1283 1669 1395 1700 omnia
1412 1669 1489 1701 alba
1501 1669 1592 1701 bona

884 1718 1081 1750 censebant.
1115 1719 1267 1750 Lubinus.
1313 1719 1487 1751 Numerare
1511 1730 1591 1761 ergo

884 1769 951 1800 albo
989 1769 1107 1808 lapillo,
1138 1769 1267 1800 locutio
1304 1770 1517 1809 παροιμιώδης,
1547 1771 1590 1801 ad

885 1820 1114 1861 cujuscunque
1149 1820 1265 1860 gaudii
1295 1820 1590 1860 significationem.

886 1869 1020 1900 Casaub.

926 1923 946 1950 2
973 1919 1048 1954 Qui,
1066 1920 1134 1961 ssa]
1167 1920 1235 1952 Qui
1252 1920 1374 1951 natalis
1391 1920 1463 1952 dies
1477 1922 1591 1953 candi-

888 1968 960 2007 dus,
976 1968 1069 2008 felix,
1084 1975 1118 2000 et
1135 1970 1329 2010 auspicatus
1353 1974 1420 2001 tuae
1438 1971 1520 2002 vitae
1537 1981 1592 2003 an-

886 2028 947 2049 nos
965 2019 1120 2050 labentes
1144 2025 1179 2050 et
1201 2018 1341 2060 fugaces
1359 2019 1454 2051 addit
1469 2021 1532 2052 tibi
1556 2027 1593 2054 et

887 2070 1053 2111 adponit;
1075 2071 1107 2101 id
1122 2075 1189 2108 est,
1212 2069 1347 2101 Annum
1378 2072 1592 2111 praeteritum

888 2120 1082 2151 claudendo
1106 2120 1168 2151 tibi
1189 2120 1326 2161 reliquis
1360 2121 1592 2161 superioribus

888 2169 1054 2210 adjungit.
1079 2170 1371 2210 Lam—Labeates]
1395 2171 1464 2201 Pro
1480 2172 1592 2211 lapsis.-

887 2220 951 2250 nisi
967 2229 1007 2251 eo
1025 2220 1179 2260 respicit,
1195 2221 1282 2261 quod
1307 2230 1399 2261 saepe
1416 2220 1593 2254 inchoatus

887 2278 993 2300 annus
1014 2280 1073 2310 pro
1091 2270 1247 2301 absoluto
1269 2276 1489 2302 numeratur:
1514 2281 1592 2303 curn

886 2327 946 2350 xx.
975 2329 1079 2350 annos
1106 2324 1222 2350 natum
1251 2320 1394 2351 dicimus
1422 2330 1511 2361 eum,
1536 2321 1594 2362 qui

893 2375 972 2410 agat
999 2371 1210 2411 vigesimum.
1237 2371 1594 2412 Casaub.—Candidus]

890 2420 999 2451 Albus
1017 2426 1051 2452 et
1067 2421 1362 2461 f‹·lix.——Adponit]
1390 2422 1483 2453 Dum
1499 2422 1593 2453 vide-

890 2471 972 2501 licet
982 2480 1084 2502 novos
1100 2471 1237 2502 inchoat
1249 2475 1285 2502 et
1297 2471 1492 2512 praeteritos
1505 2472 1594 2502 clau-

891 2521 953 2562 dit,
969 2526 1006 2553 et
1028 2526 1210 2563 sequentes
1234 2521 1509 2563 praecedentibus
1534 2520 1591 2550 ad-

884 2572 1013 2613 jungit.
1036 2572 1150 2604 Lubin.

934 2625 952 2653 3
980 2623 1100 2663 Funde,
1124 2624 1195 2663 ἔξω]
1242 2620 1453 2660 Emphatice‚
1478 2619 1592 2650 vinum

892 2678 1037 2713 tantum,
1051 2683 1117 2705 non
1131 2672 1346 2704 hecatombas
1360 2669 1472 2706 adser;
1489 2671 1591 2701 sacri-

891 2724 959 2755 fica
972 2728 1105 2756 tautum
1122 2724 1210 2762 vino,
1226 2731 1292 2752 non
1308 2724 1456 2752 mactata
1470 2720 1592 2752 hostia.
