1888 3032
679 165 863 197 SA'NRA
896 165 962 196 vt.

1469 157 1553 199 173

90 257 296 312 Negliget
315 260 471 309 iratuS,
494 259 611 313 quod
628 273 718 301 rem
740 261 999 303 curtaveris:
1030 273 1151 303 urnae

88 326 206 368 Ossa
222 327 404 368 inodora
424 327 560 378 dabit,
583 340 661 369 seu
682 329 845 381 spirent
865 329 1065 370 cinnama
1085 328 1279 380 surdum,

1493 330 1552 372 35

81 460 156 491 rini.
201 460 247 492 At
264 461 362 492 hares
377 460 511 501 offensus
526 461 604 502 quod
619 460 694 492 bonu
709 460 901 500 diminuet-is,
923 461 1145 500 praetermittet
1169 462 1288 502 epulum
1298 460 1445 500 funebre,
1460 465 1497 493 et
1512 461 1556 493 z'nv

82 513 191 535 urnam
204 505 310 535 condet
326 514 392 535 ossa
411 510 470 535 tua
483 505 551 535 sine
568 503 719 543 odoribus,
736 503 848 541 facilis
862 505 1008 542 ignorare
1021 505 1086 535 sive
1100 505 1323 536 cinnamomum
1339 505 1463 537 emittat
1477 505 1549 537 odo-

694 598 812 609 eeeeee

814 598 931 609 tttttt

80 667 120 695 34
144 664 278 703 negIIgit
294 663 360 694 Ms.
376 663 539 706 Gar—35
567 663 694 694 Omnes
718 667 854 694 veteres
881 664 1028 694 inodora:
1052 663 1111 694 sed
1133 673 1198 695 nec
1223 664 1334 695 altera
1349 663 1454 695 lectio
1486 664 1548 696 im-

78 707 183 748 proba
211 711 275 745 cst,
305 716 404 747 quam
439 710 534 736 vetus
562 706 731 747 interpres
761 707 928 747 agnoscit,
955 707 1122 737 inhonora.-
1158 711 1194 737 et
1235 712 1439 747 argutantur
1474 707 1546 739 sine

77 750 220 789 ratione,
234 749 290 791 qui
304 749 395 780 illam
410 748 517 778 refelli
535 750 629 780 aiunt
646 759 663 779 a
682 749 901 790 sequentibus
916 760 924 787 ;
949 759 1026 780 nam
1042 749 1084 780 ad
1100 750 1263 780 honorem
1288 749 1444 781 defuncti
1468 760 1546 791 per-

75 791 221 831 tinebat,
249 793 338 833 quod
367 797 518 822 aromata
546 797 581 823 et
615 792 736 824 odores
768 793 802 823 in
829 802 946 824 urnam
974 801 1050 824 cum
1089 792 1228 834 reliquis
1258 792 1542 833 conjiciebantur.

81 834 254 867 Casaubon.
271 845 326 866 ceu
343 835 410 866 Ms.
437 835 513 865 Gal.

741 926 883 959 NOTAE

75 990 120 1022 cis
156 994 192 1023 et
238 992 449 1033 propinquis,
486 996 563 1032 post
608 991 780 1032 exequias,

73 1042 218 1073 maxime
244 1052 326 1073 vero
353 1042 489 1074 senibus
513 1047 549 1072 et
575 1046 677 1073 aetate
703 1051 780 1082 pro-

74 1093 196 1133 vectis,
225 1092 336 1135 inquit
363 1092 464 1124 Alex.
495 1092 538 1123 ab
571 1091 671 1123 Alex.
702 1092 778 1123 loco

71 1152 150 1174 mox
166 1143 290 1174 citato:
316 1147 355 1175 ut
378 1153 440 1184 per
456 1143 525 1174 vini
541 1143 677 1184 cibique
693 1142 778 1173 leni-

71 1202 149 1224 men
177 1193 383 1225 desiderium
412 1193 565 1226 defuncti
595 1195 777 1225 levaretur.

71 1246 102 1275 3.
126 1243 181 1275 Ad
205 1246 400 1285 sepulcrum
417 1255 514 1276 coena
531 1245 779 1286 deponebatur,

71 1294 114 1326 de
131 1304 198 1336 qua
212 1295 370 1327 Juvenal.
394 1296 465 1327 Sat.
483 1305 515 1327 v.
541 1306 588 1327 vs.
607 1299 661 1326 85.
684 1299 693 1313 ⁴
711 1296 777 1326 Po-

69 1345 161 1377 nitur
191 1346 316 1388 exigua
349 1346 465 1377 feralis
503 1356 601 1378 coena
625 1346 777 1387 patella.’

71 1396 116 1426 Et
143 1396 216 1427 haec
250 1396 439 1428 vocabatur
471 1397 688 1434 silicernium,
717 1407 778 1428 seu

71 1446 162 1488 quod
177 1456 251 1477 eam
275 1447 414 1478 Umbrae
429 1448 566 1478 silentes
584 1451 777 1487 cernerent,

69 1507 130 1528 seu
146 1497 234 1539 quod
252 1507 294 1528 ex
311 1507 352 1528 ea
362 1507 428 1527 uon
446 1502 633 1537 gustarent.
673 1498 776 1528 Sane-

70 1553 124 1579 tus
141 1548 351 1589 Augustinus
366 1549 475 1579 Serm.
494 1556 555 1578 xv.
582 1548 623 1578 de
640 1548 774 1579 Sanctis

69 1608 109 1630 eo
134 1599 287 1640 respexit
313 1608 391 1629 cum
407 1598 533 1637 aiebat,
563 1599 572 1614 ‘
590 1599 698 1629 Miror
714 1609 775 1629 cur

68 1649 158 1690 apud
184 1649 346 1690 quosdam
377 1648 530 1680 infideles
565 1653 635 1679 tam
663 1650 773 1689 perni-

69 1699 181 1731 ciosus
204 1709 298 1730 error
322 1699 519 1739 increverit,
545 1704 583 1731 ut
604 1708 708 1740 super
723 1705 772 1731 tu-

68 1750 176 1782 mulos
212 1749 452 1782 defunctorum
488 1750 583 1782 cibos
619 1754 655 1781 et
692 1750 772 1781 vina

68 1800 263 1841 conferant,
285 1802 381 1843 quasi
398 1811 543 1842 egressae
562 1801 604 1831 de
620 1801 771 1841 corpori-

67 1850 128 1881 bus
153 1851 272 1882 animae
298 1852 450 1882 carnales
468 1851 562 1881 cibos
580 1850 769 1890 requirant.

67 1902 196 1942 Epulas
211 1903 300 1933 enim
323 1906 359 1933 et
381 1900 587 1932 refectiones
603 1910 683 1932 caro
700 1906 771 1932 tan-

66 1957 138 1983 tum
153 1952 309 1993 requirit,
324 1952 464 1992 spiritus
480 1957 594 1982 autem
610 1956 646 1982 et
659 1951 772 1982 anima

65 2001 116 2033 his
133 2011 200 2034 non
215 2003 388 2043 indigent:
414 2012 536 2043 parare
563 2002 682 2043 aliquis
703 2002 771 2032 suis

66 2052 154 2083 caris
185 2052 281 2091 dicit,
321 2052 409 2093 quod
453 2052 525 2092 ipse
554 2052 708 2092 devorat,
734 2056 771 2083 et

64 2101 154 2142 quod
170 2107 314 2142 praestat
327 2102 449 2141 ventri,
461 2102 608 2143 imputat
625 2101 771 2143 pietati!

64 2152 303 2193 Superstitiosi
326 2152 468 2192 hujusce
483 2153 568 2183 ritus
589 2157 698 2184 restat
713 2153 770 2184 ad-

64 2202 130 2234 huc
147 2203 297 2233 nonnihil
311 2202 342 2232 in
360 2202 544 2234 Occitania
558 2208 594 2233 et
609 2203 684 2234 aliis
700 2204 771 2244 qui-

64 2253 205 2284 busdam
233 2253 355 2284 Gailiae
384 2253 550 2292 partibus,
575 2253 633 2284 nbi
658 2254 768 2294 prima

63 2303 118 2335 die
145 2305 348 2336 Novembris
372 2304 413 2334 ad
438 2313 616 2343 vesperam
633 2304 767 2334 iustrui-

64 2359 121 2386 tur
148 2365 265 2386 mensa
293 2356 381 2394 vino,
407 2364 507 2395 pane,
533 2354 622 2392 cibo,
639 2355 680 2386 ad
699 2355 767 2386 aui-

62 2414 133 2435 mas
170 2404 408 2435 defunctorum
447 2405 539 2445 quasi
579 2406 766 2445 pascendas

64 2459 123 2486 aut
138 2455 360 2494 honorandas,
372 2461 407 2486 et
421 2456 461 2486 ad
478 2461 652 2496 posterum
669 2465 765 2487 mane

63 2504 112 2535 sic
127 2505 293 2537 instructa
309 2506 523 2547 relinquitur.
552 2506 641 2537 Plin.
658 2515 693 2537 x.
711 2509 762 2537 10.

61 2555 280 2597 (mirandum)
312 2562 430 2588 narrat
466 2557 584 2588 milvos
621 2565 764 2597 rapaces

63 2607 158 2646 licet,
183 2612 217 2638 et
235 2609 416 2646 famelicam
431 2620 549 2650 semper
563 2610 668 2641 alitem
686 2610 764 2640 nihil

62 2658 208 2690 esculenti
221 2669 476 2700 rapereuuquam
497 2671 514 2691 e
529 2660 678 2699 funerum
694 2661 763 2698 fer-

61 2708 148 2739 culis.
182 2710 213 2739 4.
231 2708 373 2748 Epulum
389 2714 464 2742 erat
486 2711 701 2752 novendiale,
727 2715 765 2742 et

836 989 1112 1031 circumpotatio,
1158 989 1303 1028 Graecis,
1341 988 1544 1031 περίδειπνον,

835 1041 963 1073 Athen.
991 1050 1074 1074 v111.
1103 1043 1134 1072 7.
1161 1044 1197 1072 et
1221 1045 1303 1072 tunc
1320 1040 1545 1081 jactabantur

835 1091 991 1124 defuncti
1008 1092 1193 1133 praeconia,
1205 1101 1273 1122 non
1290 1091 1362 1123 sine
1388 1091 1544 1124 ambitio-

833 1144 876 1174 sis
889 1143 1151 1175 adulationibus.
1175 1143 1268 1174 Hinc
1282 1143 1443 1174 Graecum
1457 1144 1542 1175 Pro-

834 1193 1008 1225 verbium:
1047 1193 1102 1224 οὐκ
1123 1193 1162 1224 ἂν
1192 1192 1390 1233 ἐπαινεθείης,
1413 1193 1475 1224 οὐδ’
1508 1194 1541 1225 ἐν

834 1243 1047 1285 περιδείπνοις,
1074 1244 1116 1275 de
1135 1244 1271 1275 homine
1290 1253 1428 1284 prorsus
1443 1244 1541 1276 illau-

834 1295 949 1334 dabili,
966 1296 999 1326 in
1016 1305 1082 1336 quo
1102 1295 1185 1325 nihil
1200 1299 1254 1325 est
1271 1295 1360 1335 quod
1383 1294 1542 1326 laudetur

833 1345 938 1376 etiam
976 1346 1011 1376 in
1053 1345 1121 1376 illis
1164 1344 1540 1385 circumpotationibus,

834 1406 908 1437 qnae
936 1396 979 1427 ad
1009 1396 1080 1436 ejus
1103 1397 1267 1428 honorem
1293 1400 1372 1436 post
1395 1401 1540 1427 mortem

831 1445 1069 1485 instituuntur,
1085 1450 1120 1476 et
1148 1446 1182 1477 in
1208 1456 1306 1478 coena
1321 1447 1380 1478 illa
1393 1445 1539 1489 funebri,

830 1505 903 1537 quae
918 1500 993 1527 tota
1005 1495 1184 1527 ambitiosa
1199 1500 1263 1527 est.

873 1548 913 1576 34
940 1546 1030 1580 Quod
1045 1555 1111 1577 rem
1125 1547 1312 1588 curtaveris]
1346 1547 1445 1580 Quod
1463 1552 1536 1579 tan-

829 1601 901 1627 tum
927 1596 969 1628 de
986 1597 1132 1638 speratis
1157 1597 1253 1628 bouis
1270 1597 1462 1629 detractum
1481 1598 1537 1630 sit.

829 1648 952 1678 Horat.
979 1648 1089 1688 Epist.
1116 1656 1158 1679 11.
1184 1650 1216 1678 2.
1252 1648 1262 1664 ‘
1279 1648 1353 1679 Nec
1385 1653 1536 1679 metuam

828 1697 910 1738 quid
924 1697 967 1728 de
984 1697 1185 1738 mejudicet
1207 1698 1328 1738 haeres,
1351 1698 1452 1731 Quod
1468 1708 1536 1731 non

828 1748 924 1788 plura
941 1747 1030 1779 datis
1046 1748 1239 1780 invenerit!

874 1797 985 1837 Urnoe]
1018 1798 1159 1829 Cineres
1176 1797 1417 1830 defunctorum
1436 1809 1533 1831 urnae

825 1847 989 1879 immissos
1017 1848 1050 1878 in
1080 1848 1239 1892 sepulcro
1270 1849 1388 1880 solitos
1422 1849 1534 1890 condi,

825 1898 950 1929 nemini
964 1908 1030 1929 non
1047 1902 1270 1939 compertum.

869 1952 908 1981 35
936 1951 1015 1981 Ossa
1030 1950 1173 1990 inodora]
1200 1950 1337 1990 Legunt
1353 1949 1469 1991 aliqui,
1485 1950 1532 1981 in-

824 2000 950 2041 honora,
972 2010 1077 2042 seque
1094 2001 1217 2032 Glossa
1240 2001 1348 2032 veteri
1364 2004 1531 2040 tuentur3

825 2061 941 2082 verum
959 2056 1129 2092 repugnat
1145 2057 1260 2082 textus
1274 2060 1430 2092 sequens.

870 2103 950 2133 Ossa
966 2102 1091 2133 inodora
1118 2101 1219 2142 dabit]
1251 2102 1332 2133 Sine
1358 2102 1434 2133 ullis
1457 2111 1531 2134 aro-

825 2153 984 2192 matibus,
1001 2157 1061 2184 aut
1078 2153 1159 2183 vilia
1173 2153 1342 2184 duntaxat
1354 2158 1531 2193 unguenta

825 2203 1013 2235 adhibebit.
1058 2205 1114 2235 De
1143 2204 1194 2234 his
1219 2203 1298 2234 vide
1329 2202 1418 2235 Plin.
1446 2211 1530 2234 x111.

825 2257 855 2284 1.
882 2257 912 2285 2.
945 2257 975 2285 3.
1003 2254 1159 2286 Juvenal.
1190 2254 1261 2285 Sat.
1291 2262 1340 2284 ιν.
1373 2262 1422 2284 vs.
1456 2255 1529 2285 108.

821 2306 893 2337 ‘Et
908 2307 1075 2337 matutino
1097 2306 1220 2336 sudans
1239 2305 1414 2345 Crispinus
1437 2314 1528 2337 amo·

821 2366 889 2395 mo,
904 2357 1077 2389 Quantum
1094 2357 1149 2387 vix
1167 2355 1324 2387 redolent
1348 2354 1414 2385 duo
1431 2353 1528 2386 fune-

822 2407 882 2438 ra!
935 2407 1196 2439 Observandum
1225 2406 1396 2447 duplicem
1418 2404 1526 2436 fuisse

820 2458 853 2488 in
881 2456 1056 2488 funeribus
1085 2457 1204 2488 odores
1228 2455 1394 2486 fundendi
1421 2456 1524 2486 ratio-

818 2517 905 2538 nem.
954 2508 1071 2538 Primo
1093 2506 1206 2547 flores,
1233 2516 1385 2544 coronaS,
1402 2505 1524 2536 odores

818 2559 1028 2599 spargebant
1046 2559 1080 2589 in
1097 2559 1222 2589 lectum
1245 2557 1397 2594 feralem,
1419 2555 1522 2594 inque

817 2609 928 2650 ipsum
957 2609 1114 2647 bustum3
1148 2612 1319 2639 testantur
1336 2605 1434 2635 Dion.
1449 2603 1520 2633 Ha-

817 2660 936 2691 licarn.
952 2658 974 2690 l.
987 2669 1028 2690 11.
1046 2659 1161 2690 etalii.
1206 2655 1408 2696 Propertius
1425 2652 1522 2693 Eleg.

818 2719 868 2742 lv.
882 2713 913 2742 7.
938 2711 948 2728 ‘
966 2711 1036 2742 Cur
1052 2709 1157 2740 nardo
1172 2707 1315 2738 ssaunnae
1326 2713 1391 2735 nou
1403 2702 1519 2734 oluere
