1888 3032
274 125 331 168 82

277 231 359 273 Est
378 231 544 286 aliquid
565 243 653 285 quo
673 228 834 278 tendis,
853 232 895 269 et
914 229 958 269 in
980 230 1098 283 quod
1120 230 1273 283 dirigis
1294 243 1443 272 arcum
1457 233 1476 271 ’ἔ

781 134 826 162 A.
861 131 1024 163 PERSH
1059 133 1231 164 FLACGI

1684 230 1741 272 60

276 297 348 339 An
368 298 531 352 passim
552 296 748 349 sequeris
769 309 928 337 corvos
949 300 1147 350 testaque
1167 299 1359 351 lutoque,

278 366 471 406 Securus
489 377 574 417 quo
596 377 674 417 pes
695 363 819 413 ferat,
838 368 968 418 atque
988 377 1044 405 ex
1066 369 1258 417 tempore
1277 364 1394 405 vivis
1410 366 1429 405 'l

335 432 622 472 Helleborum
640 431 813 480 frustra,
832 445 929 472 cum
943 431 1038 485 jam
1061 433 1174 472 cutis
1194 445 1310 483 aegra
1327 432 1523 482 tumebit,

276 499 518 540 Poscentes
536 497 689 539 videas
708 512 717 540 ε
748 500 941 540 venienti
963 500 1177 540 occurrite
1194 500 1359 540 morbo.

276 566 333 606 Et
351 565 457 618 quid
475 578 587 618 opus
609 564 791 607 Cratero
809 580 991 620 magnos
1013 568 1261 621 promittere
1281 570 1449 607 montes
1464 568 1485 607 ‘l

1684 566 1743 608 65

277 633 465 682 Discite,
483 633 541 682 io,
564 634 726 682 miseri,
748 638 790 675 ct
812 647 971 675 causas
994 635 1244 687 cognoscite
1262 647 1404 675 rerum
1422 635 1431 675 !

271 753 362 792 genis
376 755 571 794 undequaque
587 754 755 787 dissolutis.
802 755 905 785 Estne
925 756 1071 795 quiddam
1087 756 1127 784 ad
1142 755 1221 793 quod
1242 764 1402 794 properas,
1427 758 1456 785 et
1483 754 1514 785 in
1538 755 1619 794 quod
1641 753 1742 784 tendis

273 806 378 827 arcum
390 794 405 827 2²

442 797 553 827 Utrum
570 800 683 828 temere
698 797 827 828 sectaris
841 807 956 837 corros,
983 801 1012 828 et
1039 807 1098 836 per
1113 797 1243 837 lapides,
1259 800 1289 827 et
1316 806 1377 836 per
1403 807 1530 832 coenum,
1546 807 1605 827 non
1629 806 1741 827 curans

273 848 331 878 quo
345 849 470 877 gressus
486 840 614 879 incidat,
632 843 661 870 et
677 840 711 870 in
726 841 808 870 diem
822 840 959 872 rictibus.
1006 842 1122 870 Cernas
1138 839 1300 880 quosdam
1319 843 1458 879 petentes
1473 838 1658 869 neumarum
1672 839 1740 870 inu-

273 881 386 920 tiliter,
400 883 519 921 quando
531 883 622 922 pellis
623 883 692 920 jam
704 884 782 913 male
798 882 912 923 affecta
926 884 1117 914 intumescet.
1163 882 1212 912 Ite
1225 881 1343 912 obviam
1360 882 1542 921 (egritudini
1557 881 1743 912 imminenti.

276 923 322 954 Et
337 924 410 964 quid
424 934 540 955 necesse
556 930 609 956 est
622 925 763 965 polliceri
788 927 921 957 Cratero
933 926 1075 965 ingentes
1091 924 1164 956 auri
1182 922 1331 956 acervos?
1356 924 1386 955 0
1404 923 1604 965 infortunati,
1619 924 1743 965 discite,

894 1019 1010 1030 eeeeee

275 1087 389 1124 partes
414 1083 556 1116 findere.

1015 1019 1128 1030 eeeeee

606 1084 864 1117 &mahom-65
898 1086 1019 1126 Ecquid
1045 1086 1138 1117 Edit.
1165 1085 1372 1127 Steph.—fie
1402 1084 1583 1126 Discit-<eque
1609 1094 1626 1115 ο
1650 1083 1747 1116 Edit.

945 1192 1084 1225 NOTAE

318 1279 360 1308 60
385 1278 445 1308 Est
459 1277 576 1318 aliquid
601 1288 659 1318 quo
685 1277 801 1318 tendis]
844 1277 899 1308 An
924 1278 982 1308 ali-

274 1336 375 1367 quem
400 1326 506 1358 habes
532 1328 595 1359 tibi
623 1328 835 1369 propositum
857 1327 982 1359 finem?

275 1376 378 1409 Quod
414 1377 641 1418 Philosophi-de
686 1378 897 1418 praecipuum
931 1383 984 1410 est

274 1431 499 1468 praeceptum,
511 1427 611 1458 tinem
628 1437 748 1468 nempe
764 1437 874 1468 nosse,
890 1432 925 1459 et
940 1429 983 1459 ad

274 1486 351 1507 eum
374 1478 485 1507 omnia
508 1477 677 1517 dirigere:
713 1478 802 1508 unde
823 1478 912 1509 huuc
938 1479 984 1510 vi-

273 1526 397 1557 tiorum
415 1537 550 1558 suorum
567 1526 697 1558 fontem
723 1528 835 1568 aperit
862 1529 983 1569 magis-

274 1582 327 1607 ter
343 1577 522 1618 discipulo,
550 1578 637 1619 quod
655 1577 756 1609 finem
773 1578 836 1609 sibi
853 1579 983 1610 nullum

274 1632 455 1667 proponat.

318 1680 358 1708 61
393 1677 445 1708 An
467 1678 584 1718 passim
605 1678 740 1718 sequeris
763 1681 883 1721 corvos]
927 1679 982 1711 An

274 1732 405 1758 temere
436 1728 520 1767 agis,
556 1733 590 1758 et
630 1728 851 1768 vagabundus
889 1740 981 1761 erras

272 1787 366 1809 more
388 1779 594 1819 puerorum?
872 1806 873 1809 ,

320 1829 446 1860 Testave
472 1830 587 1870 tutore]
633 1830 711 1869 Vel,
736 1832 888 1872 sequeris
917 1832 982 1864 dis-

274 1880 442 1910 currendo
454 1890 514 1920 per
531 1885 636 1912 testas
653 1885 687 1911 et
703 1882 824 1922 lutum,
840 1888 876 1914 et
891 1883 984 1914 invia

273 1938 462 1970 asperaque
486 1931 562 1961 loca
578 1930 764 1971 quaelibet?
802 1932 868 1969 vel,
892 1932 982 1972 petis

275 1984 363 2009 testa
380 1984 416 2010 et
431 1980 503 2011 luto
524 1985 559 2010 et
576 1980 753 2019 similibus,
771 1991 847 2012 cum
869 1983 982 2022 potius

274 2033 387 2059 essent
409 2030 542 2070 sagittis
569 2031 722 2071 petendi,
738 2036 774 2062 ut
790 2032 898 2064 inanis
914 2043 981 2064 uon

271 2082 365 2109 esset
380 2079 499 2109 labor?

318 2132 360 2160 62
392 2131 497 2169 Atque
523 2140 562 2161 ex
589 2133 726 2171 tempore
751 2132 845 2171 viz-is]
902 2133 982 2164 Sine

274 2180 345 2211 ulla
372 2191 450 2212 cura
466 2186 501 2212 et
523 2182 738 2214 solicitudine
755 2183 873 2222 futuri,
892 2185 981 2225 quod

274 2231 451 2272 proprium
467 2238 519 2263 est
535 2233 763 2274 stupidorum,
791 2239 851 2265 aut
877 2236 982 2266 etiam

271 2281 463 2312 brutorum.

315 2332 357 2360 63
382 2332 582 2362 Helleborum
600 2333 738 2372 frustra,
761 2334 830 2374 effe]
877 2335 981 2366 Phar-

273 2390 372 2413 maca
388 2382 506 2412 noxios
523 2383 677 2414 humores
691 2385 885 2424 purgantia.
920 2387 982 2416 Le-

274 2440 316 2471 ge
334 2431 423 2462 Plin.
443 2441 530 2462 xxv.
547 2436 577 2462 5.
625 2433 715 2464 Gell.
734 2438 893 2465 xv11.15.

319 2480 410 2511 Cutis
428 2491 514 2520 (egra
538 2481 684 2522 tumebit]
728 2483 797 2512 Per
819 2483 978 2523 hydropi-

273 2529 348 2562 sim.

270 2581 275 2584 “
316 2582 356 2611 64
386 2580 528 2612 Venienti
543 2581 694 2611 occurrite
719 2580 837 2621 morbo]
872 2582 903 2612 O
924 2582 980 2621 ju-

274 2639 388 2671 venes,
403 2630 475 2661 cito
490 2630 678 2662 incumbite
707 2630 822 2661 studio
849 2631 980 2673 sapien-

274 2680 330 2712 tia:
352 2685 387 2711 et
405 2680 534 2723 virtuli,
550 2691 626 2723 quae
643 2681 742 2713 animi
759 2682 883 2714 sanitas
901 2686 976 2714 est:

1037 1281 1171 1309 mature
1209 1277 1364 1309 obsistite
1400 1277 1502 1316 vitiis,
1536 1286 1613 1317 quae
1644 1275 1746 1308 animi

1037 1333 1116 1359 sunt
1140 1328 1260 1359 morbi.
1319 1328 1409 1359 Nam
1437 1327 1525 1358 sicut
1548 1325 1675 1358 frustra
1702 1326 1747 1358 ad

1037 1378 1189 1410 remedia
1226 1382 1262 1409 et
1297 1378 1339 1408 ad
1374 1377 1549 1408 Medicum
1583 1376 1747 1415 curritur,

1038 1439 1114 1460 cum
1126 1429 1198 1469 jam
1217 1428 1351 1459 morbus
1369 1428 1530 1459 invaluit:
1567 1427 1615 1458 ita
1632 1427 1747 1468 plane,

1039 1480 1066 1511 si
1084 1490 1206 1520 pravos
1223 1480 1356 1511 habitus
1373 1479 1465 1510 nasci
1481 1479 1514 1509 in
1534 1478 1639 1519 vobis,
1658 1488 1750 1510 cres-

1039 1541 1129 1572 cere,
1145 1536 1181 1562 et
1198 1530 1387 1562 confirmari
1405 1530 1519 1560 sinatis
1534 1541 1542 1568 ;
1577 1530 1746 1561 incassum

1039 1586 1160 1621 postea
1187 1581 1229 1612 ad
1256 1582 1418 1612 virtutem
1445 1581 1555 1611 redire
1578 1581 1749 1621 nitemini,

1037 1631 1162 1663 frustra
1186 1638 1420 1673 praeceptores
1438 1637 1472 1662 et
1489 1631 1665 1672 magistros
1679 1640 1747 1662 mo-

1037 1692 1109 1713 rum
1129 1682 1359 1721 solicitabitte‚
1390 1688 1428 1713 ut
1444 1682 1484 1712 ab
1508 1681 1683 1722 ingruenti
1700 1681 1747 1713 vi-

1037 1732 1162 1763 tiorum
1179 1737 1276 1772 peste
1293 1742 1351 1763 vos
1368 1732 1528 1763 liberent.

1079 1785 1119 1813 65
1147 1783 1232 1818 Quid
1247 1783 1338 1823 opus]
1363 1784 1447 1814 Cum
1463 1783 1650 1823 praecaveri
1668 1793 1748 1825 que-

1038 1838 1073 1864 at
1100 1834 1246 1874 morbus,
1276 1843 1336 1865 eur
1363 1844 1439 1864 eum
1471 1834 1675 1874 expectatis,
1708 1838 1747 1866 ut

1038 1889 1109 1915 tum
1138 1894 1237 1925 opem
1262 1884 1476 1915 Medicorum
1494 1883 1682 1924 imploretis
1696 1893 1747 1915 se-

1038 1944 1087 1975 ro,
1104 1939 1140 1965 et
1156 1944 1285 1965 summa
1300 1934 1456 1975 pecuniae
1473 1934 1603 1974 ingenti
1627 1943 1746 1965 exore-

1038 1985 1092 2024 tis,
1120 1985 1255 2026 quando
1279 1984 1512 2024 aegritudinem
1546 1988 1605 2014 aut
1629 1983 1747 2024 depel-

1036 2035 1109 2065 lere
1125 2035 1261 2065 omnino
1279 2044 1345 2065 non
1362 2034 1478 2073 liceat,
1504 2038 1563 2064 aut
1590 2043 1656 2064 non
1682 2034 1746 2066 nisi

1039 2085 1170 2125 magnis
1187 2084 1365 2115 sumtibus.

1084 2137 1230 2176 Cratero]
1275 2135 1310 2166 Is
1337 2134 1404 2166 fuit
1430 2134 1571 2175 insignis
1587 2134 1744 2166 Medicus

1038 2190 1194 2227 tempore
1215 2185 1372 2226 Augusti.
1428 2185 1549 2216 Horat.
1567 2186 1640 2217 sat.
1655 2195 1695 2218 11.
1711 2188 1745 2218 3.

1037 2237 1046 2253 ‘
1066 2237 1246 2268 Cra‘terum
1263 2236 1389 2267 dixisse
1406 2236 1547 2276 putato!

1078 2290 1120 2318 66
1143 2287 1279 2326 Discite,
1306 2288 1349 2325 io,
1376 2286 1497 2327 miseri]
1541 2286 1597 2317 Ita
1624 2287 1744 2327 legunt

1036 2337 1231 2368 doctissimi.
1292 2337 1406 2368 Miseri
1434 2337 1494 2375 ait,
1520 2337 1599 2377 quia
1626 2346 1743 2368 secun-

1036 2386 1114 2416 dum
1130 2386 1259 2417 Stoicos
1277 2386 1366 2416 solus
1388 2386 1522 2426 sapiens
1540 2390 1590 2416 est
1607 2385 1743 2427 beatus,

1036 2435 1155 2475 reliqui
1178 2445 1293 2466 omues
1316 2435 1429 2465 miseri
1455 2439 1542 2466 sunt.
1590 2435 1634 2465 D.
1652 2433 1742 2475 Aug.

1035 2483 1077 2514 de
1107 2484 1177 2514 Civ.
1208 2484 1278 2514 Dei
1304 2493 1344 2515 11.
1370 2487 1402 2514 6.
1446 2482 1546 2514 affert
1573 2484 1743 2524 integrum

1035 2534 1124 2564 hunc
1150 2534 1273 2571 locum,
1291 2533 1345 2574 qui
1363 2538 1457 2564 certe
1475 2533 1631 2564 continet
1648 2535 1743 2566 velut

1035 2583 1251 2614 Enchiridion
1270 2582 1496 2622 Philosophiae
1515 2583 1666 2614 Moralis.
1695 2583 1743 2615 A-

1034 2633 1070 2663 lii
1087 2633 1215 2673 legunt,
1230 2632 1407 2672 disciteque,
1420 2642 1436 2662 ο
1452 2632 1571 2673 miseri,
1586 2634 1639 2673 ἔμ’.

1080 2685 1197 2715 Causas
1221 2682 1394 2721 cognoscite
1418 2682 1536 2727 rerum]
1580 2681 1739 2725 Virgilius
