1888 3032
730 185 913 217 SATIRA
946 186 1000 217 11.

1516 169 1574 211 67

111 270 231 322 Quin
251 272 405 312 damus
426 271 468 311 id
491 271 685 324 Superis,
706 270 760 310 de
780 282 937 322 magna
958 268 1074 322 quod
1092 268 1193 309 dare
1210 267 1337 308 lance

110 339 216 380 Non
236 339 378 392 possit
395 340 540 391 magni
563 338 771 379 Messalae
792 338 916 390 lippa
936 349 1147 390 propagO,

111 405 409 459 Compositum
422 406 495 460 jus
512 403 664 458 fasque
683 405 843 452 animo,
866 407 1128 456 sanctosque
1149 414 1346 444 recessus

110 472 287 523 Mentis,
304 478 345 513 et
365 474 585 513 incoctum
605 482 811 524 generoso
831 475 986 523 pectus
1010 469 1204 510 honesto.

110 539 228 580 Haec
246 541 354 581 cedo
375 544 421 580 ut
440 540 696 580 admoveam
715 537 905 591 templiS‚
927 541 969 577 et
988 536 1099 577 farre
1120 537 1269 577 litabo.

1513 535 1572 576 75

108 674 186 712 tius,
202 676 281 715 quod
296 676 398 716 proles
422 675 564 706 Messaloe
588 673 702 705 habens
722 674 823 704 oculos
847 674 974 704 vitiatos
996 676 1126 712 nequeat
1142 673 1256 702 donare
1278 680 1294 701 e
1319 671 1427 710 patina
1444 669 1570 710 capaci:

107 718 205 756 legem
220 718 385 748 humanam
395 728 431 748 ac
451 717 589 748 divinam
611 718 694 747 bene
710 717 885 747 ordinatam
902 718 934 747 in
951 719 1072 747 mente.-
1095 719 1124 745 εἰ
1136 713 1308 754 penetralia
1324 713 1420 744 animi
1433 722 1524 753 pura,
1539 715 1568 743 et

106 770 159 794 cvr
174 761 378 791 exercitatum
392 761 425 791 in
441 760 558 791 virtute
572 761 727 791 animosa:
750 760 790 790 da
809 759 875 799 illa,
891 762 926 790 ut
950 758 1083 797 inferam
1094 757 1192 789 sacris
1206 756 1335 797 aedibus,
1350 759 1380 786 et
1396 757 1474 786 mola
1489 756 1570 786 salsa

108 802 201 833 Deos
214 803 354 843 placabo.

723 905 839 917 eeeeee

842 905 958 918 cccccc

107 962 268 994 Tullium.
288 961 549 993 &mahom—70
574 961 612 993 C.
630 960 743 993 omisit
758 959 795 992 τὸ
810 964 928 993 a.—73
952 960 1049 992 animi
1066 961 1190 993 C.—75
1214 969 1351 991 moveam
1368 958 1406 990 C.

767 1047 909 1079 NOTAE

108 1122 218 1155 bullas
236 1122 313 1153 Diis
328 1121 528 1162 Penatibus,
544 1122 668 1163 puellae
684 1122 812 1152 Veneri

108 1183 242 1214 puppas
256 1173 515 1212 consecrabant,
531 1176 568 1204 ut
593 1170 739 1203 faustum
755 1172 812 1202 ha-

108 1224 230 1256 berent
258 1224 518 1255 matrimonium.
553 1223 641 1254 Vide
656 1223 755 1254 Alex.
770 1223 813 1254 ab

108 1274 210 1306 Alex.
223 1284 257 1305 v.
276 1277 327 1306 18.
346 1275 470 1306 Sensus
485 1279 598 1306 autem
613 1275 725 1306 Persii
741 1280 812 1306 est:

109 1326 199 1357 sicut
213 1325 361 1366 virgines
378 1330 535 1366 nupturae
550 1335 681 1366 puppas
692 1335 751 1356 seu
766 1325 814 1355 in-

109 1376 254 1408 fantium
285 1377 465 1407 simulacra
495 1375 642 1407 offerunt
672 1376 815 1414 Veneri,

110 1433 149 1459 ut
164 1437 259 1458 veros
275 1427 423 1458 infantes
442 1427 620 1457 obtineant
637 1437 644 1456 :
680 1427 729 1457 ita
744 1436 817 1464 vos,

110 1489 129 1510 0
151 1479 254 1517 avari,
285 1479 452 1508 tantulum
475 1477 544 1507 auri
573 1475 702 1508 offertis
724 1477 815 1515 Jovi,

110 1529 299 1568 Mercurio,
326 1528 442 1558 aliisve
472 1527 562 1567 Diis,
578 1532 616 1558 ut
638 1527 815 1567 plurimum

108 1578 361 1617 nanciscamini,
378 1583 413 1608 et
430 1578 554 1608 divites
568 1577 667 1608 fiatis.
707 1577 816 1607 Sacri-

109 1629 220 1660 ficatis
235 1629 339 1668 igitur
356 1637 421 1659 non
437 1638 479 1658 ex
499 1628 673 1668 religione,
687 1627 746 1657 sed
773 1637 815 1657 ex

111 1678 236 1710 affectu
251 1679 413 1718 avaritiae,
428 1679 581 1719 adeoque
594 1677 688 1719 impii
704 1682 739 1709 et
754 1677 815 1708 im-

110 1729 210 1771 probi
227 1730 320 1760 estis.

153 1783 193 1812 71
219 1781 342 1820 Magna
357 1781 394 1811 de
410 1778 508 1819 lance]
543 1778 585 1809 Id
610 1782 675 1816 est,
696 1788 739 1809 ex
766 1777 815 1808 in-

111 1830 268 1871 gentibus
291 1829 427 1860 divitiis.
473 1828 604 1859 Allusio
632 1832 684 1859 est
701 1827 743 1858 ad
760 1837 814 1858 ve—

111 1885 221 1911 terum
244 1889 383 1918 morem,
408 1879 498 1919 apud
523 1888 607 1919 quos
630 1888 672 1909 ex
697 1888 816 1908 acerra

111 1938 294 1970 pauperes,
310 1939 328 1959 e
345 1930 440 1959 lance
457 1927 582 1959 divites
596 1927 762 1967 libabant,
778 1931 816 1958 ut

92 1979 210 2011 ·initi0
238 1980 338 2020 hujus
357 1979 480 2009 Satirae
504 1978 650 2009 diximus
676 1978 716 2008 ad
745 1987 818 2008 ver·

113 2030 205 2070 bum,
221 2041 339 2061 acerra.

155 2082 196 2110 72
221 2079 382 2119 Messalae]
427 2079 574 2109 Ponitur
613 2087 673 2118 pro
702 2077 819 2118 quovis

113 2130 276 2170 opulento
304 2135 339 2160 et
359 2129 478 2160 divite.
522 2128 679 2159 Valerius
703 2127 820 2158 Corvi-

111 2189 174 2210 nus
188 2179 337 2209 Messala
363 2189 382 2209 a
407 2179 567 2209 Messana
582 2178 666 2208 urbe
682 2178 818 2216 Siciliae,

114 2230 156 2261 ab
173 2239 213 2261 eo
230 2233 437 2270 expugnata,
463 2233 595 2259 mutata
616 2238 682 2259 uua
707 2228 819 2265 litera,

113 2279 249 2318 dictus;
286 2285 404 2310 auctor
421 2284 455 2310 et
471 2283 575 2319 caput
598 2278 662 2310 fuit
678 2278 819 2309 iliustris

114 2330 374 2362 Messalinorum
387 2330 532 2362 familiae.
556 2331 646 2362 Vide
662 2330 818 2362 Macrob.

115 2380 136 2411 l.
152 2389 177 2411 1.
195 2382 365 2413 Saturnal.
384 2392 413 2412 c.
432 2384 462 2413 6.
478 2381 538 2413 sub
555 2381 668 2412 finem.

157 2432 318 2473 Propago]
356 2433 521 2473 Intelligit
537 2433 674 2464 Cottam
690 2433 820 2463 Messa-

115 2481 230 2523 linum,
251 2483 308 2524 qui
335 2484 483 2524 crapulae
512 2483 649 2515 deditus
665 2488 702 2514 et
722 2483 822 2523 gulae,

117 2535 152 2562 et
175 2541 194 2562 a
209 2533 394 2574 majoribus
410 2534 574 2576 degener,
593 2534 628 2566 in
643 2539 821 2566 senectute

867 1122 952 1153 adeo
969 1122 1082 1162 lippus
1099 1120 1178 1159 fuit,
1195 1123 1233 1151 ut
1257 1117 1430 1159 palpebrae
1449 1117 1522 1158 ejus
1539 1117 1573 1148 in

868 1173 1073 1204 exteriorem
1092 1176 1223 1212 partem
1241 1179 1408 1201 conversae
1426 1173 1550 1200 esseut.

911 1225 952 1254 73
973 1223 1036 1254 Jus
1048 1221 1177 1262 sasque]
1198 1222 1259 1251 dus
1274 1224 1329 1251 est
1343 1219 1376 1250 id
1394 1218 1483 1260 quod
1500 1227 1575 1249 san·

869 1274 973 1305 citum
991 1278 1041 1304 est
1057 1278 1093 1304 et
1108 1273 1191 1303 licet
1207 1273 1283 1312 lege
1310 1270 1476 1308 humana;
1507 1268 1575 1309 fas,

870 1325 961 1367 quod
977 1324 1102 1355 divina.

912 1377 1041 1418 Animo]
1065 1375 1165 1417 Legit
1180 1373 1411 1411 Casaubonus,
1423 1370 1532 1402 animi.

913 1431 955 1459 ⁷4
979 1425 1154 1465 Incoctum]
1214 1423 1355 1456 Pridem
1394 1426 1576 1461 assuetum,

871 1478 1005 1508 omuino
1022 1477 1202 1508 imbutum.

916 1529 1072 1559 Generosa
1087 1524 1227 1565 honesto]
1251 1525 1387 1555 Virtute
1405 1522 1501 1565 quasi
1519 1531 1576 1553 na-

873 1578 972 1609 turali
987 1583 1021 1608 et
1036 1577 1201 1617 ingenita.

913 1631 952 1659 75
978 1627 1093 1667 farre]
1117 1625 1261 1657 Leviore
1277 1625 1380 1655 etiam
1397 1631 1579 1654 munuscu-

867 1679 899 1710 lo
916 1678 1058 1720 placabo
1086 1678 1194 1715 Deos,
1214 1675 1315 1706 modo
1341 1673 1576 1713 iutegritatem

866 1739 995 1761 morum
1012 1728 1153 1760 habeam
1169 1732 1204 1758 et
1217 1724 1458 1763 innocentiam,
1475 1733 1576 1764 quam

868 1780 975 1821 pluris
1001 1780 1051 1810 illi
1078 1778 1220 1816 faciunt,
1261 1786 1360 1817 quam
1390 1784 1508 1805 aurum
1540 1777 1577 1804 et

869 1840 1020 1861 munera.
1057 1830 1114 1860 De
1138 1828 1238 1859 farris
1256 1836 1314 1857 usu
1326 1826 1360 1856 in
1376 1825 1482 1856 sacris
1498 1824 1577 1854 vide

871 1881 962 1911 Plin.
980 1888 1091 1910 xvui.
1108 1881 1139 1909 3.
1186 1878 1273 1908 Item
1299 1886 1373 1917 quae
1396 1874 1510 1906 notavi
1534 1873 1578 1904 ad

870 1930 1029 1962 Juvenal.
1052 1931 1123 1960 Sat.
1152 1938 1204 1960 lx.
1230 1938 1276 1958 νε.
1300 1928 1372 1958 122.
1390 1925 1430 1956 ad
1448 1933 1579 1963 vocem,

863 1980 969 2017 farre.

916 2029 1044 2070 Litabo]
1077 2029 1200 2068 Litore,
1216 2037 1282 2059 non
1300 2031 1352 2058 est
1373 2024 1577 2066 simpliciter

874 2080 1068 2112 sacrificare
1082 2090 1090 2117 ;
1115 2078 1173 2109 sed
1191 2076 1369 2116 sacrificio,
1385 2074 1476 2116 quod
1492 2073 1580 2115 peti-

873 2137 940 2171 tur,
969 2130 1133 2162 obtinere.
1186 2128 1360 2162 Quocirca
1387 2126 1450 2156 soli
1478 2124 1579 2166 probi

872 2182 933 2212 viri
951 2182 1043 2212 litare
1070 2180 1230 2211 dicuntur
1254 2178 1417 2219 proprie3
1453 2174 1579 2206 sacrifi-

874 2242 965 2271 care,
996 2231 1151 2273 quilibet,
1191 2229 1294 2260 etiam
1322 2225 1478 2267 improbi.
1507 2224 1578 2256 Tit.

873 2283 947 2313 Liv.
965 2290 1125 2313 xxxvnl.
1149 2283 1201 2311 20.
1243 2280 1252 2295 ‘
1272 2279 1416 2308 Postero
1441 2275 1507 2314 die,
1531 2283 1581 2306 sa-

873 2331 1000 2364 crificio
1030 2331 1136 2369 facto,
1162 2339 1237 2360 cum
1262 2327 1378 2369 primis
1401 2326 1520 2357 hostiis
1543 2325 1581 2355 li-

874 2381 1004 2413 tasset.'
1036 2382 1179 2412 Plautus
1194 2380 1228 2411 in
1241 2379 1351 2410 Persa
1367 2388 1376 2408 ε
1399 2378 1408 2393 ‘
1421 2377 1504 2408 Tum
1520 2375 1581 2408 Ju-

874 2433 965 2474 piter
995 2430 1104 2462 faciat
1135 2433 1174 2461 ut
1212 2437 1347 2470 semper
1377 2424 1579 2464 sacrificem,

874 2492 937 2514 nec
953 2491 1099 2524 unquam
1114 2479 1234 2513 litem.’
