1888 3032
646 159 807 192 PERSH

110 257 223 288 dicat:
257 257 439 288 Tnverum
456 266 599 288 examen
626 257 669 288 ab
695 258 737 288 iis
760 267 816 288 au-

111 308 184 338 dire
206 306 394 347 desideras,
420 308 540 349 quibus
563 318 631 340 non
662 308 819 340 habenda

110 357 208 396 fides,
222 367 299 388 cum
324 359 477 398 corrupti
501 359 580 390 sint.
638 360 748 391 Recte
775 359 818 390 de

111 408 160 439 bis
185 408 374 439 Horatius:
406 410 414 425 ‘
434 409 526 441 Male
547 419 665 440 verum
691 409 817 440 exami-

111 463 171 490 nat
188 459 296 490 omnis
310 460 499 500 Corruptus
510 460 644 501 judex.’
690 459 801 491 Lubin.

154 511 197 540 56
237 509 311 549 Qui,
338 512 407 551 asan]
451 511 594 542 Tractus
627 521 744 542 seusus
775 520 817 542 ex

113 561 237 593 Graeco
250 571 362 599 versu,
372 572 437 603 quo
453 562 674 603 significatur,
685 573 727 594 ex
741 573 820 594 ven-

113 617 166 643 tre
191 622 303 643 crasso
321 618 457 644 tenuem
474 622 609 643 sensum
626 623 691 644 non
715 613 817 644 nasci.

117 663 187 695 Vet.
204 663 390 699 Solu-Qui
414 664 500 704 pote]
545 666 683 705 Septem
710 666 819 696 lineas

113 719 296 755 sequentes
308 714 500 755 interrupte
513 715 687 747 interserit
699 715 820 746 Poeta.

114 764 380 805 Famab.—Qui]
415 765 521 798 Quasi
538 766 648 797 dicat:
674 767 821 799 Quomo-

114 814 158 846 do
172 814 246 846 fieri
262 821 389 856 potest,
417 822 455 848 ut
478 817 520 848 ab
548 818 612 848 inis
634 826 750 848 verum
766 826 821 847 an-

114 865 198 905 dias,
215 876 297 907 quos
309 867 506 898 muneribus
521 867 589 898 tuis
607 866 691 898 falsa
705 867 820 898 dicere

114 914 414 959 docuisti.-Pote]
446 917 488 948 Id
505 922 569 957 est,
590 918 823 958 potest—Vis

113 965 231 1006 dicam]
263 967 325 998 Est
340 967 545 1008 interceptio
562 968 682 999 Poetae
700 968 821 999 nostri.

117 1016 222 1049 Quasi
239 1015 350 1049 dicat:
381 1017 418 1049 Si
442 1017 588 1048 veritate
612 1027 718 1058 usque
735 1016 821 1048 adeo

117 1064 314 1106 delectaris,
328 1067 423 1098 visne
440 1071 478 1098 ut
503 1077 565 1108 ego
590 1067 681 1098 illam
707 1067 770 1098 tibi
792 1077 824 1098 a-

115 1122 228 1157 perte,
242 1121 278 1148 et
294 1118 366 1148 sine
383 1116 460 1149 fuco
478 1118 600 1157 dicam,
618 1118 699 1159 quid
723 1118 765 1149 de
789 1123 824 1149 te

116 1168 252 1209 tuisque
269 1169 475 1200 carminibus
492 1169 708 1201 sentiendum
725 1169 825 1200 sit.—

118 1217 276 1258 Nugaris]
318 1219 431 1250 Unico
458 1219 562 1251 verbo
590 1219 675 1250 dicit
706 1224 826 1250 auctor

117 1272 245 1308 noster,
271 1268 352 1309 quid
379 1269 516 1300 sentiat.
574 1268 678 1302 Quasi
707 1269 823 1300 dicat:

116 1318 172 1349 Tu
187 1319 325 1359 putidas
352 1324 388 1350 et
412 1320 535 1350 nullius
551 1320 654 1361 pretii
667 1329 773 1360 nugas
790 1326 826 1351 et

117 1369 266 1410 ineptias
282 1371 413 1402 scribis.
436 1371 678 1404 Lubin.—Cum
693 1370 753 1402 tibi
767 1373 827 1402 cal-

119 1430 165 1460 ve,
181 1421 249 1460 slya]
296 1421 373 1453 Hoc
388 1426 440 1452 est
454 1422 568 1452 Persii
593 1422 636 1452 de
653 1422 718 1453 isto
736 1422 826 1462 judi-

120 1472 222 1502 cium.
267 1470 399 1511 Accipe
421 1472 527 1511 igitur
543 1472 585 1503 de
602 1477 638 1502 te
654 1472 733 1513 qnid
755 1481 828 1502 sen-

121 1520 224 1552 tiam:
261 1531 325 1560 ego
343 1527 378 1552 te
399 1523 541 1553 stultum
558 1522 754 1562 pronuntio,
770 1523 827 1564 qui

120 1571 223 1602 vitam
239 1581 371 1602 omnem
388 1572 431 1603 ad
447 1573 608 1603 canitiem
632 1583 739 1614 usque
760 1579 828 1604 tra-

121 1621 226 1652 ducas
256 1621 291 1652 in
320 1622 418 1662 nugis
448 1627 483 1653 et
510 1623 622 1654 inutili
656 1623 827 1654 Poetandi

122 1671 258 1704 studio:
283 1682 358 1704 cnm
372 1673 440 1704 sint
457 1674 539 1704 talia
554 1674 689 1714 potiora
703 1684 778 1715 quae
795 1675 827 1705 ei

123 1722 234 1754 studio
260 1723 422 1763 praeverti
449 1723 620 1755 debeant:
663 1724 828 1764 imprimis

123 1778 249 1813 autem,
285 1783 395 1804 mores
427 1774 621 1814 emendare,
651 1783 687 1806 et
724 1775 828 1806 vitam

124 1823 308 1864 corrigere,
323 1834 424 1864 quam
452 1834 514 1864 per
538 1825 733 1865 voluptates
761 1830 828 1856 tra-

124 1873 231 1913 ducis,
242 1874 275 1904 in
289 1874 438 1905 curanda
451 1880 531 1905 cute
548 1875 623 1914 plus
639 1885 736 1915 aequo
752 1885 830 1916 ope-

124 1930 230 1956 ratus.
266 1924 637 1965 Cumub.—Cu!z·e,85c.]
661 1925 830 1956 Perstrin-

126 1975 177 2016 git
199 1980 312 2007 autent
336 1975 399 2006 hoc
424 1975 500 2006 loco
525 1980 655 2005 certum
682 1975 830 2016 aliquem

125 2025 258 2056 calvum
283 2031 319 2056 et
343 2035 490 2056 crassum
516 2025 672 2056 Poetam.
725 2026 830 2058 Quasi

128 2074 241 2106 dicat:
266 2076 318 2106 Tu
335 2076 481 2116 ineptias
494 2080 626 2107 tantum
643 2077 830 2116 componis,

127 2134 203 2155 cum
220 2125 294 2164 tibi,
309 2135 328 2156 o
346 2126 462 2165 Calve,
489 2126 625 2166 pinguis
652 2132 729 2157 tuus
753 2136 832 2157 ven-

128 2180 183 2206 ter
200 2181 361 2215 tanquam
388 2177 596 2216 aqualiculus
624 2181 721 2207 tanto
750 2187 832 2218 pon-

129 2226 211 2258 dere
244 2227 332 2257 ultra
359 2227 525 2267 reliquum
554 2237 676 2269 corpus
707 2231 833 2269 promi-

128 2282 220 2308 neat.
274 2277 441 2308 Potestne
471 2276 542 2307 fieri
575 2282 614 2309 ut
642 2287 660 2308 e
690 2288 833 2318 corpore

128 2332 197 2358 tam
215 2326 316 2358 obeso
333 2332 369 2358 et
385 2337 509 2365 crasso,
532 2332 569 2358 et
592 2327 681 2358 vitiis
698 2338 736 2359 ac
753 2329 834 2359 deli-

129 2378 184 2408 tiis
198 2378 326 2418 pingui,
342 2378 470 2419 aliquid
488 2378 627 2418 subtile,
647 2385 781 2410 acutum
798 2383 835 2410 et

128 2429 282 2460 limatum
299 2428 454 2470 prodeat.
498 2429 615 2460 Lubin.

173 2483 214 2511 57
242 2480 391 2520 Pinguis]
438 2481 583 2511 Ponitur
605 2481 659 2511 hic
682 2491 744 2521 pro
765 2486 835 2513 stn-

130 2529 211 2570 pido
226 2535 264 2562 et
279 2531 668 2572 hebeti.—Aqualiffllus]
688 2533 836 2564 Sordida

132 2582 344 2621 metaphora,
369 2582 429 2613 sed
453 2583 532 2614 satis
556 2584 760 2615 conveniens
775 2584 835 2614 Sa-

135 2630 247 2670 tyrico
261 2631 444 2664 idiotismo.
498 2634 560 2664 Est
576 2638 689 2665 autem
705 2634 836 2674 Aquali-

132 2679 217 2710 culus
238 2681 375 2720 proprie
390 2688 512 2713 venter
529 2684 634 2724 porci,
655 2684 710 2714 vel
732 2684 834 2714 etiam

135 2739 198 2772 pro
229 2732 450 2771 receptaculo
477 2733 638 2766 sordium.
691 2734 838 2765 Ponitur

868 159 975 190 SA'r.
1006 159 1040 190 1.
1491 151 1576 192 ‘207

867 257 920 288 hic
951 266 1014 298 pro
1039 260 1159 287 ventre
1188 255 1355 286 helluonis
1385 260 1422 286 et
1451 254 1579 295 impuri

867 305 1239 346 hominis.—Propenso]
1263 306 1442 344 Proteum,
1458 310 1578 337 exten·

868 368 918 397 so,
940 356 1402 398 exporrecta—Sesquipede]
1447 357 1488 388 Id
1511 362 1577 397 est,

869 419 1028 440 mensura
1044 409 1141 440 unius
1159 409 1256 449 pedis
1272 418 1347 439 cum
1369 409 1504 439 semisse
1523 409 1576 440 vel

869 460 1020 491 dimidio.
1066 459 1245 491 Turnebus
1260 468 1390 490 xxrnl.
1407 460 1578 491 26.—Ex-

869 511 929 550 tet]
957 511 1190 542 Pro'e'mineat.

911 565 952 593 58
979 563 1008 592 Ο
1033 563 1127 600 June,
1150 561 1218 601 εμπ]
1267 561 1467 592 Exclamans
1498 570 1579 601 ergo

868 612 1048 649 ἂναιθησίαν
1065 612 1208 643 istorum
1225 617 1259 643 et
1277 618 1452 652 stuporem
1475 611 1582 643 admi-

870 668 976 694 ratur.
1013 662 1221 694 casana—0
1236 662 1334 702 June]
1380 664 1443 694 Est
1466 668 1580 694 autem

872 714 1021 754 Ellipsis,
1036 718 1072 745 et
1088 713 1411 753 subintelligendum
1428 724 1434 743 :
1470 714 1580 746 Quum

871 769 908 795 tu
926 764 1009 796 felix
1027 770 1062 796 et
1080 765 1225 805 prudens
1241 774 1288 801 es,
1313 764 1370 805 qui
1393 764 1487 795 vides
1506 762 1581 803 πρό·

870 827 914 847 σω
929 816 979 846 καὶ
994 815 1104 856 ὀπίσω,
1129 826 1147 847 o
1177 820 1210 846 te
1232 815 1387 846 beatum!
1427 815 1506 845 Fuit
1524 824 1582 845 au-

871 873 939 898 tem
955 868 1062 899 Janus
1078 867 1330 909 antiquissimus
1347 867 1456 898 Italiae
1470 867 1580 906 Dens,

871 923 907 949 et
922 918 1010 948 Latii
1027 928 1098 956 rex,
1114 928 1132 948 a
1149 927 1215 958 quo
1234 917 1414 948 danic-ulum
1437 917 1580 949 dictum.

870 968 940 999 Per
955 969 1072 999 Janum
1097 968 1260 1008 intelligit
1282 967 1440 998 cordatos
1455 972 1492 998 et
1507 976 1588 1007 pru-

871 1019 1080 1050 dentes—A
1095 1022 1194 1058 tergo,
1210 1017 1280 1059 εμπ]
1296 1018 1375 1049 Tria
1390 1018 1583 1048 irrisionum

872 1071 926 1101 vel
943 1079 1123 1101 sannarum
1142 1079 1266 1110 genera
1285 1075 1469 1110 ponuntur.
1510 1069 1588 1100 Pri-

872 1130 975 1160 mum,
988 1121 1096 1151 Manu
1114 1120 1277 1150 ciconiam
1295 1119 1494 1159 significare.
1526 1119 1588 1150 Se-

874 1171 1033 1208 cundum,
1050 1170 1219 1210 Apposito
1233 1169 1274 1200 ad
1288 1175 1444 1210 tempora
1457 1169 1584 1210 pollice

873 1222 1018 1253 asininas
1048 1230 1148 1252 aures
1179 1221 1352 1252 denotare.
1412 1219 1585 1257 Tertium,

876 1273 1040 1313 Linguam
1071 1272 1220 1304 sitientis
1251 1273 1342 1303 canis
1372 1272 1583 1302 imitari.—-A

875 1324 978 1365 tergo]
1014 1323 1103 1355 Illud
1127 1323 1218 1354 enim
1245 1322 1320 1353 fieri
1348 1332 1413 1353 non
1437 1326 1586 1362 poterat,

876 1385 953 1406 nam
982 1380 1017 1406 et
1046 1375 1078 1405 in
1110 1379 1206 1415 tergo
1233 1373 1384 1404 habebat
1415 1373 1587 1403 oculos.—

878 1426 990 1464 Nulla,
1018 1425 1086 1465 ssa]
1131 1425 1214 1456 Tria
1239 1433 1366 1465 genera
1397 1431 1588 1461 sannarum,

878 1481 936 1506 aut
962 1485 1063 1506 manu
1100 1474 1294 1515 significare
1323 1473 1500 1512 ciconiam,
1529 1477 1588 1503 aut

878 1526 1036 1567 opposito
1059 1525 1272 1565 temporibus
1300 1525 1439 1565 pollice,
1457 1523 1588 1554 auricu-

879 1577 926 1607 las
944 1577 1104 1615 asininas,
1128 1581 1187 1607 aut
1202 1576 1351 1608 linquam
1369 1574 1517 1605 sitientis
1535 1583 1590 1604 ca-

878 1626 941 1657 nis.
987 1626 1099 1657 Sanna
1116 1631 1228 1656 autem
1253 1625 1380 1655 dicitur
1407 1634 1442 1655 os
1466 1624 1590 1655 distor-

879 1682 950 1708 tum
977 1687 1052 1707 cum
1077 1677 1189 1710 vultu,
1213 1675 1300 1715 quod
1330 1674 1487 1714 facimus,
1511 1684 1588 1705 cum

880 1728 963 1759 alios
976 1727 1186 1759 deridemus.
1221 1726 1306 1756 Inde
1324 1726 1503 1756 sanniones
1521 1725 1592 1755 dic-

880 1778 920 1814 ti,
938 1777 993 1818 qui
1018 1787 1085 1808 non
1112 1781 1243 1807 rectum
1272 1776 1402 1806 vultum
1429 1774 1590 1806 habeant.

885 1829 955 1858 ΓΛ.
972 1826 1241 1865 Sclz.—Ciconia]
1280 1824 1386 1856 Refer
1401 1825 1465 1856 hoc
1482 1825 1523 1856 ad
1541 1825 1590 1855 di-

882 1879 970 1919 gitos
996 1878 1030 1908 in
1056 1878 1192 1908 modum
1219 1877 1315 1907 rostri
1334 1875 1479 1907 ciconini
1495 1884 1594 1906 coac-

882 1927 1117 1967 toz—Pingit]
1140 1927 1285 1958 Pinsere
1299 1932 1350 1957 est
1368 1926 1493 1965 avium,
1510 1926 1590 1956 dum

883 1984 1028 2008 rostrum
1046 1978 1147 2008 alicui
1174 1977 1222 2006 rei
1248 1976 1369 2007 crebro
1386 1975 1591 2016 impingunt,

883 2034 918 2059 ct
935 2028 1056 2058 crebro
1074 2027 1201 2067 aliquid
1220 2026 1438 2066 percutiunt:
1477 2025 1520 2056 ab
1538 2034 1593 2055 an-

884 2081 980 2120 tiqno
996 2079 1100 2110 verbo
1117 2079 1232 2117 Pindo,
1255 2078 1289 2108 id
1307 2084 1371 2115 est,
1387 2076 1485 2117 ferio,
1500 2076 1591 2108 unde

884 2131 991 2171 pistor
1015 2131 1053 2160 et*
1072 2129 1248 2170 pistillum.
1294 2127 1480 2159 Diomedes
1497 2127 1593 2168 legit,

884 2182 1010 2212 Pinsut.
1056 2180 1177 2211 Lubin.

927 2234 968 2261 59
1003 2230 1081 2269 Nec,
1107 2229 1176 2269 ἑμκ]
1211 2228 1402 2259 Secundum
1430 2227 1593 2258 irrisionis

885 2291 1003 2319 genus,
1019 2281 1072 2311 cui
1089 2290 1155 2310 non
1181 2289 1198 2310 a
1223 2285 1320 2319 tergo
1344 2288 1463 2308 manus
1480 2278 1594 2309 irriso-

886 2341 959 2361 rum
988 2336 1162 2371 proterxa‚
1184 2330 1276 2360 albas
1301 2329 1385 2359 asini
1412 2338 1510 2360 aures
1535 2338 1594 2359 ex-

886 2381 1010 2421 pressit
1035 2386 1070 2411 et
1098 2380 1202 2419 capiti
1229 2379 1594 2420 appo<11it.-Mobilis]

885 2432 1073 2463 Notatione
1087 2429 1257 2471 significat
1269 2430 1352 2461 asini
1365 2440 1462 2461 aures
1472 2440 1512 2460 ex
1527 2439 1595 2460 mo-

885 2488 922 2512 tu
936 2481 1217 2520 manus,hominis
1228 2481 1316 2511 enirn
1331 2491 1428 2511 aures
1443 2484 1521 2510 sunt
1533 2480 1592 2509 im-

885 2532 1038 2563 mobiles.
1084 2531 1220 2562 Deinde
1238 2532 1322 2562 asini
1337 2540 1434 2560 aures
1450 2528 1593 2559 interius

886 2583 970 2613 albis
998 2583 1073 2623 pilis
1101 2582 1241 2612 hirsutae
1266 2585 1354 2611 sunt.
1398 2578 1497 2609 Tales
1512 2585 1594 2617 ergo

886 2645 1005 2665 manus
1029 2634 1135 2674 capiti
1160 2633 1344 2673 applicatae
1369 2628 1595 2660 movebantur

886 2685 992 2715 instar
1015 2685 1220 2714 asininarum
1247 2681 1388 2711 aurium.
1435 2678 1594 2719 Respicit

886 2740 999 2766 autem
1017 2735 1058 2765 ad
1076 2733 1223 2764 fabulam
1240 2731 1282 2761 de
1298 2730 1405 2761 Mida.
1436 2729 1534 2760 Idem.
