1888 3032
256 136 274 178 ,1
284 137 341 179 72

758 144 804 174 A.
839 141 1001 173 PERSH
1038 141 1208 174 FLACC!

257 242 391 283 Costa
411 241 517 282 rutis
539 241 707 280 lacerae.
770 238 901 278 Nunc
923 242 965 280 et
985 238 1037 278 de
1058 239 1222 291 cespite
1242 237 1346 280 vivo

256 310 294 350 F
296 324 424 361 range
446 307 627 361 aliquid,
648 307 806 360 largire
827 307 962 361 inopi,
987 320 1038 346 ne
1059 307 1204 360 pictus
1230 306 1397 347 oberret

254 376 349 418 Coei
362 378 455 417 ulca
475 377 517 416 iu
539 376 703 416 tabula.

254 488 340 517 modo
356 487 436 517 lutus
458 488 546 518 naris
563 488 682 526 frat-tte
697 488 829 519 occurrit
857 488 981 526 mergis

767 379 778 395 ‘
801 375 889 416 Sed
912 388 1084 415 coenam
1104 374 1266 415 funeris
1287 374 1428 415 haeres

1029 486 1121 517 Huic
1147 487 1251 525 igitur
1269 495 1374 525 rumpe
1389 483 1496 515 statim
1512 483 1666 524 quidpiam
1683 483 1720 514 de

249 529 348 563 glebis
363 530 458 562 etiam
474 532 669 562 immaturis:
692 533 771 562 dona
789 532 956 571 indigenti,
984 540 1020 561 ne
1043 534 1175 569 vagetur
1203 529 1342 569 depictus
1357 529 1388 558 in
1405 527 1517 558 tabella
1531 527 1638 558 coloris
1655 537 1719 557 mu—

866 628 1001 639 “““““

1004 627 1100 639 eeeee

746 697 785 725 31
814 695 968 726 Transtra
984 703 1044 734 pro
1069 694 1162 723 Costa
1179 692 1220 722 B.

914 800 1060 833 NOTAE

248 861 327 902 cris,
344 862 387 894 ab
403 863 635 905 immergendo
651 865 853 907 frequenter
869 875 955 906 sese,

248 920 457 955 nuncupata.
503 917 558 947 De
574 926 614 949 ea
634 917 778 958 Plinius,
794 926 829 948 x.
847 920 900 948 32.
919 923 954 948 et

249 964 337 996 alibi.

289 1017 329 1045 31
358 1018 682 1061 eostur-atislacerae]
709 1019 817 1060 Ligna
831 1018 952 1060 quibus

246 1065 355 1097 latera
370 1069 463 1099 navis
491 1069 703 1101 intexuntur.
725 1070 847 1110 Virgil.
876 1070 952 1100 AEn.

245 1123 285 1146 11.
311 1115 499 1158 ‘Sectaque
512 1119 673 1150 intexunt
686 1120 797 1151 abiete
812 1124 922 1151 costas
934 1119 952 1149 ε’

246 1165 391 1197 Ponitur
415 1172 450 1198 et
474 1173 570 1209 costa,
588 1179 650 1210 pro
666 1171 716 1201 rei
732 1174 830 1211 parte
847 1170 953 1211 quali-

245 1214 314 1254 ber,
332 1220 370 1247 ut
401 1217 497 1249 Pers.
513 1219 585 1250 Sat.
604 1229 629 1250 1.
666 1222 675 1238 ‘
694 1221 835 1252 Costam
850 1221 951 1260 longo

244 1264 467 1298 subduximus
486 1267 693 1309 Apennino.'

289 1315 383 1347 Nunc
405 1321 436 1348 et
462 1320 499 1349 de
524 1320 638 1360 cespite
663 1321 744 1362 vivo,
765 1321 836 1362 δῖα]
861 1321 952 1352 Quid

243 1374 324 1406 ergo
338 1369 490 1409 moraris,
503 1370 611 1411 inquit
624 1371 733 1402 Poeta
745 1372 785 1402 ad
800 1382 951 1412 avarum,

244 1415 323 1447 dum
353 1417 385 1448 in
410 1419 534 1451 talibus
562 1422 724 1462 angustiis
740 1427 793 1453 est
820 1423 949 1454 amicus

242 1466 359 1507 inops?
391 1469 483 1500 Huic
501 1481 566 1502 non
593 1473 693 1504 modo
717 1472 822 1504 debes
840 1474 950 1515 opitu-

242 1517 304 1547 lari
333 1517 373 1548 de
398 1529 508 1551 annuo
526 1527 693 1561 proventu
717 1529 751 1554 et
773 1523 815 1555 de
832 1534 948 1565 super-

242 1565 321 1607 fluo,
337 1570 394 1600 sed
412 1571 514 1602 etiam
531 1572 572 1603 de
590 1573 670 1613 ipsis
686 1573 812 1614 fundis,
827 1576 948 1616 quibus

241 1627 304 1650 nec
321 1619 371 1650 fas
397 1626 449 1652 est
476 1632 620 1662 parcere
638 1625 680 1655 ad
702 1625 947 1656 sublevandam

242 1674 373 1725 tantam
402 1672 476 1712 ejus
508 1674 747 1706 necessitatem
784 1680 818 1706 et
847 1677 946 1708 mise-

240 1728 336 1750 riam.

285 1770 425 1811 Cespite]
463 1773 578 1813 Cespes
593 1777 646 1803 est
670 1777 762 1804 terra
779 1783 853 1805 cum
869 1785 947 1815 gra-

242 1819 350 1851 mine:
385 1831 486 1861 cespes
499 1824 598 1860 vivus,
614 1824 667 1855 liic
685 1829 739 1856 est
755 1835 853 1866 seges
874 1827 947 1867 ipsa

239 1869 349 1902 adhuc
364 1871 397 1902 in
413 1873 529 1914 herba,
543 1878 578 1905 et
601 1874 729 1906 viridis.

282 1925 323 1953 32
347 1924 473 1964 Frange
494 1925 629 1966 aliquid]
653 1928 822 1967 Detrahe,
839 1928 948 1970 deme,

237 1981 359 2014 separa
376 1975 549 2016 quidpiam
574 1976 617 2007 de
641 1981 709 2019 tuo,
732 1979 823 2019 quod
839 1989 948 2020 egeno

236 2026 454 2065 impertiaris.

282 2076 334 2106 Ne
346 2077 450 2116 pictus
463 2077 598 2118 oberret]
625 2079 678 2110 Ne
695 2084 839 2120 cogatur
854 2090 945 2112 men-

238 2125 383 2158 dicando
409 2128 535 2158 victum
560 2129 757 2169 quaeritare,
786 2131 837 2161 sui
862 2140 945 2162 nau·

235 2175 337 2217 t'ragii
363 2178 526 2208 exhibens
559 2178 753 2220 imaginem,
779 2190 821 2211 ex
848 2191 942 2212 more

236 2228 486 2270 naufragorum,
515 2230 557 2261 de
584 2241 649 2271 quo
677 2232 747 2263 Sat.
776 2242 800 2263 1.
823 2242 872 2264 VS.
889 2236 942 2265 90.

236 2279 325 2310 Item
344 2281 463 2312 Horat.
479 2281 547 2313 Od.
566 2291 592 2313 1.
605 2286 636 2314 5.
665 2283 711 2314 Et
722 2283 763 2313 ad
777 2283 939 2315 Pisones:

234 2330 243 2346 ‘
256 2329 290 2360 Si
305 2329 422 2362 fractis
436 2337 554 2364 enatat
570 2343 692 2374 exspes
708 2335 860 2366 Navibus
873 2345 940 2367 aere

233 2380 313 2412 dato
341 2383 397 2422 qui
416 2383 591 2422 pingitur!
624 2385 668 2415 Et
694 2386 850 2417 Juvenal.
868 2387 940 2419 Sat.

233 2439 309 2463 XIV.
326 2441 374 2462 VS.
393 2435 466 2463 301.
501 2434 510 2449 ‘
528 2434 644 2465 Mersa
658 2440 730 2465 rate
757 2435 940 2477 naufragus

234 2491 341 2514 assem
369 2483 462 2513 Dum
490 2487 600 2523 rogat,
626 2489 660 2514 et
683 2486 778 2524 picta
794 2495 830 2516 se
855 2490 940 2516 tem-

226 2537 372 2574 ·pestate
386 2532 526 2564 tuetur!

277 2587 318 2616 33
353 2585 494 2615 Coerulea
522 2583 556 2615 in
585 2583 704 2625 tabula]
740 2584 880 2616 Tabella
904 2585 938 2616 in

233 2645 300 2676 qua
315 2644 406 2666 mare
429 2634 612 2666 caeruleum
635 2633 803 2667 coloribus
826 2634 940 2667 adum-

234 2685 372 2718 bratum
388 2689 469 2717 est„

1053 865 1115 896 Sal
1144 874 1259 896 coenam
1277 862 1403 901 funeris
1429 862 1526 892 laceres
1555 858 1717 899 Negliget]

1011 915 1210 955 Respondet
1225 923 1363 946 avarus:
1402 913 1526 943 atenim
1545 911 1571 942 si
1588 911 1636 942 ita
1660 919 1718 951 pa-

1008 967 1202 998 trimonium
1233 964 1382 1004 effundo,
1406 964 1512 994 iratus
1536 963 1646 993 liaeres
1675 961 1717 993 ob

1009 1018 1217 1048 imminutam
1245 1016 1494 1054 haereditatem‚
1511 1018 1644 1044 mortuo
1660 1013 1719 1044 mi-

1008 1068 1040 1097 hi
1064 1068 1159 1107 justa
1175 1076 1241 1098 non
1259 1067 1444 1107 persolvet,
1459 1069 1590 1095 sumtus
1619 1062 1717 1093 omit-

1009 1123 1058 1149 tet
1087 1123 1121 1149 et
1147 1122 1330 1159 apparatus
1359 1116 1529 1148 funebres.
1583 1117 1639 1146 De
1666 1114 1715 1145 his

1008 1168 1081 1200 fuse
1098 1169 1198 1201 Alex.
1218 1169 1260 1200 ab
1276 1168 1376 1199 Alex.
1392 1177 1448 1199 111.
1465 1171 1496 1199 7.
1542 1167 1652 1197 Porro
1676 1175 1716 1197 ea

1008 1222 1219 1262 quorundam
1259 1225 1333 1252 erat
1368 1220 1522 1257 ambitio,
1567 1217 1713 1248 maxime

1006 1272 1140 1302 illorum
1159 1272 1216 1312 qui
1235 1269 1363 1310 inglorii
1379 1270 1545 1307 vixerant,
1564 1272 1600 1298 ut
1617 1271 1716 1308 opta-

1006 1327 1083 1354 rent
1109 1321 1323 1362 maguifieum
1351 1320 1413 1351 sibi
1444 1319 1544 1349 funus
1575 1317 1654 1349 duct
1681 1321 1716 1348 et

1006 1374 1140 1414 parari3
1175 1371 1329 1412 inprimis
1351 1374 1464 1401 autem
1481 1368 1604 1400 ferales
1632 1378 1713 1408 epu-

1006 1424 1054 1454 las
1072 1427 1108 1454 et
1124 1422 1343 1453 novendiales
1360 1420 1497 1458 instrui,
1513 1429 1554 1450 eo
1572 1418 1663 1461 quod
1679 1418 1713 1449 in

1004 1475 1055 1505 his
1072 1484 1142 1505 mos
1168 1477 1244 1504 erat
1264 1471 1440 1503 celebrare
1465 1469 1619 1502 defuncti
1643 1470 1715 1501 lau-

1005 1527 1076 1557 des.
1123 1524 1267 1556 Casaub.

1049 1577 1174 1607 Canum
1189 1574 1329 1614 funeris]
1359 1572 1477 1604 Tobiae
1495 1581 1525 1602 c.
1543 1574 1575 1602 4.
1593 1580 1640 1602 vs.
1660 1572 1710 1601 18.

1004 1628 1052 1658 sic
1081 1627 1220 1667 legitur:
1246 1627 1254 1643 ⁵
1271 1626 1402 1656 Panem
1420 1630 1512 1656 tuum
1538 1627 1573 1654 et
1595 1622 1710 1653 vinum

1003 1682 1097 1708 tuum
1122 1686 1224 1716 super
1250 1676 1457 1716 sepulturam
1475 1673 1563 1714 justi
1590 1672 1713 1703 eonsti-

1001 1732 1080 1765 tue;
1105 1732 1140 1758 et
1157 1727 1199 1758 (le
1226 1736 1266 1758 eo
1292 1726 1362 1757 noli
1388 1725 1591 1756 manducare
1608 1728 1645 1755 et
1660 1723 1710 1754 bi-

1001 1778 1082 1809 bere
1100 1788 1175 1809 cum
1193 1776 1455 1818 peccatoribus!
1480 1777 1555 1809 Quo
1572 1775 1710 1815 quidem

1000 1828 1122 1860 Tobi‘as
1138 1827 1244 1858 filium
1261 1827 1365 1858 docet
1387 1826 1657 1866 hospitalitatem
1673 1828 1710 1856 et

1004 1880 1238 1919 eleemosynas
1269 1878 1303 1909 in
1335 1887 1458 1918 egenos
1488 1875 1710 1915 exercendas,

1004 1930 1047 1960 ad
1075 1929 1279 1970 placandum
1306 1930 1433 1967 Deum,
1462 1932 1497 1958 et
1521 1926 1708 1967 expiandas

1003 1981 1180 2020 culparum
1203 1979 1380 2019 reliquias:
1417 1987 1524 2018 neque
1545 1976 1709 2016 supersti-

1002 2032 1130 2063 tionem
1159 2030 1377 2061 Ethnicorum
1403 2030 1491 2059 tueri
1518 2032 1634 2068 potest
1648 2027 1706 2059 ille

998 2084 1103 2113 locus.
1150 2081 1332 2112 Enimvero
1348 2078 1438 2120 apud
1456 2088 1512 2109 eos
1528 2087 1624 2109 coena
1639 2077 1707 2109 fuit

998 2132 1177 2173 multiplex
1209 2135 1244 2161 et
1276 2130 1369 2161 varia
1400 2130 1434 2160 in
1464 2128 1649 2161 funeribus,
1675 2133 1705 2162 1.

998 2182 1269 2224 Imponebantur
1295 2190 1375 2221 rogo
1409 2181 1517 2221 epulae
1558 2184 1594 2211 et
1627 2190 1704 2212 cum

997 2234 1166 2265 cadavere
1193 2232 1445 2264 cremabantur.
1479 2231 1600 2271 virgil.
1628 2233 1704 2264 AEn.

998 2295 1045 2316 vr.
1070 2285 1079 2302 ⁴
1097 2286 1269 2324 Congesta
1285 2287 1483 2314 cremantur
1497 2283 1631 2314 Timrea
1647 2282 1704 2314 do-

997 2346 1051 2375 na,
1068 2336 1185 2376 dapes,
1200 2334 1274 2365 fuso
1291 2338 1441 2365 crateres
1455 2333 1566 2364 olivo.’
1609 2333 1703 2374 Apu·

997 2387 1083 2417 leius
1108 2385 1236 2416 Florid.
1252 2389 1283 2416 4.
1309 2385 1361 2415 vel
1378 2384 1490 2424 potius
1509 2386 1560 2414 19.
1608 2385 1617 2400 ‘
1631 2384 1700 2414 Ex-

995 2437 1156 2467 clamavit
1194 2435 1310 2465 vivere
1356 2434 1539 2469 homino-m,
1578 2433 1699 2472 procul

994 2487 1090 2527 ignes
1108 2484 1341 2521 amolirentur,
1363 2492 1480 2522 rogum
1498 2482 1702 2514 demoliren-

993 2540 1059 2574 tur,
1097 2543 1225 2565 coenam
1265 2532 1406 2562 feralem
1442 2542 1461 2562 a
1498 2534 1626 2564 tumulo
1655 2533 1699 2566 ad

994 2594 1144 2616 mensam
1162 2582 1346 2613 interrent.’
1380 2585 1409 2613 2.
1433 2582 1598 2613 Funebris
1621 2588 1698 2617 erat

993 2644 1103 2674 coena,
1131 2634 1226 2674 cujus
1260 2632 1412 2663 meminit
1434 2632 1561 2664 Tullius
1587 2642 1629 2666 11.
1653 2634 1698 2666 de

994 2688 1073 2729 Leg.
1091 2695 1121 2718 n.
1138 2687 1188 2718 63.
1202 2684 1274 2716 haec
1289 2683 1446 2716 nimirum
1460 2682 1604 2717 dabatur
1615 2685 1697 2718 ami·
