1888 3032
282 107 366 150 112

804 118 848 146 Λ.
884 116 1045 146 PERSH
1083 117 1256 149 FLACCI

282 214 319 255 F
321 214 500 263 crvebit,
518 227 638 267 saepe
659 211 828 253 insulso
850 212 1067 253 coenanda
1085 211 1292 266 Glyconi.

280 282 351 323 Tu
370 294 511 335 neque
535 280 773 331 anhelanti,
795 281 997 334 coquitur
1018 280 1121 321 dum
1142 293 1294 323 massa
1314 282 1503 331 camino,

1691 282 1746 323 10

283 349 407 390 Folle
426 348 590 402 premis
611 352 782 400 ventos3
815 361 895 389 nec
917 349 1068 390 clauso
1090 362 1306 390 murmure
1328 361 1487 390 raucus

283 417 449 457 Nescio
472 415 577 470 quid
598 419 741 457 tecum
759 429 891 469 grave
913 417 1149 458 cornicaris
1168 417 1311 471 inepte
1333 431 1343 469 ;

280 553 412 592 insipido
429 553 575 593 Glycone.
625 553 671 583 Τιι
687 563 741 583 nec
755 553 903 594 spiritum
919 553 1095 593 comprimis
1109 553 1263 585 laboranti
1269 553 1360 594 folle,
1375 555 1448 585 dum
1463 553 1618 585 metallum
1634 554 1666 584 in
1676 553 1747 592 sor-

281 606 353 627 nace
367 596 568 637 excoquitur:
591 605 645 627 nec
661 606 771 627 raucus
787 605 912 627 susurro
927 597 1010 637 apud
1027 599 1058 626 te
1072 596 1187 628 insulse
1204 597 1312 637 garris
1326 597 1428 628 nescio
1443 597 1516 638 quid
1529 597 1648 636 grande
1658 608 1670 635 ,·
1694 606 1748 628 nec

935 719 1086 752 NOTAE.

279 792 415 833 percita
425 791 514 833 quod
526 792 749 823 Philomelam
765 801 914 824 sororem
927 791 985 822 ille

280 843 448 874 vitiasset.
497 843 600 874 Ovid.
632 843 902 885 Metamorphos.
933 852 985 876 vr.

280 894 362 924 Fal).
380 896 412 925 7.

327 944 400 974 Olla
426 944 584 986 Thyestoe]
607 945 673 978 Qui
699 955 775 977 suos
798 946 871 986 ipse
896 944 986 976 filios

278 993 407 1026 inscius
424 994 574 1026 comedit
600 995 633 1026 in
662 996 729 1026 olla
744 1000 860 1027 coctos
877 1000 911 1027 et
927 1005 985 1036 ap-

279 1045 408 1084 positos
430 1045 463 1076 in
480 1045 592 1076 cibum
610 1045 652 1076 ab
669 1045 777 1077 Atreo
799 1045 922 1087 fratre,
939 1047 986 1078 in-

280 1099 410 1126 cestum
432 1095 523 1126 illius
549 1105 625 1126 cum
642 1097 781 1137 Europa
803 1106 910 1128 uxore
928 1107 986 1128 sua

278 1146 486 1178 vindicante.
539 1147 629 1177 Vide
661 1148 823 1179 Senecam
853 1148 985 1189 Tragie.

279 1196 311 1227 in
328 1197 489 1238 Thyeste.

321 1250 343 1278 9
367 1247 528 1288 Fert-chit]
550 1247 727 1288 Allegoria
740 1249 781 1279 ab
794 1248 861 1280 olla
874 1248 906 1279 in
920 1259 986 1290 qua

281 1296 438 1329 fervente
456 1299 547 1330 cocti
564 1303 642 1329 sunt
657 1298 717 1329 filii
733 1300 831 1331 Terei
849 1304 884 1330 et
899 1300 986 1339 Thy·

279 1353 362 1380 estae
377 1360 384 1379 z
409 1353 443 1380 et
460 1350 579 1380 allusio
595 1350 636 1380 ad
655 1350 846 1390 Tragoediae
862 1351 985 1391 stylum

279 1399 486 1430 concitatum
504 1404 540 1430 et
558 1399 806 1432 vehementem.

332 1449 502 1489 Coenanda]
548 1449 847 1490 Repraesentanda
889 1460 986 1482 eoena

277 1499 380 1531 Terei
392 1505 427 1532 et
437 1501 599 1541 Tliyestae
611 1501 769 1542 proprios
782 1501 870 1534 filios
883 1503 984 1535 devo-

278 1553 436 1585 rantium.
482 1554 581 1585 Quod
594 1560 706 1586 tamen
719 1554 752 1584 in
765 1554 877 1586 Scena
891 1554 984 1585 exhi-

277 1603 352 1634 beri
368 1607 464 1634 vetat
479 1604 645 1634 Horatius
668 1603 703 1633 in
720 1604 820 1643 Arte,
843 1604 892 1635 his
909 1614 983 1635 ver-

276 1652 370 1683 sibus
385 1663 392 1683 :
417 1653 427 1669 ‘
443 1653 520 1683 Non
536 1657 652 1683 tamen
669 1651 761 1684 intus
778 1653 896 1694 Digna
910 1654 982 1694 geri

277 1712 412 1743 promes
425 1702 457 1733 in
471 1712 620 1742 scenam,
636 1704 811 1744 multaque
825 1704 921 1735 tolles
929 1704 981 1735 Ex

277 1753 395 1794 oculis,
410 1763 485 1794 quae
500 1763 577 1784 mox
591 1757 707 1784 narret
722 1752 882 1784 facundia
896 1763 982 1794 pree-

277 1814 362 1836 sem.
408 1804 484 1835 Nec
501 1814 624 1844 pueros
639 1813 752 1834 eoram
770 1798 895 1844 populo
910 1804 983 1834 Me-

277 1854 352 1886 daea
365 1853 536 1892 trucidet3
560 1853 632 1885 Aut
645 1854 788 1885 humana
805 1854 915 1895 palam
928 1864 983 1885 co-

277 1909 361 1947 quat
388 1909 469 1936 exta
492 1904 642 1936 nefarius
669 1905 820 1944 Atreus3
851 1906 922 1936 Ant
949 1905 982 1935 in

277 1965 373 1987 avem
391 1956 527 1995 Progne
545 1956 722 1994 vertatur‚’
746 1958 810 1988 &cu

323 2005 474 2046 Glyconi]
500 2006 609 2037 Fatuo
624 2007 804 2047 Tragoedo,
827 2012 982 2047 tempore

277 2055 438 2094 Neronis,
463 2056 518 2095 qui
543 2057 624 2087 trita
641 2062 842 2097 argumenta
857 2058 981 2098 saepius

277 2105 319 2136 ad
336 2115 495 2136 nauseam
513 2112 704 2146 reponeret.
747 2108 802 2137 De
818 2107 982 2138 similibus

277 2155 431 2188 Martial.
448 2157 546 2197 Epig.
565 2165 600 2187 x.
612 2160 642 2189 4.
681 2159 689 2174 ‘
705 2158 770 2189 Qui
784 2159 869 2199 legis
887 2158 983 2189 OEdi-

276 2207 414 2247 podem,
427 2208 698 2249 caligantemque
709 2208 897 2249 Thyesten,
908 2210 982 2240 Col-

276 2259 404 2298 chidas,
420 2263 454 2288 et
470 2258 597 2297 Scyllas
613 2268 621 2295 ;
647 2257 728 2299 quid
744 2259 808 2289 nisi
833 2263 983 2290 monstra

277 2309 361 2349 legis
375 2309 395 2339 ?’
426 2312 491 2340 διο.
566 2309 656 2340 Hinc
690 2309 838 2341 insulsum
882 2315 983 2341 vocat

278 2358 433 2397 Persius,
474 2363 512 2389 ut
543 2360 590 2389 ait
628 2364 726 2390 vetus
762 2360 982 2400 Scholiastes,

277 2409 286 2425 ⁴
306 2412 380 2438 erat
394 2407 481 2438 enim
499 2408 555 2438 ille
572 2411 706 2439 nescius
718 2410 851 2449 jocari:
877 2420 981 2451 quan-

276 2467 379 2498 quam
395 2458 522 2498 populo
544 2459 627 2488 mire
649 2460 791 2498 placuit,
808 2464 844 2491 et
869 2461 945 2491 ideo
961 2471 981 2491 a

279 2509 416 2540 Nerone
439 2508 661 2538 manumissus
679 2508 752 2547 est‚’
774 2510 838 2539 ἃς.

321 2561 362 2590 10
388 2558 434 2589 Tu
445 2568 540 2598 neque
552 2558 722 2596 anhelanti,
738 2557 806 2597 ἐμὴ]
829 2558 878 2588 Tu
891 2567 981 2598 mag-

277 2619 320 2640 no
338 2614 461 2639 conam
477 2618 592 2639 versus
608 2607 805 2648 magnificos
823 2618 888 2639 non
906 2619 980 2649 pro-

277 2659 360 2700 fem,
376 2668 497 2699 magno
525 2658 688 2698 anhelitu,
705 2662 740 2689 et
767 2659 980 2699 pannonibus

1040 791 1284 823 laborantibus.
1331 791 1407 823 Nec
1423 793 1471 823 ita
1485 791 1606 822 scribis
1624 795 1683 822 aut
1699 791 1746 821 le—

1041 843 1167 883 queris,
1180 846 1217 873 ut
1229 841 1327 873 folles
1339 840 1456 873 inflare
1468 841 1631 873 videaris:
1649 841 1748 872 adeo·

1040 903 1106 934 que
1131 893 1173 925 ab
1200 894 1326 934 ineptis
1354 893 1454 933 hujus
1484 891 1600 923 saeculi
1626 891 1746 922 Poetis

1041 944 1220 975 ambitiose
1250 944 1479 975 recitantibus
1518 952 1617 984 quam
1646 942 1745 983 longe

1041 996 1142 1027 abes!

1085 1047 1240 1088 Coquz'tur
1253 1047 1325 1078 dum
1345 1055 1445 1077 massa
1467 1044 1599 1084 camino]
1622 1042 1746 1075 Infor-

1041 1106 1126 1128 nace
1154 1096 1287 1128 ardenti
1319 1097 1493 1128 metallum
1508 1106 1517 1134 3
1555 1095 1604 1126 sic
1635 1094 1745 1126 animo

1040 1148 1131 1178 inter
1158 1147 1394 1179 meditandum
1425 1146 1638 1178 fervescente
1676 1155 1747 1177 car—

1041 1208 1120 1229 men
1135 1197 1287 1239 fingitur.

1085 1254 1123 1282 11
1141 1251 1312 1282 Anhelanti
1318 1250 1398 1290 folle
1406 1250 1523 1291 premis
1537 1247 1656 1288 ventos]
1701 1245 1746 1277 Α-

1040 1301 1133 1332 erem
1148 1300 1285 1333 follibus
1301 1301 1469 1332 inclusum
1489 1304 1525 1331 et
1541 1299 1745 1331 stridentem

1040 1352 1220 1392 exagitant
1243 1351 1332 1383 fabri
1360 1351 1402 1382 ad
1427 1350 1601 1381 fornacem
1627 1357 1747 1380 aecen-

1039 1403 1202 1434 dendam:
1228 1402 1398 1443 ingenium
1411 1406 1525 1433 autem
1539 1398 1747 1439 meditando,

1039 1463 1078 1484 ae
1107 1452 1282 1493 fingendo,
1311 1445 1424 1483 secum
1452 1451 1615 1483 luctando
1641 1459 1746 1490 saepe,

1039 1508 1076 1535 et
1102 1504 1136 1534 in
1162 1512 1278 1534 omnes
1296 1507 1410 1544 partes
1427 1501 1606 1541 vertendo,
1622 1500 1743 1532 Poetae

1039 1554 1262 1585 discruciant:
1297 1554 1471 1595 pulmones
1488 1553 1571 1584 item
1585 1551 1745 1592 fatigant,

1037 1607 1214 1637 recitando
1231 1616 1366 1638 carmen
1384 1606 1573 1647 praesertim
1590 1603 1745 1636 inflatum

1037 1661 1072 1687 et
1090 1656 1274 1697 turgidum,
1291 1658 1390 1698 quale
1406 1657 1459 1687 hic
1475 1657 1613 1687 Persius
1629 1665 1744 1696 repre-

1036 1706 1168 1744 hendit,
1185 1707 1335 1737 imitatus
1352 1717 1474 1747 nempe
1486 1707 1668 1737 Horatium
1685 1706 1744 1738 lib.

1038 1766 1063 1787 1.
1085 1756 1180 1788 satir.
1194 1759 1225 1788 4.
1271 1758 1280 1773 ‘
1294 1757 1341 1787 At
1358 1762 1395 1787 tn
1412 1756 1588 1787 conclusas
1603 1756 1743 1787 hircinis

1037 1806 1175 1839 follibus
1199 1817 1297 1838 arnas
1314 1807 1432 1848 Usque
1454 1807 1650 1838 laborantes
1666 1805 1744 1837 dum

1038 1857 1168 1889 ferrum
1191 1858 1319 1890 molliat
1342 1857 1442 1898 ignis,
1469 1857 1516 1888 Ut
1543 1857 1649 1888 mavis
1671 1857 1744 1888 imi-

1038 1908 1133 1940 tare!
1177 1908 1356 1941 Juvenalis
1380 1912 1495 1938 autem
1519 1906 1579 1938 hos
1606 1910 1744 1938 secutus

1038 1958 1081 1989 de
1107 1957 1295 1989 Causidicis
1311 1957 1371 1996 ait,
1397 1956 1489 1988 satir.
1514 1965 1581 1987 vn.
1625 1956 1742 1987 ‘Tunc

1037 2009 1200 2040 immensa
1208 2007 1284 2038 cavi
1293 2007 1424 2047 spirant
1434 2005 1611 2037 mendacia
1620 2003 1744 2036 folles!

1037 2059 1082 2090 Et
1098 2056 1289 2088 Martialis:
1322 2058 1331 2074 ‘
1346 2056 1377 2087 A
1396 2056 1522 2087 nostris
1548 2056 1666 2096 procul
1689 2059 1744 2087 est

1037 2108 1144 2139 omnis
1159 2108 1270 2138 vesica
1282 2107 1420 2146 libellis,
1435 2107 1536 2137 Musa
1548 2115 1611 2137 nec
1621 2105 1741 2137 insano

1037 2163 1185 2199 syrmate
1200 2162 1320 2189 nostra
1338 2157 1468 2189 tumet)

1080 2212 1120 2240 12
1136 2208 1250 2239 *Nescio
1263 2207 1336 2248 quid
1345 2206 1459 2247 grave]
1493 2207 1638 2237 Carmen
1650 2205 1740 2247 quod

1037 2260 1098 2291 tibi
1109 2260 1242 2300 placcat
1252 2259 1326 2299 soli,
1335 2267 1561 2299 magnumque
1571 2257 1741 2288 videatur.

1083 2309 1278 2350 Corm'caris]
1300 2309 1375 2341 Nec
1388 2313 1436 2349 tu,
1449 2318 1542 2339 more
1556 2308 1740 2345 cornicum,

1037 2369 1139 2392 voces
1163 2360 1291 2391 emittis
1317 2369 1336 2390 e
1352 2363 1503 2399 gutture,
1518 2367 1741 2398 compressam,

1036 2411 1232 2451 impeditas,
1259 2411 1498 2450 strangulatas,
1524 2409 1637 2448 palato
1662 2417 1740 2448 sup-

1037 2462 1221 2500 plantatas,
1235 2460 1278 2491 de
1293 2460 1411 2500 quibus
1427 2458 1501 2489 fuse
1517 2459 1611 2489 satir.
1623 2467 1647 2488 1.
1676 2460 1738 2490 Lo-

1037 2519 1114 2540 cum
1139 2510 1226 2540 hunc
1249 2509 1399 2549 respexit
1430 2510 1475 2540 D.
1498 2509 1640 2539 Hieron.
1661 2519 1738 2540 cum

1036 2559 1082 2589 ait
1099 2568 1153 2599 ep.
1170 2567 1219 2589 ιν.
1264 2558 1352 2589 ‘Alii
1370 2559 1460 2589 intra
1475 2568 1509 2589 se
1526 2559 1642 2590 nescio
1658 2560 1736 2601 qnid

1035 2609 1252 2641 cornicantes
1270 2610 1436 2641 tumentia
1453 2609 1555 2641 verba
1573 2609 1736 2641 trutinan-

1036 2658 1115 2699 tnrj'
1133 2660 1196 2690 ἃς.
