1888 3032
691 149 853 181 PERsn
886 151 995 184 sA'n
1025 153 1093 185 vr.
1528 146 1616 188 275

154 244 314 276 Cer-tussis
328 248 402 276 100.
427 255 531 285 asses,
554 246 611 287 qui
629 246 719 277 idem
743 247 857 278 valent
908 247 943 278 in
974 248 1075 280 rebus
1100 247 1251 280 emendis
1284 248 1368 281 alius
1405 249 1469 281 alio
1505 253 1613 292 majus

154 294 245 335 qnod
256 297 310 326 40.
326 295 483 328 sestertii
499 297 546 328 H.
563 296 786 336 s.—Licetur]
804 296 857 327 Li-

153 344 224 375 ceri
245 345 300 376 vel
321 345 446 377 licitari
462 351 514 378 est
534 348 686 387 precium
714 356 855 387 ponere,

909 301 1064 341 precium
1086 301 1280 343 pollicetur.
1337 301 1408 334 Hic
1434 301 1524 333 idem
1552 308 1616 344 est,

911 351 1002 392 quod
1045 352 1206 392 aestimat,
1258 352 1344 384 tanti
1381 351 1478 394 facit,
1517 354 1612 388 emit.

153 396 207 427 vel
234 395 323 428 ultro
350 396 384 428 in
415 396 575 430 auctione
605 397 755 439 deferre,
777 397 857 430 dum
914 402 1027 434 Lubin.

604 769 999 821 SATIRA
1063 769 1157 817 VI.

195 944 236 976 IN
254 945 317 978 hac
337 947 456 979 ultima
470 949 591 991 Satyra
614 951 648 982 in
671 951 852 983 incredibi-

149 994 218 1026 lem
234 996 460 1030 Romanornm
477 1001 654 1032 avaritiam
668 1001 852 1041 invehitur,

151 1045 196 1077 ad
211 1056 309 1087 quam
326 1050 523 1090 notandam,
545 1052 756 1083 occasionem
773 1061 852 1092 cap-

149 1099 202 1127 tat
219 1107 238 1127 a
253 1097 526 1131 dissimilitudine
539 1102 727 1133 studiorum
740 1102 852 1134 Persii

149 1151 186 1178 et
202 1147 301 1179 Caesii
315 1150 414 1180 Bassi
428 1151 625 1192 Poetarum,
635 1157 669 1184 et
684 1153 852 1192 imperitae

148 1198 377 1231 multitudinis
395 1202 569 1234 Romanae.
593 1203 708 1234 Lubin.

193 1251 211 1279 1
234 1249 399 1289 Admovit]
432 1252 532 1282 Hanc
557 1253 714 1293 Satyrain
733 1254 853 1285 scribit

147 1298 288 1330 Persius
310 1299 352 1331 ad
377 1301 522 1333 Caesium
538 1303 681 1335 Bassum
709 1304 853 1336 Po'etam

149 1349 322 1389 Lyricum,
340 1361 438 1392 quem
464 1352 554 1384 fama
569 1358 633 1393 est,
655 1355 689 1385 in
714 1355 852 1395 praediis

148 1399 218 1430 suis
237 1401 398 1441 positum,
415 1404 557 1435 ardente
573 1406 721 1436 Vesuvio
737 1411 852 1437 monte

150 1448 358 1490 Campaniae‚
373 1457 407 1483 et
419 1453 486 1484 late
501 1454 632 1495 ignibus
644 1455 853 1496 abundante,

149 1509 227 1531 cum
244 1501 323 1532 villa
338 1512 397 1533 sua
410 1508 521 1534 ustum
539 1514 626 1535 esse.
673 1505 742 1536 Hic
759 1515 852 1546 ergo,

148 1549 229 1581 dum
247 1551 506 1592 vive1·et‚Roma
522 1554 565 1584 ad
580 1554 724 1585 Sabinos
738 1565 853 1587 neees-

146 1599 237 1631 sario
252 1602 433 1641 transibat,
451 1603 505 1634 ubi
534 1604 678 1635 brumali
701 1610 853 1646 tempore

146 1649 183 1683 in
219 1651 330 1682 calido
359 1653 437 1683 loco
480 1655 629 1685 carmina
666 1656 852 1687 scribebat.

152 1699 221 1732 Vet.
238 1701 520 1743 Sela—Admovit]
536 1705 686 1746 L'bijam
703 1706 852 1746 demum,

148 1759 168 1782 o
185 1751 272 1782 Caesi
297 1752 416 1792 Basse,
441 1759 475 1784 te
499 1754 659 1794 hyemare
685 1756 851 1786 credam?

147 1800 343 1832 admovitne
369 1807 403 1833 te
427 1803 544 1843 hyems
575 1815 634 1836 suo
659 1805 800 1846 frigore,
817 1812 852 1837 et

148 1849 237 1882 netis
248 1850 465 1884 inclementia
481 1853 558 1885 foco
581 1855 705 1886 Sabino
722 1857 756 1887 in
773 1867 852 1895 agro

147 1905 219 1939 tuo,
234 1900 270 1931 in
295 1911 395 1942 quem
412 1907 447 1933 te
466 1905 645 1935 secessisse
670 1906 748 1937 inihi
768 1908 852 1937 rela-

147 1954 220 1982 tum
247 1952 319 1982 est?
350 1953 435 1984 Vel:
461 1954 583 1985 Utrum
613 1956 682 1994 agis
704 1956 737 1986 in
759 1957 852 1988 Sabi·

146 2000 200 2031 nis
209 2000 404 2043 ?—Bruma]
425 2003 490 2033 Seu
511 2003 646 2045 frigoris
670 2006 852 2037 inclemen-

146 2049 198 2081 tia
220 2053 257 2080 te
285 2051 328 2081 ad
356 2050 470 2085 focum
502 2056 667 2095 compulit
680 2056 851 2096 ?—Basse]

146 2100 296 2131 Caesium
320 2101 464 2132 Poe'tain
491 2104 651 2145 Lyricum
677 2105 851 2147 intelligit.

148 2149 248 2183 Idem.

190 2203 211 2231 2
234 2201 348 2233 Jamne
360 2203 444 2243 lyra]
470 2205 684 2246 Ecquidjam
699 2207 773 2248 lyra
790 2207 851 2239 tibi

149 2250 234 2282 vivit
256 2256 291 2282 et
323 2253 432 2292 viget?
466 2254 597 2294 Ecquid
615 2256 687 2295 jam
719 2266 852 2296 severo,

146 2301 253 2343 gravi,
269 2307 305 2332 et
321 2303 445 2333 tetrico
462 2305 597 2343 pectine
611 2306 753 2338 chordas
770 2308 851 2348 lyrae

148 2352 315 2391 percutis,
331 2357 365 2382 et
390 2353 696 2392 piilsas?—-Tetrico
716 2358 851 2397 pectine]

148 2401 298 2436 Gravem
323 2408 358 2433 et
380 2412 535 2434 severum
553 2406 691 2445 stylum,
711 2408 763 2438 vel
782 2418 852 2439 car-

146 2461 227 2482 men
240 2451 393 2484 denotat.
440 2453 526 2485 vani
544 2464 623 2487 vero
638 2457 694 2496 qui
707 2457 852 2489 tetricum

146 2500 203 2535 hic
225 2501 423 2543 intelligunt
453 2504 494 2534 de
521 2505 643 2536 Sabino
660 2512 774 2538 monte
789 2509 851 2539 Te-

149 2551 250 2585 trico.
295 2552 364 2584 Alii
392 2564 451 2593 pro
473 2555 592 2586 Tetrico
608 2556 737 2597 lugunt,
752 2559 850 2590 tritae.

149 2600 328 2642 —Vivunt]
347 2603 503 2646 Metaph.
514 2614 697 2645 personant
713 2609 766 2639 vel
782 2610 854 2649 put-

150 2656 280 2684 santur.
298 2653 396 2687 Idem.

194 2704 213 2734 3
237 2702 416 2746 Mire‚85c.]
439 2705 854 2743 Admirandusesartifex

907 954 943 981 et
963 949 1094 990 opifex,
1123 948 1179 989 qui
1202 948 1287 979 mira
1312 947 1439 989 ingenii
1465 948 1613 980 dexteri.

907 1004 979 1031 tate
998 1004 1151 1030 veterum
1169 1008 1290 1030 vocum
1303 999 1488 1039 primordia
1498 1009 1614 1030 nume-

907 1049 951 1080 ris
982 1054 1018 1080 et
1045 1048 1198 1080 versibus
1226 1049 1389 1086 excitare,
1420 1054 1456 1080 et
1485 1059 1613 1080 marem

907 1099 1105 1139 strepitum,
1122 1100 1309 1130 masculum
1327 1104 1361 1130 et
1381 1099 1512 1130 virilem
1524 1099 1614 1130 soni-

909 1154 981 1180 tum
997 1149 1072 1180 fidis
1087 1154 1123 1180 et
1140 1150 1223 1189 lyrae
1247 1159 1265 1179 a
1283 1149 1416 1180 Graecis
1433 1150 1475 1179 ad
1493 1150 1615 1180 Roma-

907 1208 966 1230 nos
990 1199 1173 1236 translatae,
1191 1203 1226 1229 et
1256 1199 1387 1229 Latinae
1414 1197 1613 1230 intendisse.

905 1249 1114 1290 —Numerz's']
1142 1248 1354 1281 Carmine.-—
1364 1249 1520 1289 Veterum,
1540 1249 1612 1290 ἔξω]

907 1301 984 1339 Vel,
1001 1300 1101 1332 Quod
1118 1300 1329 1341 antiquarius
1347 1298 1450 1331 fuerit
1471 1300 1526 1331 hic
1541 1299 1614 1331 Cae-

908 1351 986 1391 sius,
1002 1351 1216 1392 antiquitatis
1233 1350 1440 1381 dictionibus
1462 1360 1542 1381 usus
1557 1351 1615 1390 sit,

907 1401 975 1440 vel,
1011 1401 1110 1434 Quod
1156 1401 1323 1432 Poemata
1358 1400 1501 1441 scribat,
1538 1410 1614 1442 quae

908 1452 1055 1482 omnium
1072 1451 1183 1491 prima
1199 1451 1290 1491 apud
1316 1451 1478 1482 mortales
1503 1450 1613 1482 credi-

909 1508 954 1533 ta.
985 1502 1107 1532 Horat.
1122 1503 1131 1519 ‘
1143 1502 1223 1533 Fuit
1238 1503 1311 1533 haec
1328 1502 1496 1542 sapientia
1510 1511 1615 1544 quon-

909 1553 1010 1584 dam!
1045 1553 1175 1584 Turneb.
1191 1556 1324 1585 xxx-7.

950 1607 970 1634 4
993 1604 1107 1643 Atque,
1120 1603 1188 1643 εμπ]
1226 1603 1385 1634 Denotaf
1408 1603 1612 1643 Lyricorum

908 1653 1095 1684 Poetarum
1149 1652 1367 1693 subjectum:
1414 1651 1540 1684 fortem
1578 1658 1614 1685 et

909 1705 1096 1735 animosum
1127 1704 1286 1742 sonitum,
1327 1708 1365 1734 ut
1401 1703 1543 1734 Pindari
1578 1708 1615 1735 et

907 1755 1050 1785 aliorum
1076 1754 1228 1798 heroum,
1255 1758 1289 1784 et
1304 1752 1442 1784 fortium
1464 1754 1614 1785 virorum

886 1804 1000 1845 ‘facta
1039 1803 1452 1844 praeclara.—Intendisse]
1496 1805 1615 1836 Inten-

907 1854 1001 1884 sione
1018 1863 1210 1893 nervorum,
1223 1863 1407 1895 eorumque
1435 1855 1532 1895 pulsu
1556 1865 1614 1885 ex-

908 1904 1082 1943 pressisse,
1104 1908 1139 1935 et
1167 1904 1554 1945 &munisse-Latina]
1582 1905 1614 1936 A

909 1953 1067 1992 Graecis3
1093 1964 1155 1994 per
1172 1959 1206 1985 te
1224 1959 1259 1986 et
1275 1954 1399 1991 Horat.
1415 1954 1458 1986 ad
1473 1955 1613 1986 Latinos

909 2005 1096 2036 translatae.
1126 2005 1238 2036 Lubin.

950 2059 968 2085 5
993 2055 1084 2094 Mox,
1101 2056 1168 2095 Sym]
1199 2055 1241 2086 Id
1270 2060 1333 2095 est,
1360 2056 1427 2088 Qui
1449 2055 1554 2087 mirus
1577 2066 1612 2090 es

908 2103 1035 2139 artifex
1053 2106 1278 2146 adjuveniies
1293 2106 1405 2147 jocos,
1428 2111 1464 2137 et
1479 2116 1611 2145 amores

907 2155 1060 2187 versibus
1079 2156 1270 2197 agitandos.
1315 2158 1362 2189 Et
1380 2157 1522 2188 honesto
1539 2157 1614 2197 pol-

906 2205 972 2237 lice
989 2205 1126 2245 decoro,
1141 2211 1177 2238 et
1197 2206 1299 2238 docto
1326 2207 1493 2238 Poemate
1517 2216 1613 2247 egre-

908 2255 981 2296 gios
1009 2255 1118 2295 senes',
1141 2265 1326 2297 eorumque
1357 2257 1454 2297 sales,
1479 2260 1514 2288 et
1529 2257 1613 2298 joca

907 2307 1148 2340 describendo.
1180 2309 1277 2340 Idem.

950 2362 970 2390 6
993 2359 1131 2399 Lusisse]
1179 2360 1338 2392 Jucunde
1366 2360 1522 2392 versibus
1556 2361 1613 2393 de·

908 2409 1241 2451 scripsisse-Mihi,
1255 2410 1325 2451 Sym]
1357 2411 1514 2452 Seipsum
1528 2413 1613 2454 Per-

907 2461 974 2491 sius
1005 2460 1172 2493 significat
1198 2463 1376 2494 secessisse
1405 2463 1610 2503 in·-I„iguriae

906 2509 1004 2550 fines,
1032 2511 1193 2543 videlicet
1216 2520 1358 2553 propter
1381 2514 1534 2543 Fulviam
1561 2513 1611 2543 Si-

906 2562 1058 2593 senniam
1072 2568 1211 2595 matrem
1228 2574 1331 2602 suam,
1346 2574 1420 2604 qnae
1433 2568 1510 2603 post
1523 2573 1611 2594 mor-

908 2617 975 2643 tem
992 2614 1113 2653 prioris
1142 2614 1203 2644 viri
1232 2614 1278 2644 ibi
1295 2618 1402 2652 nupta
1418 2616 1503 2642 erat.
1539 2613 1608 2645 Vet.

907 2662 1127 2701 Sem—Mihi,
1141 2663 1209 2703 Esca]
1240 2661 1355 2692 Verba
1369 2661 1479 2691 Persii
1492 2661 1535 2692 de
1550 2671 1586 2692 se
1599 2673 1608 2699 ;

907 2716 943 2744 et
954 2716 1009 2744 est
1021 2711 1202 2751 ὑπαλλαγή.
1236 2713 1311 2751 Ego
1332 2720 1422 2744 nunc
1444 2709 1538 2744 fruor
1559 2716 1610 2745 te-
