1888 3032
1500 169 1584 210 1:37

1495 274 1580 314 105

697 182 806 213 SATI
819 182 880 212 &A
914 182 959 213 V.

120 279 205 320 Ars
227 278 372 319 dedit?
404 281 446 319 et
467 279 555 319 veri
576 278 769 332 speciem
789 277 1042 331 dignoscere
1065 276 1219 327 calles,

123 352 193 392 Ne
213 363 300 405 qua
319 350 539 391 subaerato
560 349 814 391 mendosum
835 350 990 391 tinniat
1011 361 1115 390 auro
1131 350 1150 389 Ἰ

121 418 322 472 Quaeque
343 418 564 473 sequenda
583 418 739 468 forent,
760 423 803 459 et
823 431 921 472 quae
944 417 1126 459 vitanda
1146 417 1360 467 vicissim,

122 486 206 526 Illa
225 487 346 539 prius
369 490 501 535 creta,
523 499 630 527 mox
648 486 745 527 haec
766 486 968 535 carbone,
988 485 1180 526 notasti?

124 553 183 594 Es
204 553 404 594 modicus
427 552 549 594 voti?
581 565 733 607 presso
754 552 843 592 lare
858 553 878 593 ‘l
910 551 1051 593 duleis
1071 551 1255 592 amicis'?

121 620 149 660 J
155 634 223 662 am
246 634 358 662 nunc
381 620 605 673 astringas
621 620 714 675 jam
730 631 841 660 nunc
862 619 1063 673 granaria
1079 618 1235 660 laxes?
1500 617 1584 659 110

120 747 192 777 tulit
209 747 304 777 vitam
320 756 414 786 agere
438 747 518 777 calce
533 744 680 777 directa?
704 745 757 776 An
774 746 870 776 etiam
886 746 967 777 nosti
991 745 1166 776 discernere
1190 743 1356 782 imaginem
1376 742 1531 781 veritatis,
1547 747 1585 773 et

119 799 158 818 mi
176 790 278 828 aliqua
295 790 426 829 species
450 789 599 819 tinnitum
615 790 687 820 edat
703 788 881 827 absurdum,
896 799 958 819 aere
973 788 1029 818 sub
1046 797 1121 818 auro
1139 788 1281 816 latente.
1328 785 1502 826 Numquid
1527 785 1584 816 ob-

120 832 261 862 servasti
278 836 343 862 tum
366 842 433 871 quoe
447 832 590 862 sectanda
605 834 715 871 essent,
739 835 804 862 tum
819 842 885 872 quoe
907 831 986 861 alius
1002 830 1183 869 fugienda;
1206 833 1310 869 atque
1334 828 1389 858 illa
1401 829 1502 868 primo
1518 827 1584 866 sig-

118 875 199 904 uasti
215 878 311 913 creta,
326 875 436 905 deinde
450 874 515 905 hoec
531 872 682 905 carbone?
728 875 817 905 Esne
834 875 1008 905 moderatus
1023 873 1056 904 in
1072 871 1245 911 desideriis,
1258 870 1385 910 frugali
1401 871 1498 909 domo,
1514 879 1582 900 sua-

733 955 969 966 eeeeeeeeeeee

122 1016 181 1043 105
205 1013 356 1052 specimen
382 1013 447 1044 Ms.
475 1013 512 1044 R.
570 1013 616 1045 Et
644 1011 826 1053 Bongarsii
852 1016 888 1043 et
915 1010 1060 1042 Puteani
1086 1013 1203 1040 vetera
1233 1008 1443 1048 exemplaria
1473 1007 1584 1038 omnia

120 1055 268 1094 spu-imon
294 1065 359 1086 non
385 1057 531 1096 speciem.-
565 1060 746 1095 utrumque
776 1054 885 1086 feras:
924 1055 983 1085 sed
1014 1053 1132 1084 melius
1160 1052 1300 1092 speciem.
1348 1049 1584 1082 Casaubon.--

123 1100 182 1128 106
205 1108 242 1128 ne
258 1108 316 1138 qua
331 1098 386 1128 sub
401 1101 508 1129 aemto.
555 1098 659 1139 Apud
676 1098 891 1128 Priscianum
916 1097 1018 1127 variis
1043 1096 1127 1127 locis
1153 1096 1203 1126 ita
1231 1103 1365 1134 semper
1393 1093 1582 1130 distincte3

121 1150 185 1171 uon
202 1146 239 1172 ut
256 1143 289 1171 iu
306 1141 379 1172 aliis
395 1141 489 1173 libris
512 1140 689 1179 subm-am
714 1140 802 1182 quod
826 1139 1028 1171 Graecorum
1055 1143 1108 1170 est
1134 1136 1435 1177 ὑπόχαλκον.-107
1459 1145 1584 1175 quaeque

784 1237 923 1269 NOTAE

167 1313 253 1355 Talo]
269 1313 353 1345 Pars
369 1313 436 1345 ima
452 1314 548 1355 pedis
563 1315 662 1352 talum·
686 1314 755 1345 sive
773 1322 822 1353 os,

121 1364 209 1403 quod
234 1364 333 1405 juxta
363 1365 571 1406 calcaneum,
598 1368 632 1396 et
657 1364 700 1395 ad
728 1364 823 1405 pedis

114 1413 321 1453 juncturam.

166 1467 225 1494 105
265 1463 340 1503 Ars]
379 1464 607 1505 Philosophia,
640 1475 715 1506 quae
746 1465 825 1496 vitae

121 1514 373 1553 magistra‚1ex‚
385 1515 513 1556 regula,
527 1517 651 1555 passim
666 1520 825 1554 vocatur3

122 1572 156 1594 et
174 1569 268 1594 recte
284 1564 405 1604 agendi
422 1569 596 1604 praecepta
617 1565 781 1596 continet.

168 1613 242 1645 Veri
257 1615 387 1654 speciem
401 1614 580 1653 dignoscere
592 1614 696 1654 calles]
712 1615 824 1647 Quan-

120 1665 303 1707 doquidem
321 1666 447 1706 primus
465 1666 507 1697 ad
530 1667 734 1707 sapientiam
751 1676 825 1707 gra-

121 1715 183 1746 dus
213 1722 264 1746 est
291 1716 441 1756 cognitio
459 1716 605 1756 honesti,
629 1716 684 1748 dic
710 1723 823 1747 utrum

121 1766 247 1806 optime
258 1767 346 1797 noris
360 1766 556 1797 discernere
567 1766 823 1798 similitudinem

121 1816 204 1855 veri,
220 1817 369 1856 speciem
386 1815 516 1856 falsam,
531 1817 572 1847 ab
584 1816 658 1857 ipso
670 1826 771 1855 vero;
789 1816 823 1846 id

122 1866 213 1907 quod
231 1871 284 1897 est
304 1868 493 1905 honestum,
509 1867 550 1898 ab
571 1877 611 1898 eo
626 1867 715 1908 quod
733 1867 824 1898 vide-

121 1923 187 1949 tur.
234 1918 322 1949 Nam
337 1922 375 1949 ut
393 1918 440 1948 ait
455 1917 616 1948 Ovidius:
649 1922 658 1934 ⁸
675 1918 719 1947 Et
735 1917 825 1947 mala

122 1973 200 1999 sunt
226 1968 336 1999 vicina
364 1968 480 2006 bonis3
519 1976 635 1998 errore
665 1967 727 1997 snb
754 1967 825 2006 illo,

121 2019 192 2050 Pro
210 2018 293 2050 vitio
313 2019 415 2050 virtus
438 2018 580 2049 crimina
607 2027 697 2058 saepe
723 2016 825 2049 tulit.’

122 2070 168 2099 Et
184 2069 304 2100 Horat.
331 2068 374 2099 ad
402 2069 541 2100 Pisones
556 2080 564 2099 ς
596 2070 604 2086 ‘
623 2067 825 2108 Decipimur

123 2119 238 2160 specie
255 2119 361 2150 recti!

168 2173 230 2201 106
255 2169 304 2200 Ne
319 2180 376 2210 qua
390 2169 554 2208 5111»aeth
568 2170 638 2210 850]
675 2170 729 2200 Ne
758 2169 826 2199 ulla

124 2220 233 2252 subsit
262 2220 451 2261 hypocrisis
481 2221 633 2261 adeoque
660 2229 753 2250 mera
784 2219 828 2250 sit

123 2271 202 2301 honi
228 2271 373 2311 species,
400 2280 464 2301 non
492 2270 602 2311 ipsum
626 2271 746 2301 bouum
767 2273 827 2300 aut

124 2331 248 2352 verum.
294 2320 455 2352 Snboerato
466 2332 476 2352 .-
500 2319 685 2351 similitudo
699 2329 717 2350 a
733 2329 826 2349 num-

123 2381 178 2403 mo
194 2372 400 2410 adulterino,
415 2372 446 2402 in
464 2381 530 2412 quo
548 2371 609 2402 sub
625 2371 738 2411 aliqua
753 2370 826 2400 auri

124 2421 303 2463 superficie
326 2432 371 2452 aes
397 2421 646 2456 absconditum,
670 2425 729 2451 aut
751 2429 827 2451 cuni

124 2481 204 2503 auro
220 2471 394 2503 confusum
411 2472 534 2502 tinnitu
549 2470 730 2512 probatum
754 2469 826 2510 dig-

124 2522 276 2553 noscitur
293 2528 405 2553 autem
423 2532 465 2553 ex
478 2522 590 2553 sonitu
602 2530 703 2552 rauco
720 2526 755 2551 et
768 2520 826 2551 ab-

127 2570 237 2602 surdo.

168 2620 351 2652 Mende-sum
374 2622 505 2663 tinniat]
527 2623 582 2653 Sic
607 2621 694 2652 enim
719 2621 825 2652 virtus

126 2678 206 2701 x-era
215 2670 344 2701 solidum
353 2676 458 2712 crepat
469 2682 480 2708 ;
502 2671 588 2703 falsa
598 2681 678 2702 vero
691 2672 825 2711 maligne

125 2719 296 2760 respondet,
312 2724 350 2750 ut
365 2725 444 2752 ante
462 2721 599 2753 Persius
615 2721 715 2753 dixit.
752 2721 826 2752 Tin·

877 1312 957 1352 nint,
971 1310 1109 1352 propria
1121 1320 1186 1341 vox
1201 1308 1359 1345 metallis,
1374 1316 1514 1348 quorum
1528 1315 1586 1336 ex-

879 1363 996 1404 primit
1013 1362 1172 1401 sonitum,
1188 1359 1321 1402 quando
1338 1359 1529 1399 pulsantur.

923 1415 984 1443 107
1011 1412 1145 1452 Quaeque
1159 1412 1326 1452 sequenda,
1347 1409 1416 1449 cisa]
1447 1407 1493 1438 Hi
1517 1406 1584 1438 duo

879 1468 958 1494 suut
968 1463 1050 1493 vitae
1063 1463 1213 1493 honestae
1228 1461 1395 1500 cardines,
1409 1458 1585 1490 declinare

880 1521 900 1542 a
915 1512 1016 1552 malo,
1033 1518 1068 1542 et
1084 1511 1201 1542 facere
1218 1510 1353 1541 bouum.

924 1565 985 1593 108
1009 1562 1069 1592 Illa
1097 1561 1185 1601 prius
1207 1563 1304 1598 creta,
1331 1569 1403 1589 mox
1427 1558 1492 1588 haec
1519 1568 1586 1588 car-

880 1612 965 1652 bone,
979 1611 1110 1651 notasti]
1134 1610 1234 1643 Quod
1258 1611 1382 1640 malum
1408 1608 1586 1648 damnasti,

880 1662 971 1703 quod
994 1661 1118 1693 bonum
1141 1660 1350 1702 approbasti.
1396 1659 1485 1690 Vide
1512 1660 1586 1690 Sat.

880 1722 919 1744 11.
936 1722 985 1744 vs.
1003 1715 1033 1743 1.
1079 1711 1146 1743 Ubi
1165 1710 1238 1742 fuse
1260 1711 1387 1752 egimus
1404 1711 1445 1741 de
1463 1710 1585 1750 lapillis

877 1762 979 1803 nigris
1004 1767 1040 1794 et
1061 1762 1157 1793 albis.
1201 1757 1418 1803 Pythagoras
1446 1760 1586 1791 dicebat

877 1822 917 1843 ea
933 1822 1010 1853 quae
1027 1811 1163 1842 candidi
1187 1815 1300 1841 essent
1323 1810 1453 1849 coloris,
1469 1809 1512 1840 ad
1528 1819 1585 1840 na-

879 1868 987 1893 turam
1003 1861 1080 1893 boni
1097 1860 1271 1902 pertinere
1286 1871 1294 1899 ;
1320 1870 1394 1901 quoe
1411 1868 1491 1890 vero
1508 1863 1585 1890 atra

880 1917 916 1944 et
929 1913 1039 1952 nigra,
1056 1911 1098 1942 ad
1111 1917 1266 1942 naturam
1283 1910 1372 1941 mali.

924 1965 986 1993 109
1010 1962 1056 1992 Es
1084 1962 1218 1992 modicus
1241 1961 1320 2001 voti]
1363 1960 1420 1991 Sic
1447 1959 1584 2000 plurimi

881 2011 1023 2044 Codices
1041 2011 1180 2051 liabent,
1195 2020 1261 2041 non
1274 2013 1315 2041 et.
1347 2009 1497 2040 Perinde
1509 2018 1586 2041 esse

880 2061 1027 2100 videtur,
1044 2060 1078 2091 id
1092 2066 1156 2098 est,
1167 2059 1194 2090 si
1209 2059 1326 2101 paucis
1340 2068 1376 2089 es
1389 2063 1584 2098 contentus,

882 2116 917 2142 et
933 2120 1039 2151 parva
1060 2110 1209 2150 postulas
1232 2119 1252 2140 a
1271 2108 1357 2145 Diis,
1381 2118 1447 2139 non
1470 2108 1586 2149 qualia

881 2162 975 2193 stulti
989 2166 1024 2192 et
1039 2160 1144 2199 avari,
1155 2160 1197 2191 de
1213 2159 1334 2201 quibus
1351 2159 1422 2190 Sat.
1437 2168 1477 2190 11.
1500 2161 1508 2176 ‘
1523 2158 1583 2198 Si,’

881 2217 918 2243 ut
933 2213 981 2243 ait
999 2212 1154 2251 Plautus,
1171 2213 1180 2228 ‘
1193 2216 1244 2242 est
1261 2210 1390 2241 animus
1405 2210 1465 2240 tibi
1478 2209 1585 2240 modi-

881 2273 952 2303 cus,
966 2263 1156 2302 continens,
1171 2261 1363 2292 ambitionis
1379 2263 1527 2301 expers?

923 2315 1035 2345 Pressa
1058 2313 1138 2353 lare]
1172 2313 1286 2344 Rebus
1309 2313 1398 2344 domi
1423 2311 1586 2353 angustis,

881 2370 939 2396 tua
962 2370 1073 2396 tamen
1095 2371 1186 2396 sorte
1212 2370 1411 2395 contentus:
1438 2364 1491 2394 vel
1514 2373 1583 2394 me-

881 2416 956 2455 lius,
978 2416 1004 2447 si
1028 2415 1167 2456 frugalis
1190 2415 1223 2446 iu
1245 2415 1352 2454 victu,
1374 2414 1512 2454 vestitu,
1532 2424 1585 2445 su-

881 2467 1076 2509 pellectile3
1100 2467 1173 2498 sine
1190 2467 1282 2506 luxu,
1298 2466 1370 2497 sine
1385 2466 1527 2496 luxuria.

923 2518 1038 2549 Dulcis
1067 2516 1192 2557 amicis]
1237 2517 1422 2557 Benignus,
1446 2515 1580 2551 facilis3

879 2578 945 2600 non
961 2568 1078 2605 durus,
1095 2569 1250 2605 tetricus,
1266 2576 1376 2607 asper,
1392 2564 1569 2604 superbus.

922 2623 985 2652 110
999 2620 1075 2650 Jam
1090 2629 1169 2650 nunc
1184 2616 1355 2656 astringas]
1378 2616 1413 2646 Si
1431 2616 1456 2644 is
1472 2623 1507 2644 es
1525 2614 1581 2655 qui

879 2670 979 2701 modo
1003 2674 1037 2701 te
1060 2669 1235 2700 contineas
1259 2672 1294 2697 et
1317 2664 1490 2702 coerceas,
1505 2672 1581 2695 cum

880 2720 1011 2752 ratione
1036 2727 1155 2760 parcus
1179 2721 1214 2748 et
1237 2714 1442 2754 moderatus,
1465 2718 1501 2746 ut
1516 2722 1591 2748 nec?
