1888 3032
260 166 317 207 (ἶἦ

290 196 317 208 ..ι
767 175 810 204 Λ.
846 172 1009 202 PERSH
1047 172 1221 203 FLACCI

318 274 436 316 Ecce
457 274 574 322 avia,
596 275 671 312 aut
694 272 892 310 metuens
912 269 1064 309 divum
1084 271 1331 321 matertera,
1353 270 1479 311 cunis

261 343 441 384 Exemit
462 354 657 395 puerum,
679 339 953 391 frontemque
975 340 1106 391 atque
1128 337 1217 377 uda
1236 337 1398 379 labella

265 410 426 451 Infami
448 409 586 461 digito
609 412 652 447 et
671 406 929 446 lustralibus
948 408 1045 445 ante
1068 404 1225 445 salivis

261 478 443 530 Expfflt,
466 479 636 515 urentes
654 474 809 515 oculos
830 473 1022 513 inhibere
1043 472 1199 526 perita.

260 545 386 586 Tunc
408 543 613 583 manibus
635 541 796 594 quatit,
819 544 863 581 ct
883 553 1009 594 spem
1025 553 1221 581 macram
1243 540 1446 594 supplice
1466 544 1570 581 voto

1679 540 1737 581 35

262 611 391 652 Nunc
414 608 560 650 Licini
584 610 627 648 in
649 620 849 661 campos,
872 620 988 647 nunc
1011 606 1162 648 Crassi
1180 609 1311 649 mittit
1332 609 1378 647 in
1399 608 1537 648 aedes,

261 740 296 760 en
311 730 382 760 ιιυὶιι
399 731 444 760 rel
460 730 571 760 matris
581 739 668 759 soror
687 729 767 759 Deos
780 729 905 765 timens,
920 727 1075 765 infantem
1088 729 1170 759 tollit
1186 740 1228 760 ex
1241 729 1443 767 incunabulis,
1457 729 1589 769 ejusque
1596 728 1741 768 frontem

261 777 289 804 et
307 773 388 803 labia
404 773 529 803 humida
545 776 637 803 antem
662 773 775 802 lustrat
799 771 885 811 turpi
908 771 1023 809 digito,
1048 775 1078 801 et
1100 772 1206 802 salicis
1227 773 1440 812 expiantibus,
1464 774 1554 803 docta
1578 772 1741 812 prohibere

259 815 582 852 otnitos⁴tltsci11antes;
605 815 715 846 deiude
730 813 868 844 inanibus
881 823 957 843 eum
974 814 1112 853 motitat,
1124 818 1153 845 et
1170 815 1282 845 humili
1297 815 1477 854 precatione
1492 825 1576 855 spem
1591 815 1740 854 exiguam

261 860 382 889 inducit
399 861 485 889 modo
502 859 534 889 in
550 868 641 898 agros
656 857 788 895 Licinii,
805 858 892 887 modo
909 857 941 887 in
957 859 1080 887 domum
1100 857 1221 888 Crassi.

883 950 1002 961 eeeeee

1268 858 1363 888 Modo
1380 863 1455 888 orat
1478 863 1517 888 ut
1535 858 1608 888 Rex
1630 860 1660 888 ct
1677 857 1742 888 lte-

1006 950 1128 961 eeeeee

262 1008 328 1039 Ms.
346 1008 387 1038 R.
408 1007 550 1038 Ftdmine
575 1007 642 1038 Ms.
660 1006 824 1038 GaL—31
850 1006 933 1037 haud
960 1010 1098 1037 metuens
1126 1007 1192 1038 Ms.
1210 1006 1379 1038 Get—36
1404 1007 1496 1037 Nunc
1523 1005 1628 1037 Licini
1655 1005 1741 1038 edit.

931 1093 1072 1125 NOTAE

265 1170 398 1202 rebitur
414 1170 544 1202 uncto!

307 1226 347 1254 31
375 1224 456 1253 Ecce
474 1224 555 1260 avia,
579 1221 645 1262 ἕςα]
681 1221 773 1252 Vota
799 1230 977 1252 avarorum

262 1275 430 1305 hactenus
446 1274 596 1314 carpsit:
622 1273 693 1313 jani
718 1272 977 1313 superstitiosas

262 1325 440 1356 mulierum
472 1334 592 1365 preces
627 1323 860 1363 reprehendit,
892 1332 975 1362 quas

264 1375 420 1406 solebant
437 1376 502 1405 iltae
521 1384 583 1415 pro
596 1373 783 1404 infantibus
796 1373 976 1412 concipere

263 1426 468 1457 dielustrico
481 1433 514 1456 et
529 1419 701 1462 nominali,
715 1433 836 1464 nempe
851 1428 975 1454 octavo

264 1476 306 1506 ab
325 1482 413 1514 ortu,
432 1486 493 1516 pro
512 1475 655 1516 puellis;
681 1483 782 1513 nono,
798 1483 860 1513 pro
878 1483 977 1513 puer-

264 1528 312 1557 is:
349 1528 534 1567 solitasque
567 1525 721 1555 adhiberi
757 1524 977 1555 coeremonias

264 1578 466 1618 perstringit
495 1577 547 1607 hic
575 1576 726 1607 Persius.
772 1575 862 1606 Vide
890 1575 977 1606 Coel.

266 1629 414 1668 Rhodig.
433 1639 527 1660 xxn.
547 1632 598 1659 12.

308 1680 498 1719 Macen-tera]
522 1679 659 1709 Dicitur
686 1678 782 1718 quasi
807 1681 908 1708 muter
931 1678 977 1708 al-

266 1734 344 1760 tera.
392 1731 526 1768 Nempe
545 1738 663 1758 munus
690 1728 857 1758 lustrandi
877 1737 975 1768 puer-

266 1789 322 1810 um
349 1780 546 1820 pertinebat
573 1779 615 1809 ad
644 1788 727 1809 anus
755 1778 929 1818 religiosas
957 1788 975 1808 e

268 1830 473 1870 cognatione
490 1829 689 1869 praecipua&
714 1838 789 1869 quae
807 1828 901 1868 hujus
925 1828 975 1859 rei

269 1890 372 1911 causa
386 1879 647 1910 conveniebant.

308 1933 349 1961 33
367 1929 485 1967 Infumz'
501 1929 620 1969 digito]
647 1928 685 1959 td
703 1934 766 1967 est,
780 1928 904 1967 medio,
919 1930 974 1969 qui

266 1980 400 2012 infamis
426 1981 619 2019 dicebatur,
637 1990 678 2011 eo
703 1980 793 2021 qnod
818 1980 875 2010 itte
897 1989 976 2010 con-

266 2032 383 2063 tractis
411 2032 484 2062 atiis
507 2036 668 2062 extensus
693 2031 844 2071 speciem
871 2041 975 2070 quan-

266 2082 343 2112 dam
368 2083 563 2122 pudendam
592 2087 828 2123 repraesentet.
875 2082 975 2112 Unde

267 2132 467 2173 probrosum
486 2138 573 2170 erat,
591 2133 692 2163 alicui
709 2132 890 2162 ostendere
907 2142 975 2161 me-

265 2182 357 2213 dium
375 2182 529 2222 digitum,
546 2182 678 2222 reliqua
695 2192 793 2212 manu
818 2187 975 2212 eontrac-

266 2239 314 2274 ta,
330 2240 525 2274 porrectum
540 2244 547 2271 3
572 2234 636 2263 boe
661 2233 748 2263 enirn
767 2232 866 2262 modo
883 2237 977 2262 nota-

266 2284 391 2315 bantur
410 2284 531 2314 ciuaedi
546 2289 581 2314 et
596 2283 724 2313 molles.
753 2284 892 2314 ven-on.
911 2283 976 2313 Dio

267 2335 440 2374 Chrysost.
458 2339 543 2364 orat.
560 2341 697 2363 xxxin.
727 2329 916 2364 Mai-tiam.
936 2343 976 2363 ιε.

266 2385 367 2424 Epig.
390 2389 441 2414 28.
466 2385 626 2415 Juvenal.
643 2385 714 2415 Sat.
734 2393 766 2415 x.
802 2384 902 2415 Alex.
933 2385 975 2414 ab

267 2433 464 2465 Alexandro
490 2435 509 2463 Ι.
528 2443 575 2464 ιν.
593 2444 668 2473 cap.
690 2435 820 2464 ultimo.
867 2435 975 2464 Porro

266 2495 306 2516 eo
325 2484 536 2525 potissimum
561 2483 668 2523 digito
694 2486 881 2514 utebantur
911 2485 977 2524 pia-

267 2536 370 2567 trices
388 2536 455 2565 inte
473 2535 641 2571 mulieres,
655 2535 730 2573 quia
742 2534 904 2574 quaelibet
917 2535 974 2564 ob-

267 2595 382 2618 scoena
398 2591 518 2617 contra
540 2583 704 2615 fascinum
729 2585 841 2615 valere
858 2586 974 2616 crede-

266 2638 361 2669 bant.
407 2637 516 2668 Aliam
542 2646 603 2667 nec
622 2637 875 2675 inwrubabitem
895 2635 974 2666 affe-

267 2693 346 2719 runt
371 2688 537 2719 rationem
563 2688 728 2726 nonnulii,
759 2687 848 2729 quod
879 2687 974 2717 dicta

266 2747 385 2769 manus
418 2738 529 2779 figura
557 2737 715 2778 designet
745 2742 782 2768 et
812 2737 975 2769 exhibeat

1033 1168 1199 1208 Priapum
1218 1167 1480 1200 fascinationurn
1496 1177 1734 1199 averruncum.

1075 1219 1273 1250 Lustralibus
1286 1219 1409 1259 saliuis]
1434 1219 1473 1250 ln
1491 1218 1743 1259 expiationibus

1033 1270 1223 1301 adhibitam
1252 1270 1294 1301 ab
1319 1269 1481 1310 Antiquis
1510 1269 1651 1300 salivam
1675 1273 1744 1299 tes-

1032 1325 1149 1352 tantur
1177 1321 1317 1352 Petron.
1345 1325 1380 1351 et
1407 1320 1585 1351 Plutarch.
1643 1319 1744 1350 Hanc

1032 1377 1145 1403 autem
1158 1372 1342 1403 salutarem
1359 1381 1432 1402 esse
1446 1371 1492 1402 ait
1504 1371 1594 1401 Ptin.
1607 1379 1743 1401 xxvn1.

1033 1427 1063 1454 4.
1110 1423 1268 1455 Observa
1299 1423 1434 1453 interim
1465 1421 1603 1453 eosdem
1635 1431 1744 1462 prope

1033 1475 1117 1505 ritus
1136 1484 1155 1504 a
1168 1474 1346 1505 veteribus
1361 1479 1538 1513 usurpatos
1555 1472 1588 1502 in
1605 1472 1660 1503 die
1678 1473 1746 1504 lus-

1034 1526 1121 1557 trico
1145 1530 1182 1557 et
1205 1525 1376 1565 nominali,
1399 1525 1456 1566 qni
1479 1524 1684 1555 adhibentur
1708 1524 1742 1555 in

1032 1579 1212 1619 Baptismo
1231 1578 1509 1609 Christianorum.

1075 1632 1115 1659 34
1145 1629 1278 1659 Urentes
1299 1629 1414 1668 oculos]
1438 1628 1479 1658 Id
1508 1631 1573 1666 est,
1599 1636 1743 1657 enecan-

1033 1684 1098 1719 tes,
1123 1684 1268 1710 mortem
1294 1679 1486 1710 afferentes.
1531 1677 1621 1709 Vide
1644 1678 1742 1713 Ptin.

1033 1740 1097 1761 vn.
1115 1734 1146 1761 2.
1194 1731 1281 1761 Item
1299 1730 1508 1760 fascinantes
1523 1740 1531 1766 ;
1556 1738 1632 1759 nam
1647 1727 1745 1759 fasci-

1033 1792 1110 1812 num
1127 1782 1273 1812 maxime
1291 1781 1406 1821 pueris
1422 1781 1611 1817 timebant3
1640 1783 1676 1810 et
1700 1779 1743 1810 ad

1031 1832 1115 1862 illud
1128 1831 1345 1862 inhibendum
1360 1832 1499 1862 salivam
1510 1830 1614 1861 etiam
1628 1830 1745 1861 valere

1032 1883 1299 1914 arbitrabantur.

1074 1937 1113 1965 35
1141 1935 1269 1975 Quntit]
1292 1934 1444 1964 Puerum
1469 1933 1650 1963 lustratum
1675 1941 1746 1963 mo-

1032 1986 1113 2016 titat
1126 1990 1162 2016 et
1172 1985 1278 2016 vetuti
1293 1983 1522 2025 praesentibus
1533 1983 1607 2013 Diis
1618 1980 1740 2013 offert:

1032 2035 1155 2066 deinde
1182 2041 1256 2074 post
1282 2034 1513 2074 expiationem
1538 2041 1657 2072 preces
1680 2042 1744 2073 pro

1033 2096 1072 2117 eo
1091 2090 1124 2115 et
1141 2091 1222 2115 vota
1238 2084 1403 2123 concipit.

1074 2136 1168 2175 Spem
1186 2134 1335 2174 macrum]
1361 2133 1401 2164 Id
1419 2137 1484 2172 est,
1505 2131 1682 2170 infantem,
1698 2130 1742 2162 de

1031 2197 1096 2226 qno
1128 2188 1240 2217 tenuis
1272 2186 1381 2217 adhuc
1408 2195 1485 2225 spes
1513 2193 1588 2214 esse
1615 2187 1744 2224 potest.

1033 2237 1154 2275 Virgil.
1178 2238 1186 2252 ‘
1208 2237 1283 2267 Nec
1301 2236 1460 2276 spesjatn
1475 2239 1581 2265 restat
1597 2233 1685 2265 Iuli?

1076 2290 1117 2318 36
1134 2287 1260 2327 Licini]
1288 2288 1341 2317 De
1355 2296 1418 2328 quo
1434 2286 1564 2316 Licinio
1581 2293 1690 2316 sermo
1702 2283 1743 2315 fit

1033 2348 1098 2368 non
1113 2339 1213 2379 plane
1228 2342 1374 2369 constat.
1417 2338 1525 2368 Vetus
1540 2337 1614 2376 ipse
1631 2334 1744 2366 Persii

1032 2389 1210 2429 Interpres
1228 2388 1364 2418 dubitat
1380 2388 1468 2417 sitne
1485 2385 1575 2416 idem
1593 2385 1644 2415 vir
1659 2383 1747 2415 Lici-

1032 2438 1105 2468 nius
1133 2439 1276 2469 Crassus
1296 2438 1384 2467 inter
1408 2437 1576 2466 Romanos
1594 2433 1746 2472 loeuple-

1032 2488 1196 2525 tissimum,
1206 2493 1242 2518 et
1257 2487 1335 2517 inde
1346 2486 1453 2517 Dives
1469 2485 1724 2525 cognominatus
1735 2497 1744 2524 ;

1032 2548 1073 2567 an
1089 2538 1236 2568 Licinius
1251 2545 1365 2568 tonsor
1379 2543 1411 2567 et
1429 2537 1567 2567 libertus
1582 2535 1742 2576 Augusti,

1033 2587 1089 2627 qui
1108 2587 1205 2617 valde
1232 2588 1413 2627 opulentus
1439 2591 1524 2618 erat.
1571 2585 1640 2617 Alii
1665 2596 1745 2617 eon-

1032 2637 1177 2668 tendunt
1194 2637 1451 2677 intelligendum
1467 2637 1579 2677 potius
1597 2637 1634 2667 C.
1652 2637 1741 2668 Lici-

1029 2689 1119 2719 nium
1144 2688 1331 2726 Stolonem,
1349 2688 1418 2728 qui,
1436 2692 1474 2718 ut
1500 2687 1602 2718 habet
1625 2687 1741 2718 Livius

1028 2740 1051 2771 l.
1069 2749 1134 2771 vu.
1151 2749 1243 2770 num.
1259 2742 1311 2770 16.
1335 2739 1378 2770 ob
1402 2748 1556 2779 possessa
1577 2747 1653 2769 cum
1669 2736 1740 2769 filio
