1888 3032
240 83 324 124 144

732 91 778 122 A.
812 87 973 119 PERSII
1011 87 1182 118 FLACC!

237 187 365 230 Tolle
387 200 535 229 recens
555 186 722 240 primus
743 184 872 237 piper
893 195 917 224 e
939 182 1115 224 sitiente
1137 181 1323 225 camelo.

238 254 370 297 Verte
390 253 578 308 aliquid:
605 251 720 306 jura.
772 249 884 291 ‘Sed
906 249 1083 304 Jupiter
1103 247 1278 290 audiet?
1329 249 1470 293 Eheu!

238 322 370 372 Baro,
393 322 656 374 regustatum
676 316 813 372 digito
832 317 1052 359 terebrare
1074 317 1261 358 salinum

235 462 403 494 sitibundo.

450 459 622 501 Quidpiam
642 463 807 499 commuta,
821 458 1044 500 jusjurandum
1064 459 1239 501 interpone.
1283 459 1330 492 At
1353 459 1484 502 Jupiter
1505 461 1704 501 auscultabit,

244 507 339 545 Eheu,
352 503 487 546 stupide,
508 504 536 535 si
552 503 711 535 contendis
730 503 833 535 vivere
850 504 958 535 amice
977 514 1045 535 cum
1061 503 1152 544 Jove,
1170 503 1273 535 vitam
1289 513 1377 544 ages,
1389 505 1468 536 sutis
1479 504 1592 537 habens
1602 506 1704 547 perso-

864 596 980 609 cccccc

983 596 1078 609 ’’’’’

238 656 345 686 -138
373 653 456 686 Varo
472 653 540 686 Ms.
559 653 638 687 Gal.
674 654 799 687 Omnia
815 653 1026 695 exemplaria
1039 653 1184 694 simplici
1199 664 1217 685 r
1236 653 1337 687 Varo.-
1360 664 1438 686 cum
1453 654 1544 695 apud
1558 654 1706 687 Tullium

236 702 272 729 et
287 697 371 728 alios
386 697 449 728 hoc
468 706 590 728 nomen
608 698 779 729 scribatur
794 707 896 728 varro.
944 696 1019 728 Nec
1038 697 1136 737 pauci
1153 696 1232 728 libri
1247 701 1337 738 sunt,
1352 698 1411 729 ubi
1428 697 1589 730 scribitur
1605 698 1708 736 Baro,

237 749 313 781 quae
332 749 396 770 vox
413 740 558 771 barbara
583 741 616 771 iu
642 740 790 781 antiquis
818 739 949 779 legibus
977 739 1187 770 Francorum
1212 743 1246 770 et
1270 739 1562 779 Allemannorum,
1576 750 1705 772 marem

239 781 425 823 siguificat:
450 782 551 813 hodie
568 782 601 813 in
619 783 806 824 Campania
823 787 857 813 et
874 781 947 813 aliis
974 781 1095 813 Galliae
1120 782 1203 813 locis
1227 783 1385 814 mulieres
1403 793 1479 814 suos
1496 783 1586 814 viros
1603 783 1708 814 nomi-

239 830 322 857 nant
337 824 488 862 barones:
509 825 571 857 scd
594 827 713 869 legant
728 825 873 858 studiosi
890 834 966 867 quae
982 823 1025 856 de
1041 824 1092 855 his
1110 824 1251 857 vocibus
1266 835 1357 856 varro
1373 829 1410 857 et
1426 825 1513 866 baro,
1540 824 1604 857 viri
1620 835 1706 867 prae-

903 915 1044 949 NOTAE

240 986 278 1013 rr.
302 980 350 1013 sic
367 981 495 1013 habet:
522 982 531 1000 ‘
550 982 679 1013 Divisae
693 981 872 1014 arboribus
889 991 946 1022 pa-

239 1032 336 1063 triae:
373 1033 444 1063 sola
474 1032 574 1064 India
600 1032 730 1072 nigrum
760 1032 840 1063 Fert
868 1032 947 1063 ebe-

237 1092 337 1114 num:
362 1083 440 1114 solis
456 1088 508 1114 est
525 1084 644 1114 thurea
662 1084 759 1124 virga
773 1081 926 1114 Sabaeis?

285 1132 383 1172 Thus]
419 1133 508 1164 Plin.
526 1141 592 1164 ιιι.
611 1136 664 1164 14.
680 1133 728 1164 ait
744 1133 776 1163 in
795 1133 867 1164 sola
882 1141 947 1163 nec

241 1183 396 1214 universa
412 1183 548 1224 quidem
565 1182 694 1214 Arabia
710 1183 867 1223 reperiri,
888 1181 947 1213 sed

237 1235 272 1265 En
290 1243 331 1266 ea
347 1239 480 1265 tantum
497 1234 649 1274 regione,
674 1233 729 1265 cui
753 1242 875 1264 nomen
891 1233 949 1264 Sa-

240 1286 294 1316 ba.
350 1284 515 1324 Virgilius
537 1285 614 1315 loco
637 1293 716 1314 mox
746 1283 852 1314 citato
869 1283 948 1314 asti-

239 1335 388 1377 pulatur.
415 1335 459 1366 Et
473 1335 554 1366 alibi
569 1345 577 1366 :
594 1335 604 1351 ⁴
616 1334 716 1365 India
729 1334 836 1365 mittit
851 1334 949 1374 ebur,

239 1385 357 1417 molles
374 1395 434 1416 sua
450 1385 546 1416 thura
560 1383 697 1416 Sabaei)
728 1383 831 1424 Apud
844 1383 950 1415 Athe-

241 1445 419 1468 meum-111.
433 1438 486 1466 21.
512 1435 619 1475 Syriae
635 1433 766 1465 fructus
782 1438 950 1465 vocantur

241 1486 380 1527 myrrha
408 1489 445 1516 et
472 1485 559 1517 thus.
617 1485 661 1515 Et
688 1493 748 1516 xv.
771 1487 825 1516 10.
856 1485 949 1516 Thus

241 1537 331 1567 inter
347 1535 507 1567 secundae
535 1545 662 1567 mensae
678 1539 882 1576 apparatum
898 1546 948 1568 re·

242 1589 412 1618 censetur.

284 1635 421 1667 Lubrica
451 1636 530 1676 Coa]
573 1636 663 1667 Vina
691 1637 818 1676 mollia,
846 1636 948 1675 lenia,

240 1686 353 1716 alvum
369 1685 555 1723 solventia3
578 1695 620 1716 ex
644 1685 762 1717 Insula
784 1687 845 1724 Co,
872 1696 948 1727 quae

241 1741 295 1768 est
311 1736 346 1767 in
360 1736 475 1776 AEgaeo
490 1736 587 1775 mari,
611 1746 631 1766 e
650 1736 856 1777 Cycladibus
873 1746 949 1776 uua,

242 1787 464 1827 Hippocratis
488 1787 579 1817 clara
604 1786 782 1817 natalibus.
828 1786 950 1818 Horat.

199 1833 203 1835 ”
242 1838 313 1868 Sat.
329 1846 370 1868 τι.
386 1839 419 1868 4.
443 1839 451 1854 ‘
465 1837 500 1868 Si
522 1836 608 1867 dura
636 1837 825 1868 morabitur
843 1838 953 1877 alvus,

242 1888 400 1928 Myrinis,
429 1893 465 1919 et
479 1890 484 1896 '
497 1888 580 1919 viles
618 1888 750 1928 pellent
777 1889 951 1920 obstantia

244 1938 396 1977 conchae,
420 1938 465 1969 Et
482 1938 610 1977 lapathi
628 1938 738 1969 brevis
754 1939 868 1979 herba,
891 1939 950 1969 sed

245 1988 322 2019 albo
338 1997 403 2019 non
417 1987 488 2018 sine
505 1987 597 2019 Coo.’

288 2040 351 2069 136
377 2038 460 2068 Tolle
474 2047 579 2069 recens
589 2038 724 2080 primus]
762 2039 951 2072 Anteverte

246 2088 326 2118 alios
342 2093 564 2127 mercatores,
590 2094 625 2120 et
641 2099 724 2121 cave
741 2101 783 2121 ne
801 2091 849 2121 illi
867 2100 953 2131 prae-

244 2142 465 2178 occupantes,
475 2143 628 2179 quaestus
642 2140 853 2170 occasionem
868 2150 953 2180 prae-

244 2187 380 2228 ripiant.
443 2188 565 2219 Horat.
594 2189 703 2228 Epist.
730 2198 753 2221 1.
779 2192 810 2221 6.
835 2192 844 2207 ‘
861 2191 951 2222 Cave

244 2247 286 2269 ne
313 2242 432 2279 portus
450 2244 596 2280 occupet
613 2241 714 2280 alter,
738 2241 792 2272 Ne
810 2240 951 2282 Cibyra-

244 2288 323 2327 tica,
339 2298 382 2319 ne
397 2288 548 2329 Bithyna
563 2291 699 2331 negotia
715 2291 863 2330 perdas!

287 2338 401 2377 Piper]
439 2339 529 2371 Plin.
546 2349 614 2371 xil.
630 2344 661 2372 7.
686 2342 695 2358 ‘
713 2342 846 2373 Passim
874 2353 948 2384 quae

246 2388 346 2428 piper
363 2389 516 2429 gignunt,
533 2390 703 2431 juniperis
723 2392 846 2423 nostris
861 2392 950 2423 sinii-

243 2438 315 2478 les,'
335 2438 456 2479 inquit.

292 2490 374 2522 Tolle
389 2501 405 2521 e
420 2491 546 2522 sitiente
561 2493 690 2533 camelo]
726 2494 767 2524 Id
785 2499 852 2531 est,
874 2504 952 2526 exo-

246 2550 330 2573 nera
346 2541 513 2572 camelum
528 2542 630 2573 variis
654 2543 818 2583 ejusmodi
835 2545 953 2576 merci-

251 2591 311 2621 bus
327 2595 498 2632 onustum,
512 2592 611 2633 longa
627 2591 754 2624 fessum
766 2598 801 2625 et
812 2594 954 2625 sitibun-

249 2640 328 2672 dum
345 2641 409 2682 via,
425 2645 462 2674 et
477 2642 612 2674 venales
626 2651 773 2685 expone.
805 2643 953 2676 Sitiente.

1000 981 1141 1012 Dicitur
1151 981 1298 1013 camelus
1311 981 1402 1013 sitim
1412 982 1561 1014 tolerare
1571 979 1614 1012 ad
1626 989 1707 1023 qua⁴

1001 1031 1162 1063 triduum.
1208 1032 1300 1063 Plin.
1318 1041 1398 1063 vm.
1425 1035 1477 1063 18.
1505 1031 1562 1062 ubi
1587 1034 1624 1063 et
1642 1030 1710 1062 alia

1001 1081 1045 1112 ad
1060 1082 1182 1113 cameli
1198 1087 1354 1114 naturam
1371 1088 1406 1114 et
1429 1082 1579 1114 indolem
1603 1081 1712 1124 perti—

1000 1132 1117 1163 nentia
1132 1131 1206 1164 fuse
1222 1133 1452 1175 persequitur.

1046 1185 1108 1214 137
1138 1183 1232 1214 Verte
1245 1184 1378 1225 aliquid]
1400 1185 1510 1215 Vetus
1525 1182 1709 1215 Scholiast.

1002 1232 1012 1250 ‘
1027 1233 1232 1274 Negofiare,
1249 1234 1399 1274 speciem
1416 1243 1476 1274 pro
1493 1232 1608 1274 specie
1620 1242 1711 1264 com-

1002 1283 1119 1323 muta‚’
1134 1283 1260 1324 inquit,
1272 1293 1314 1315 ne
1327 1283 1425 1315 deses
1438 1282 1582 1324 amplius
1594 1291 1711 1320 mane;

1004 1334 1140 1365 divitias
1155 1343 1303 1375 congere
1319 1334 1451 1373 labore,
1465 1333 1570 1365 immo
1586 1336 1623 1364 et
1638 1342 1712 1374 per-

999 1385 1092 1426 jurio
1106 1393 1145 1416 ac
1161 1384 1351 1424 fraudibus,
1367 1385 1396 1416 si
1412 1395 1496 1426 opus
1513 1388 1580 1416 est.

1045 1436 1143 1476 dura]
1180 1436 1293 1467 Bonas
1322 1445 1397 1467 esse
1421 1444 1553 1467 merces
1571 1433 1712 1474 affirma,

1004 1486 1109 1518 etiam
1148 1484 1232 1517 falso
1250 1497 1258 1518 ι
1305 1486 1461 1528 pejerare
1493 1495 1536 1517 ne
1580 1484 1713 1516 dubita.

1005 1538 1110 1570 Certe
1147 1538 1206 1582 qui
1235 1547 1312 1569 cum
1343 1536 1591 1569 mercatoribus
1613 1536 1713 1576 jurat

1005 1597 1110 1628 saepe,
1138 1598 1230 1628 saepe
1257 1591 1292 1618 et
1318 1587 1465 1628 pejerat.
1510 1586 1601 1617 Vide
1621 1585 1712 1617 Tull.

1007 1637 1108 1669 Offic.
1124 1641 1155 1669 3.
1173 1638 1215 1668 ad
1232 1637 1344 1670 finem.

1046 1689 1109 1720 Sed
1123 1689 1253 1728 Jupiter
1266 1687 1388 1728 audiet]
1416 1686 1580 1718 Avaritiae
1596 1686 1710 1718 Dama

1005 1738 1202 1780 respondet.
1255 1738 1400 1770 Scilicet
1427 1747 1481 1769 me
1505 1737 1608 1778 jubes
1638 1746 1710 1768 rem

1005 1800 1131 1831 augere
1143 1789 1330 1821 mendaciis
1350 1789 1473 1830 passim
1488 1799 1528 1820 ac
1542 1788 1712 1830 perjuriis,

1005 1845 1043 1872 ut
1073 1840 1185 1871 solent
1214 1844 1433 1871 mercatores.
1491 1838 1541 1871 At
1569 1839 1712 1880 Jupiter

1005 1891 1130 1921 vindex
1158 1890 1282 1922 aderit.
1326 1890 1526 1931 Sapientum
1543 1893 1596 1922 est
1620 1889 1712 1921 axio-

1005 1951 1077 1971 ma:
1103 1941 1158 1972 Ita
1187 1940 1362 1981 vivendum,
1392 1943 1542 1981 tanquam
1563 1939 1618 1971 sab
1644 1939 1712 1971 Dei

1004 1992 1108 2022 oculis.

1052 2043 1155 2083 Eheu]
1185 2042 1402 2084 Jungendum
1419 2048 1495 2073 cum
1512 2040 1711 2083 praeceden-

1006 2093 1109 2132 tibus,
1136 2094 1246 2134 iuquit
1274 2093 1504 2133 casaubonus,
1533 2097 1572 2124 ut
1599 2093 1712 2124 Dama

1007 2145 1238 2175 imminentem
1271 2144 1416 2184 perjuris
1444 2143 1630 2175 vindictam
1655 2153 1713 2175 ve-

1008 2199 1135 2232 reatur,
1150 2194 1195 2225 ad
1222 2204 1321 2234 quam
1339 2204 1374 2225 se
1390 2194 1486 2234 qnasi
1503 2193 1710 2225 necessitate

1009 2245 1101 2286 adigi
1117 2244 1289 2283 intelligit.
1335 2244 1469 2284 Legunt
1485 2244 1540 2274 alii
1555 2244 1626 2283 lieu,
1641 2243 1712 2283 heu,

1006 2300 1164 2336 essetque
1182 2293 1436 2324 attribuendum
1453 2294 1608 2335 sequenti
1636 2303 1710 2326 sen-

1006 2346 1136 2384 tentiae,
1166 2354 1344 2385 perquam
1368 2345 1488 2375 Damae
1506 2344 1623 2384 religio
1641 2344 1710 2375 risu

1002 2396 1189 2427 excutitur.

1049 2448 1111 2476 138
1134 2446 1234 2482 Baro,
1249 2444 1529 2485 regust11twn-,33-c.]
1554 2443 1709 2476 Avaritia

1006 2496 1123 2532 instat,
1151 2500 1186 2525 et
1211 2496 1420 2534 paupertatis
1445 2499 1569 2525 metum
1585 2494 1710 2527 incutit

1007 2546 1137 2584 Damae,
1164 2550 1200 2576 ut
1222 2545 1419 2585 religionem
1436 2545 1549 2576 elevet
1565 2545 1707 2579 adimat-

1007 2606 1086 2638 que.
1149 2594 1248 2627 Adeo
1276 2595 1419 2626 stolidus
1447 2605 1495 2634 e5‚
1520 2596 1644 2637 inquit,
1669 2599 1708 2627 ut

1007 2646 1109 2678 miser
1124 2656 1194 2678 esse
1209 2646 1318 2686 malis,
1341 2656 1441 2688 quam
1457 2647 1592 2678 mentiri
1607 2650 1643 2678 et
1653 2646 1724 2688 ju.
