1888 3032
293 150 349 189 (is
810 158 854 187 A.
889 156 1050 187 rmzsn
1086 157 1255 188 FLAoci

735 539 918 598 SAT
937 540 966 595 Ι
986 540 1050 596 R
1070 540 1121 594 Α
1193 540 1322 596 ΙΙΙ.

847 814 1209 847 ARGUMENTUM.

342 931 500 965 MoLLEm
517 943 556 965 ac
572 933 775 965 desidiosam
788 934 1010 975 juventutem
1024 935 1226 974 Romanam,
1242 933 1362 974 opibus
1378 938 1413 965 et
1429 933 1607 965 nobilitate
1623 932 1759 974 fretam,

299 986 426 1018 acriter
438 987 575 1018 Persius
590 987 652 1019 sub
670 998 815 1029 persona
832 988 1021 1028 philosophi
1035 988 1141 1019 Stoici
1156 988 1373 1028 perstringit.
1404 987 1659 1019 Sententiarum
1675 987 1758 1018 ordo

295 1039 350 1070 hic
368 1043 431 1070 est.
476 1040 659 1071 Dormiunt
676 1041 822 1081 juvenes
843 1040 1018 1072 delicatuli
1043 1041 1076 1071 in
1107 1042 1249 1072 multam
1265 1040 1365 1072 diem.
1382 1044 1439 1080 4.;
1471 1040 1615 1072 excitati
1642 1049 1759 1071 somno

294 1091 418 1122 morosi
434 1097 587 1133 surgunt,
603 1093 785 1133 accingunt
801 1104 836 1125 se
858 1094 980 1134 labori,
997 1095 1206 1135 desidiaeque
1229 1095 1357 1125 crimen
1373 1094 1468 1126 vanis
1483 1093 1759 1125 excusationibus

294 1143 446 1184 effugere
464 1149 611 1177 tentant.
628 1149 680 1177 14.
726 1148 827 1178 Hanc
845 1148 1010 1179 rationem
1027 1148 1193 1188 puerilem
1218 1158 1339 1189 magna
1360 1158 1435 1179 cum
1451 1147 1684 1187 indignatione
1703 1156 1760 1177 ex·

294 1197 437 1237 probrat
465 1198 628 1238 magister
655 1199 793 1239 adultis,
810 1205 1058 1241 monstratque,
1075 1211 1132 1232 eos
1158 1201 1376 1242 sibimetipsis
1393 1201 1495 1232 verba
1511 1201 1593 1232 dare
1608 1210 1677 1231 non
1692 1209 1762 1231 rna-

294 1249 414 1290 gistro,
430 1251 562 1292 sibique
587 1261 712 1283 nocere
738 1263 867 1284 summa
888 1253 1031 1284 mollitie
1047 1254 1264 1294 depravatos.
1292 1257 1344 1285 22.
1391 1253 1574 1285 Formandi
1597 1253 1761 1293 fingendi-

294 1312 360 1343 que
376 1303 419 1333 ad
436 1304 569 1334 virtutis
587 1311 761 1345 praecepta
778 1305 880 1336 animi
907 1316 996 1336 nunc
1023 1307 1169 1337 ma’xime
1194 1311 1329 1347 tempus
1356 1307 1495 1338 instare.
1516 1309 1567 1337 24.
1585 1317 1594 1345 ;
1624 1306 1762 1337 divitias

293 1366 333 1388 ac
361 1356 576 1387 nobilitatem
605 1358 647 1388 ad
676 1358 762 1389 bene
785 1358 955 1399 beateque
977 1359 1158 1390 vivendum
1175 1360 1310 1391 minime
1324 1360 1491 1391 sufficere.
1508 1363 1561 1391 29.
1608 1360 1760 1392 Quarum

294 1419 408 1440 rerum
425 1414 642 1441 externarum
666 1412 883 1451 splendorem
906 1413 1022 1443 oculos
1050 1413 1189 1453 quidem
1216 1423 1313 1454 posse
1338 1413 1569 1454 perstringere
1585 1412 1759 1453 imperito-

294 1472 381 1502 rum,
396 1462 559 1502 sapientis
575 1473 640 1494 non
658 1464 751 1495 item.
769 1468 821 1496 30.
868 1465 1098 1496 Miserrimam
1124 1476 1196 1497 esse
1219 1467 1452 1498 conditionem
1480 1475 1608 1506 eorum,
1635 1465 1692 1507 qui
1709 1475 1759 1496 re-

291 1515 375 1547 licta
392 1516 519 1546 virtute
536 1516 677 1557 scirent,
693 1518 773 1558 quid
799 1519 1042 1559 perdidissent.
1068 1522 1121 1551 34.
1166 1520 1207 1550 Id
1225 1521 1315 1561 quod
1332 1521 1439 1561 magis
1457 1521 1645 1551 illustratur
1663 1518 1758 1550 brevi

292 1568 503 1609 digressione
519 1570 552 1600 in
570 1571 706 1601 virtutis
721 1572 953 1611 praestantiam
970 1577 1005 1602 et
1020 1573 1236 1604 conscientiae
1255 1574 1422 1613 stimulos,
1449 1573 1570 1614 quibus
1596 1573 1684 1603 illius
1701 1572 1758 1602 de-

296 1625 445 1652 sertores
462 1632 525 1653 ceu
541 1623 717 1654 Furiarum
734 1624 831 1654 taedis
848 1625 1076 1664 exagitantur.
1091 1627 1143 1655 43.
1190 1626 1409 1656 Communem
1422 1625 1559 1666 quidem
1575 1634 1759 1665 puerorum

292 1684 546 1715 morem,quam
563 1677 673 1706 aversi
700 1686 719 1706 a
747 1678 851 1708 rectis
876 1678 998 1709 studiis
1014 1688 1089 1709 esse
1109 1679 1252 1718 soleant,
1279 1679 1467 1720 quibusque
1491 1679 1593 1710 rebus
1619 1679 1759 1709 ludicris

294 1727 442 1758 maxime
467 1732 661 1769 teneantur,
688 1731 845 1771 exemplo
879 1740 920 1761 ex
943 1741 1003 1761 sua
1030 1731 1136 1770 ipsius
1165 1732 1311 1771 pueritia
1336 1732 1440 1762 ducto
1458 1731 1681 1763 demonstrat.
1704 1734 1758 1762 51.

294 1780 362 1812 Sed
374 1781 462 1819 illos,
480 1782 638 1822 cumjam
654 1793 696 1813 ex
713 1784 854 1823 ephebis
871 1785 1095 1825 excesserint,
1124 1789 1226 1826 atque
1248 1785 1282 1815 id
1300 1785 1411 1816 aetatis
1428 1785 1507 1823 sint,
1530 1790 1567 1816 ut
1590 1789 1722 1816 rectum
1739 1794 1759 1814 a

292 1844 398 1875 pravo
421 1835 619 1874 dignoscere
637 1841 774 1877 queant,
791 1838 1005 1868 nihilominus
1027 1843 1139 1868 tamen
1155 1838 1241 1868 mira
1258 1838 1402 1879 quadam
1427 1838 1638 1879 negligentia
1653 1837 1685 1868 in
1702 1837 1759 1868 de-

293 1887 430 1928 ligendo
447 1889 506 1920 sibi
525 1893 618 1920 certo
637 1891 748 1931 aliquo
764 1891 844 1922 vitae
863 1900 987 1931 genere
1005 1901 1090 1931 esse,
1106 1890 1250 1931 ideoque
1267 1891 1339 1922 sine
1357 1890 1448 1922 omni
1464 1889 1573 1922 futuri
1587 1900 1680 1922 cura.
1703 1893 1758 1922 62.

293 1941 335 1972 In
353 1946 507 1982 tempore
523 1943 549 1973 si
573 1943 774 1975 adhibeatur
791 1944 973 1983 medicina,
991 1954 1147 1984 magnum
1165 1945 1236 1984 ejus
1251 1954 1347 1975 usum
1365 1954 1437 1975 esse
1452 1955 1460 1982 ;
1486 1943 1628 1984 perditis
1644 1947 1758 1974 autem
1786 1971 1791 1977 .

293 1995 399 2025 semel
425 1996 574 2026 moribus
603 1997 782 2037 sapientiae
812 2002 988 2037 praecepta
1004 2007 1080 2028 raro
1102 1997 1243 2027 mederi.
1260 2000 1312 2028 76.
1361 1997 1604 2027 Doctrinarum
1622 1996 1759 2037 quidem

293 2047 448 2087 magistri
468 2059 487 2078 a
500 2049 645 2089 stupidis
662 2050 824 2089 derideri,
843 2051 1071 2090 tetricamque
1087 2050 1235 2089 ipsorum
1251 2059 1290 2080 ac
1307 2059 1474 2080 morosam
1499 2049 1757 2089 philosophiam,

293 2104 333 2130 ut
348 2100 449 2140 vulgo
466 2101 682 2141 perhibeant,
698 2112 763 2133 non
789 2103 900 2133 curari
925 2105 1001 2141 87.;
1027 2102 1183 2142 exemplo
1207 2106 1320 2132 tamen
1349 2101 1390 2132 ab
1420 2106 1549 2142 angi-oto
1573 2105 1682 2132 sumto
1699 2101 1756 2132 de-

292 2157 473 2192 monstrat,
501 2164 599 2194 quam
629 2155 856 2194 periculosum
884 2156 941 2194 sit,
968 2155 1089 2185 medici
1119 2154 1258 2185 consilia
1274 2155 1477 2194 neglexisse,
1503 2154 1756 2195 saepissimeque

293 2210 439 2237 mortem
455 2207 550 2247 hujus
575 2208 751 2248 neglectus
782 2218 914 2248 poenam
933 2217 1017 2238 esse.
1044 2210 1134 2238 106..
1162 2207 1210 2238 Ut
1227 2207 1378 2247 corporis
1393 2207 1502 2237 morbi
1518 2216 1756 2248 nonnunquam

291 2259 436 2299 lateant,
449 2270 556 2301 eoque
570 2261 803 2292 vehementius
819 2262 885 2301 vim
897 2271 989 2291 suam
1006 2261 1119 2291 subito
1133 2270 1274 2291 exerere
1290 2261 1438 2291 soleant:
1472 2260 1519 2290 sic
1538 2261 1639 2291 etiam
1655 2260 1756 2292 animi

292 2313 550 2351 commotiones,
578 2315 756 2345 occasione
783 2314 919 2354 oblatae,
947 2315 1057 2345 solere
1084 2325 1118 2345 se
1144 2314 1336 2348 ostendere.
1354 2316 1426 2344 111.
1472 2314 1634 2354 Magnam
1652 2313 1755 2354 igitur

291 2374 407 2395 curam
424 2366 519 2396 nobis
535 2366 760 2398 adhibendam
778 2378 865 2407 esse,
882 2373 932 2407 ut,
949 2368 1079 2398 etiamsi
1098 2368 1162 2398 vim
1192 2368 1335 2408 alicujus
1351 2366 1459 2397 morbi
1478 2376 1542 2396 non
1559 2366 1755 2406 sentiamus,

291 2426 423 2448 omnem
441 2422 554 2448 tamen
570 2419 780 2459 diligentiam
797 2420 830 2450 in
858 2419 1107 2460 nobismetipsis
1136 2420 1287 2452 tutandis
1315 2419 1506 2460 futurisque
1533 2419 1659 2450 morbis
1675 2428 1752 2451 cum

291 2471 445 2511 corporis
461 2476 532 2502 tum
547 2471 647 2502 animi
660 2473 872 2504 occurrendo
889 2482 1068 2514 ponamus.
