1888 3032
225 118 311 160 304
556 126 812 159 Rssansus
845 126 1068 156 conicum
1104 126 1149 155 A.
1185 127 1362 157 PERsu.

286 224 404 265 Intcr
436 222 726 264 Burncienses
761 219 894 260 codd.
927 232 1014 260 non
1046 232 1160 260 nunc
1192 232 1471 261 numeramus
1506 233 1582 262 eos
1614 221 1691 262 ubi

227 293 256 334 J
261 306 329 332 uv.
353 298 395 332 et
418 291 597 331 Persius
620 288 839 343 conjuncti
860 288 1149 340 inveniantur;
1179 287 1233 328 de
1252 288 1320 328 his
1339 289 1454 329 enim
1468 290 1563 344 jam
1583 289 1694 330 satis

229 362 271 400 in
293 361 380 400 ulio
403 359 501 398 loco
523 357 688 397 dictum
710 361 788 396 est.

287 427 375 467 His
413 427 561 466 forsan
601 424 831 478 adjiciatur
867 422 1117 477 exemplare
1152 422 1257 464 edit.
1294 421 1395 463 Lut.
1430 422 1531 464 Svo.
1565 422 1695 464 1590.

230 496 347 549 typis
368 494 542 548 quidem
565 494 837 545 impressum,
864 495 991 530 notas
1014 504 1117 531 vero
1140 489 1253 531 Mss.
1274 490 1328 531 cl.
1351 490 1536 532 Bentleii
1558 490 1696 532 conti-

230 575 347 604 nens.
377 561 482 603 vid.
513 558 624 601 Brit.
655 558 764 598 Mus.
792 556 887 597 Cat.
911 559 993 598 sub
1018 556 1179 599 Persio.

287 629 440 671 Alium
461 630 592 670 etiam
622 628 781 668 librum
814 627 1015 680 impress.
1047 626 1131 667 hoc
1165 626 1254 666 loci
1287 625 1561 678 indicamus;
1592 625 1698 667 Per-

231 699 343 741 sium
363 710 535 751 nempe,
557 697 658 737 8vo.
680 695 777 736 Lut.
798 695 926 736 1585.
946 707 1047 735 cum
1066 694 1180 734 notis
1203 693 1317 734 Mss.
1341 693 1402 736 Is.
1427 692 1696 736 Casauboni.

235 764 350 806 Brit.
374 763 487 805 BIus.
513 762 653 804 Catal.
677 765 757 804 sub
785 760 942 803 Persio.

801 829 968 871 Codices
994 828 1129 870 Oxou.

292 901 425 951 Quod
457 900 513 941 ad
549 900 676 941 codd.
698 899 819 940 Pers.
847 897 970 939 Bodl.
994 902 1179 952 spectat,
1202 911 1302 952 quae
1323 897 1472 952 'supra
1508 897 1700 939 diximus

235 969 466 1018 sufficiant,
488 969 564 1009 ubi
584 967 611 1009 J
618 981 689 1009 uv.
720 972 762 1008 et
797 967 921 1008 Pers.
944 966 1072 1008 codd.
1105 966 1368 1021 conjunctos
1400 966 1701 1010 tractavimus.

234 1036 450 1090 Accipias
471 1040 611 1076 tamen
636 1033 835 1075 canonici
858 1034 954 1075 Lat.
971 1034 1046 1074 46.
1065 1033 1192 1075 Pers.
1215 1033 1307 1074 Sat.
1329 1033 1399 1074 cui
1418 1032 1596 1074 Horatii
1616 1031 1703 1073 Ars

236 1103 421 1145 Poetica
442 1103 726 1157 subjungitur.

292 1170 424 1222 Quod
447 1170 503 1211 ad
522 1169 852 1219 d’Orvillianos,
871 1169 1053 1210 Persius
1073 1167 1103 1209 J
1106 1167 1279 1210 uvenali
1296 1168 1587 1223 subjungitur.

748 1235 916 1277 Codices
941 1234 1141 1276 Cantabr.

296 1306 505 1347 Similiter
526 1305 758 1346 dicendum
778 1309 846 1346 est
864 1304 922 1345 de
944 1301 1370 1358 Cantabrigiensibus.
1427 1302 1608 1343 Persius
1631 1315 1704 1344 ac-

240 1374 472 1430 cipiendus
493 1378 559 1415 est
579 1372 845 1426 conjunctim
869 1384 968 1413 cum
993 1371 1021 1412 J
1026 1371 1208 1412 uvenale
1227 1370 1303 1425 (de
1336 1383 1424 1424 quo
1457 1370 1610 1411 videas
1631 1383 1705 1411 su-

237 1440 355 1496 pra),
387 1441 570 1482 sednon
591 1441 843 1494 separatim,
878 1439 964 1481 nisi
998 1439 1043 1480 in
1069 1452 1158 1480 uno
1192 1438 1360 1480 Codice
1389 1439 1468 1491 qui
1494 1438 1598 1478 olim
1620 1437 1705 1479 suit

238 1509 422 1551 Thomae
445 1508 573 1558 Gale,
608 1521 722 1548 nunc
761 1507 881 1548 Trin.
917 1505 1028 1548 Coll.
1079 1505 1191 1548 Cod.
1219 1505 1441 1559 antiquus,
1463 1505 1703 1547 membran.

241 1577 479 1625 continens,
509 1590 606 1616 cum
630 1575 742 1625 ali-is,
768 1575 911 1615 Persii
946 1573 1130 1624 Satiras,
1153 1585 1264 1626 quas
1294 1576 1408 1613 notae
1427 1572 1640 1626 plurimae,
1661 1576 1706 1614 et

244 1642 448 1699 informis
468 1644 651 1692 curiosis,
673 1642 947 1682 comitantur.

819 1706 955 1748 Codex
976 1706 1134 1747 Scotus.

300 1778 351 1819 In
372 1777 568 1818 biblioth.
597 1775 926 1817 Advocatorum
961 1774 1077 1827 apud
1114 1773 1235 1814 Scot.
1268 1777 1334 1813 est
1366 1772 1462 1813 cod.
1500 1772 1591 1814 Ms.
1621 1786 1706 1815 sex

243 1847 334 1888 Sat.
356 1845 500 1887 Persii
520 1844 767 1886 continens:
799 1843 886 1883 alia
906 1843 1036 1884 etiam
1058 1842 1263 1884 continet.
1282 1840 1385 1882 Svo.
1405 1841 1640 1882 membran.

312 1985 361 2027 P.
380 1986 423 2027 S.
469 1987 557 2027 His
588 1986 734 2034 finitis,
757 1986 859 2027 dum
880 1986 1054 2039 paginae
1077 1984 1158 2024 sub
1178 1983 1317 2038 praelo
1349 1986 1463 2032 sunt,
1486 1981 1708 2036 subjungi-

245 2068 342 2096 mus
363 2055 472 2095 duos
492 2055 669 2095 codices
690 2054 847 2103 Persii,
874 2054 918 2093 in
938 2052 1201 2093 bibliotheca
1220 2051 1343 2091 Trin.
1364 2049 1476 2090 Coll.
1498 2049 1707 2100 Cantab.;

246 2122 391 2163 Notas
415 2122 529 2162 Mss.
558 2121 613 2162 T.
638 2120 781 2171 Galei,
804 2122 849 2161 in
870 2121 1087 2169 Persium,
1110 2120 1153 2160 in
1172 2120 1323 2160 eadem
1351 2119 1553 2160 biblioth.
1572 2118 1709 2158 laten-

247 2197 325 2238 tcS,
348 2194 405 2238 et,
426 2190 470 2229 ni
490 2188 695 2236 fallimur,
717 2200 938 2241 nunquam
960 2186 1278 2240 promulgatas-3
1309 2191 1351 2227 et
1372 2186 1490 2240 apud
1509 2185 1707 2226 biblioth.

248 2256 421 2297 Scholae
443 2255 690 2304 Etonensis,
711 2268 846 2296 unum
861 2255 957 2296 cod.
974 2255 1273 2295 commentarii
1290 2256 1334 2294 in
1348 2254 1564 2302 Persium,
1578 2265 1710 2293 unum

246 2323 350 2363 item
377 2324 577 2363 Persium
600 2326 641 2362 et
670 2322 697 2363 J
703 2323 929 2363 uvenalem
952 2322 1257 2370 continentem,
1280 2326 1322 2362 et
1355 2321 1489 2361 alium
1516 2319 1545 2360 J
1552 2331 1711 2360 uvena-

248 2389 333 2429 lem
355 2391 446 2429 sine
468 2389 647 2439 Persi03
678 2395 721 2430 et
741 2391 871 2430 etiam
902 2390 1060 2429 librum
1080 2389 1339 2441 impressum
1352 2387 1559 2428 Juvenal.
1582 2384 1707 2439 (edit.

249 2455 405 2496 Milan.
430 2453 581 2507 1746.)
606 2469 702 2495 cum
724 2457 839 2495 notis
858 2456 966 2497 MSS,
1018 2456 1118 2496 Hos
1139 2456 1318 2496 codices
1339 2456 1470 2506 longo
1484 2454 1577 2507 jam
1602 2457 1710 2493 tem-

249 2535 357 2577 pore
389 2521 548 2563 abhinc
568 2521 612 2560 in
634 2521 831 2561 biblioth.
852 2521 1059 2561 Etonensi
1080 2521 1250 2574 positos
1271 2534 1410 2575 usque
1432 2520 1489 2560 ad
1513 2511 1709 2573 praesens

251 2589 380 2630 sedes
412 2588 615 2642 proprias
635 2600 880 2640 occupasse
901 2587 1046 2627 edocti
1069 2600 1222 2627 sumus
1244 2588 1300 2628 ab
1321 2586 1494 2627 erudito
1515 2586 1710 2640 ejusdem

252 2656 468 2709 Magistro
504 2655 682 2705 scholae,
717 2654 762 2696 J.
789 2654 949 2706 Keate,
970 2653 1130 2695 S.T.P.
1164 2656 1237 2695 cui
1272 2654 1329 2695 ob
1361 2653 1707 2695 benevolentiam

253 2724 404 2777 gratiae
427 2724 583 2765 debent
603 2723 763 2764 referri.
