1888 3032
767 180 946 211 SA'HRA
981 181 1046 213 tv.

153 274 269 318 Ante
289 275 405 316 diem
421 274 582 316 blando
597 275 784 317 caudam
799 275 969 330 jactare
984 275 1163 331 popello

1555 172 1612 215 99

1554 280 1611 320 15

153 342 345 391 Desinis,
367 341 605 395 Anticyras
625 342 774 383 melior
791 343 968 384 sorbere
991 345 1221 386 meracas?

154 409 266 461 Quae
289 411 367 451 tibi
388 423 558 451 summa
570 411 674 451 boni
695 410 791 452 est?
822 415 955 453 uncta
973 412 1144 453 vixisse
1163 413 1327 466 patella

152 477 349 532 Semper,
370 482 413 518 et
434 477 618 519 assiduo
639 481 790 518 curata
810 478 1001 518 cuticula
1020 479 1126 520 sole.

107 533 116 542 ’
152 543 380 599 Expecta:
410 544 526 585 haud
550 543 670 585 aliud
691 543 955 596 respondeat
974 543 1070 585 haec
1092 558 1215 587 anus.
1249 547 1272 588 Ι
1285 561 1417 602 nune;

150 687 209 709 non
221 687 319 709 cessas
333 678 444 718 populo
459 676 628 708 blandienti
646 676 776 715 frustra
798 680 952 709 ostentare
966 679 1109 718 caudam,
1125 683 1196 711 ante
1210 685 1330 722 tempus
1339 693 1350 718 ,·
1372 684 1476 723 aptior
1491 682 1611 717 ebibere

150 721 321 761 Anticyras
334 718 457 751 meras?
508 719 596 754 Quod
614 720 672 750 tibi
685 719 857 758 fastigium
872 724 916 751 est
925 720 1119 759 felicitatis?
1165 724 1300 764 Nempe
1315 726 1459 757 victitare
1474 727 1612 765 quotidie

150 765 234 794 lauta
247 763 379 804 patina.-
402 767 431 794 et
455 763 547 803 pellis
566 763 709 794 continuo
724 766 818 794 uncta
843 764 883 794 ad
899 763 1013 795 Solem.
1038 765 1097 795 Sta
1120 766 1286 807 paulisper.

1332 768 1442 799 Vetula
1466 769 1525 800 ista
1550 779 1611 800 non

810 871 951 904 NOTAE

193 949 232 977 15
256 947 341 977 Ante
353 945 450 986 diem]
481 944 572 977 Ante
590 946 676 986 pilos
692 949 728 977 et
744 950 850 977 matu-

149 1004 221 1026 rum
237 1001 381 1036 tempus.

192 1047 316 1077 Blando
342 1045 476 1087 popello]
516 1046 583 1078 Qui
613 1046 852 1080 blandimentis

148 1102 320 1138 captatur,
336 1101 372 1129 et
387 1106 496 1128 rerum
509 1102 726 1129 externarum
739 1100 853 1140 specie

150 1152 186 1180 et
202 1157 336 1189 pompa.

195 1200 333 1231 Catulum
347 1199 485 1239 jactare]
532 1199 674 1239 Desine,
698 1210 717 1231 ο
746 1201 852 1242 Nero,

149 1251 294 1291 teipsum
312 1255 486 1280 ostentare
501 1249 535 1280 in
555 1254 650 1281 veste
668 1251 852 1292 triumpha-

148 1301 183 1340 li,
202 1300 244 1331 ad
269 1309 383 1331 auram
410 1301 609 1340 popularem
633 1302 850 1341 captandam.

149 1352 285 1384 Cornel.
301 1351 415 1383 Tacit.
428 1350 554 1382 Annal.
566 1351 625 1382 lib.
640 1360 722 1382 xm.
738 1353 851 1384 Meta·

147 1402 256 1443 phora
273 1402 327 1433 vel
353 1411 373 1432 a
397 1401 597 1441 pavonibus,
623 1403 680 1443 qui
706 1403 849 1434 caudam

147 1457 300 1484 rotantes
324 1462 360 1482 se
386 1451 532 1482 foeminis
563 1452 724 1491 jactant;
754 1454 808 1484 vel
833 1463 853 1484 a

147 1503 287 1535 canibus
317 1502 452 1533 domino
475 1511 548 1542 suo,
579 1502 708 1542 agitata
734 1503 852 1544 cauda,

148 1553 374 1585 adulantibus.

191 1606 232 1636 16
257 1601 442 1643 Anticyras]
474 1603 571 1633 Duas
587 1602 710 1634 Strabo
726 1603 785 1634 lib.
801 1613 850 1636 1x.

147 1655 265 1695 refert,
282 1655 446 1686 Horatius
464 1655 496 1685 in
514 1654 706 1695 Arte,tres,
722 1655 779 1686 ubi
793 1656 850 1695 ait,

154 1706 210 1738 ‘Si
242 1706 351 1738 tribus
386 1705 561 1746 Anticyris
587 1710 691 1746 caput
721 1706 853 1737 insana·

148 1757 238 1796 bile,’
257 1759 322 1787 ἃς.
357 1755 481 1787 Insulae
494 1759 572 1786 sunt
586 1756 619 1786 in
636 1756 709 1787 sinu
727 1757 853 1795 OEtaeo,

149 1817 207 1838 seu
235 1807 397 1845 Maliaco,
436 1805 478 1836 ad
517 1805 762 1846 Phthiotidem,
792 1816 853 1837 seu

146 1854 377 1893 'I'liessaliam3
401 1856 435 1886 in
459 1855 581 1896 quibus
601 1856 739 1896 copiose
763 1865 852 1887 cres-

147 1907 196 1938 ci't
212 1905 413 1943 elleborum,
426 1914 492 1945 quo
519 1905 660 1936 hominis
686 1906 851 1936 insaniam

147 1960 184 1988 et
213 1956 332 1987 noxios
361 1954 517 1985 humores
544 1954 730 1993 emendari,
758 1956 851 1996 iuge-

146 2006 239 2038 nium
267 2005 354 2044 acui,
384 2008 558 2035 testantur
583 2004 672 2035 Plin.
707 2013 794 2036 xxv.
818 2010 850 2037 5.

149 2055 241 2088 Gen.
265 2064 354 2086 xvn.
373 2058 424 2086 15.
451 2054 592 2085 Sueton.
611 2055 754 2095 Calignl.
774 2065 850 2097 cap.

148 2109 203 2137 29.
216 2105 304 2136 Vide
319 2104 477 2137 Juvenal.
494 2104 568 2135 Sat.
587 2113 668 2136 xnl.
687 2116 735 2136 vs,
752 2109 806 2138 97.

192 2156 309 2187 Melior
322 2157 457 2198 sorbere]
483 2156 617 2186 Phrasis
631 2157 754 2188 Graeca
767 2158 849 2189 Per-

149 2205 199 2236 sio
213 2204 404 2236 familiaris.
451 2207 491 2237 ld
505 2215 569 2246 est,
585 2212 621 2237 tu
636 2207 748 2247 potius
765 2208 849 2238 vitia

150 2260 210 2286 tua
225 2265 386 2296 purgare,
399 2267 497 2298 quam
514 2257 597 2287 alios
614 2266 733 2297 regere
749 2258 850 2288 debe-

148 2315 203 2336 res
218 2317 225 2336 :
242 2306 313 2347 jam
327 2306 415 2336 enim
433 2317 468 2338 se
492 2307 606 2347 prodit
622 2307 778 2347 improba
793 2312 852 2338 tna

147 2355 292 2395 indoles,
311 2367 500 2398 quanquam
515 2359 689 2389 occultare
705 2358 837 2389 niteris.

191 2407 349 2447 Memnone]
377 2407 498 2439 Horat.
523 2408 632 2448 Epist.
648 2418 689 2439 11.
705 2411 736 2440 2.
760 2410 770 2425 ⁴
786 2409 852 2440 Ex-

148 2456 237 2496 pulit
249 2457 397 2488 elleboro
420 2458 573 2489 morbum
599 2458 769 2500 bilemque
786 2468 852 2489 me-

150 2507 250 2538 racc?

193 2563 234 2591 17
258 2561 339 2596 Quae
367 2562 427 2592 tibi
448 2571 566 2593 summa
592 2562 660 2593 bom·
683 2562 744 2602 est]
783 2562 851 2594 Sed

150 2612 190 2639 ut
210 2611 317 2651 magis
342 2612 443 2642 etiam
470 2617 648 2652 appareat,
678 2622 777 2653 quam
807 2613 852 2643 sis

151 2657 307 2698 indignus
326 2660 486 2702 Imperio,
505 2662 572 2702 dic,
587 2671 703 2703 quaeso
719 2673 727 2692 ε
751 2671 853 2702 quem

153 2706 215 2738 tibi
227 2706 327 2748 fingis
339 2710 495 2742 ultimum
509 2711 632 2743 finem?
655 2711 756 2745 Quod
768 2721 854 2744 sum-

905 956 994 977 mum
1009 947 1152 979 hominis
1165 949 1287 980 bonum
1306 950 1370 981 tibi
1390 950 1524 981 videtur
1541 952 1551 981 ?

954 998 1056 1029 Uncto
1070 999 1185 1030 vixisse
1198 1000 1332 1040 patella]
1356 1001 1463 1032 Laute
1480 1002 1614 1033 scilicet

908 1050 1049 1089 epulari,
1062 1055 1096 1080 et
1108 1051 1285 1092 exquisitis
1298 1050 1382 1083 cibis
1398 1052 1498 1083 vesci.
1526 1052 1614 1083 Hor.

907 1100 1017 1140 Epist.
1057 1110 1081 1132 ι.
1106 1103 1136 1131 6.
1185 1102 1247 1132 ‘Si
1286 1102 1372 1133 bene
1401 1102 1458 1143 qui
1489 1107 1615 1143 coenat,

908 1150 994 1181 bene
1022 1151 1122 1190 vivit;
1146 1151 1253 1192 lucet,
1276 1162 1390 1184 eamus
1414 1154 1492 1186 Quo
1517 1154 1611 1185 ducit

907 1201 1010 1241 gula.'

950 1254 989 1282 18
1012 1252 1146 1283 Assiduo
1161 1256 1269 1284 curata
1284 1255 1416 1284 cuticula
1430 1255 1506 1295 sole]
1568 1254 1610 1285 In

909 1301 985 1332 Sole
998 1303 1159 1343 apricari,
1172 1303 1353 1335 cuticulam
1370 1304 1474 1343 probe
1491 1313 1612 1335 curare

908 1356 1011 1394 atque
1041 1354 1198 1386 insolare.
1249 1355 1385 1396 Nempe
1415 1356 1448 1386 in
1480 1355 1613 1386 deliciis

906 1403 1077 1435 habebant
1107 1409 1239 1436 veteres
1268 1405 1389 1445 hyeme
1417 1405 1460 1436 ad
1487 1407 1613 1445 ignem,

907 1457 1027 1484 aestate
1050 1454 1092 1484 ad
1123 1456 1230 1486 Solem
1260 1456 1334 1487 oleo
1364 1465 1486 1497 corpus
1514 1457 1612 1487 inun-

908 1512 1002 1543 gere,
1028 1513 1096 1544 quo
1127 1503 1260 1536 facilius
1296 1505 1380 1536 illud
1416 1506 1612 1545 imbffieret,

905 1563 1013 1594 eoque
1046 1554 1220 1586 robustum
1259 1554 1358 1587 fieret
1385 1566 1424 1587 ac
1451 1557 1608 1588 nitidum.

906 1603 1056 1635 Martial.
1082 1605 1182 1645 Epig.
1201 1614 1237 1637 x.
1256 1609 1308 1638 12.
1331 1608 1340 1623 ‘
1359 1606 1387 1646 I,
1403 1617 1548 1647 precor;
1575 1613 1612 1639 et

906 1657 994 1684 totos
1039 1654 1140 1685 avida
1180 1661 1260 1687 cute
1301 1657 1459 1688 combibe
1502 1658 1613 1690 Soles.

909 1704 1019 1736 Quam
1042 1704 1208 1737 formosus
1237 1706 1301 1737 eris
1313 1708 1331 1737 !’
1355 1706 1432 1738 Hoc
1456 1711 1492 1738 et
1514 1717 1613 1748 supe-

908 1754 987 1786 riori
1002 1755 1078 1786 loco
1104 1759 1224 1787 notata
1248 1756 1395 1788 Neronis
1412 1756 1481 1788 vita
1498 1758 1614 1798 volup·

908 1805 996 1836 taria
1018 1810 1121 1846 atque
1139 1807 1382 1848 intemperanS,
1398 1808 1440 1838 de
1456 1818 1521 1849 qua
1538 1818 1614 1849 pas-

908 1855 972 1885 sim
988 1855 1180 1888 Suetonius.

950 1908 990 1936 19
1014 1906 1171 1946 Expecta]
1208 1907 1395 1938 Contendit
1432 1907 1612 1938 Marcilius

906 1956 1098 1996 legendum,
1131 1958 1182 1987 En
1203 1960 1320 1997 specta,
1347 1958 1494 1988 vicinam
1520 1958 1610 1988 scili-

905 2010 961 2037 cet
975 2015 1075 2037 anum
1092 2007 1288 2038 olerariam:
1315 2013 1349 2038 et
1374 2008 1450 2038 vide
1477 2013 1513 2038 te
1540 2017 1608 2039 non

905 2056 1012 2096 magis
1029 2066 1128 2097 quam
1142 2057 1233 2087 illam
1245 2066 1377 2098 sapere.
1423 2057 1610 2099 Refragan-

904 2110 959 2136 tur
984 2106 1202 2138 Casaubonus
1226 2112 1261 2138 et
1285 2107 1365 2146 ali‘13
1389 2111 1426 2139 et
1450 2117 1493 2138 ex
1519 2117 1608 2139 com-

903 2158 994 2188 muni
1018 2159 1168 2189 lectione
1189 2158 1484 2199 interpretantur:
1510 2168 1608 2190 mane

903 2209 1085 2247 tantulum,
1124 2213 1160 2239 et
1207 2214 1473 2249 praetereuntem
1521 2208 1611 2240 forte

905 2259 1138 2289 mulierculam
1160 2259 1327 2290 olitricem
1345 2259 1610 2299 interrogemus,

907 2308 986 2349 quid
1002 2309 1167 2349 optimum
1180 2309 1213 2338 iu
1230 2309 1459 2349 vitajudicet.
1506 2309 1610 2340 Certe

906 2359 993 2389 idem
1011 2358 1100 2399 quod
1119 2364 1155 2389 tu
1179 2368 1270 2398 mox,
1286 2359 1328 2389 de
1345 2358 1411 2389 fine
1429 2359 1548 2390 ultimo
1573 2365 1610 2390 et

905 2419 1033 2440 summo
1048 2409 1146 2449 bono,
1164 2410 1385 2450 respondebit
1400 2411 1469 2441 illa.

950 2460 1077 2500 Immc]
1095 2460 1178 2491 Post
1192 2461 1259 2491 tale
1275 2461 1436 2501 probrum
1455 2462 1610 2501 i,p‹²rge;

908 2515 1044 2542 ostenta
1058 2511 1192 2551 generis
1208 2510 1422 2542 nobilitatem
1440 2515 1476 2541 et
1493 2519 1611 2550 corpo-

905 2561 950 2591 ris
966 2559 1153 2600 formam,si
1171 2560 1277 2601 lubet,
1294 2560 1373 2590 dum
1389 2561 1465 2599 plus
1480 2569 1610 2597 eapien-

910 2612 966 2642 tiae
989 2621 1056 2642 non
1078 2611 1233 2650 habebis,
1256 2621 1276 2641 o
1303 2610 1485 2648 Princeps,
1513 2617 1611 2648 qnam

909 2662 984 2692 vilis
1011 2662 1173 2703 qualibet
1200 2668 1281 2693 anus
1301 2659 1456 2701 imperita
1492 2663 1526 2689 et
1554 2668 1610 2690 ve-

909 2721 1004 2744 sana.
