1888 3032
211 126 301 169 280

205 231 268 264 bus
284 232 496 273 captivorum
509 239 602 262 arma
615 231 649 261 in
660 230 829 271 judicium
844 231 913 262 vic-

208 284 304 315 toriae
321 282 569 324 adfigebantur.
598 280 712 313 Lubin.

248 336 291 364 46
317 331 516 372 Chlamydes]
536 331 683 372 Chlamys
697 335 774 362 erat
790 330 912 362 milita-

203 382 249 414 ris
266 383 378 421 vestis,
393 381 494 422 pallio
508 381 693 422 astrictior,
710 386 746 413 et
762 381 911 413 brevior.

202 434 356 472 ——Lutea,
367 432 435 472 ἔγω]
452 432 575 464 Vestes
590 433 753 464 militares
768 433 912 472 villosae,

206 484 326 526 quibus
342 483 527 515 utebantur
543 484 578 515 in
592 483 765 525 hybernis.
789 484 887 516 Idem.

249 538 290 567 47
316 535 447 576 Esseda]
475 535 584 567 Erant
603 535 760 567 vehicula
776 535 913 567 Gallica

207 585 260 617 vel
273 582 427 625 Belgica,
442 584 535 616 corio
546 585 598 616 vel
612 596 723 626 panno
735 591 910 627 cooperta.

205 634 361 675 —Locaq
384 634 632 667 Accommodat
655 636 800 667 ducibus
825 636 912 668 Ger-

201 686 309 718 manis
339 685 699 727 captivis—emenia]
748 687 910 727 Caligulae

203 746 301 775 uxor,
314 734 491 768 effrenatae
502 736 653 768 libidinis
664 737 797 768 mulier.
822 737 910 769 Haec

206 787 367 828 Caligulae
385 786 544 828 poculum
559 788 761 819 amatorium
774 797 914 828 porrex-

205 838 246 879 it,
263 847 330 880 quo
346 838 402 869 ille
427 838 462 869 in
484 836 634 869 furorem
654 838 913 871 versus—Rhe-

198 899 265 930 nos,
282 888 354 929 ξω]
393 889 598 929 Germanos,
625 889 737 921 Rheni
763 890 911 922 accolas.

199 940 301 972 Idem.
347 939 515 970 Dorleans
532 940 627 980 legit,
643 940 767 971 rhedas.

243 993 285 1022 48
309 991 396 1031 Diis,
407 990 476 1031 Qua]
504 991 618 1023 Quare
643 990 721 1022 Diis
741 991 912 1022 immorta-

197 1039 289 1071 libus
305 1040 405 1081 hujus
420 1039 573 1071 victoriae
599 1045 634 1071 et
661 1041 821 1081 triumphi
835 1051 912 1072 auc-

200 1090 345 1130 toribus,
361 1095 397 1121 et
414 1090 580 1131 Caligulae
598 1091 694 1122 ducis
719 1091 843 1131 Genio,
867 1091 910 1123 ob

199 1149 254 1172 res
278 1141 443 1181 praeclare
467 1146 502 1171 et
526 1141 663 1181 egregie
686 1146 812 1182 gestas,
835 1151 912 1173 cen-

201 1195 274 1222 tum
290 1190 386 1230 paria
403 1189 634 1230 gladiatorum
647 1191 682 1222 in
694 1192 866 1223 theatrum
877 1195 913 1223 et

198 1249 334 1272 arenam
350 1240 515 1272 inducere
528 1245 564 1272 et
577 1241 770 1282 producere
783 1242 911 1273 consti-

198 1295 271 1322 tuo.
316 1290 464 1322 Munera
489 1295 602 1322 autem
630 1291 846 1332 gladiatoria,
875 1297 911 1323 et

197 1341 296 1372 ludos
309 1341 394 1372 adeo
405 1346 565 1373 cruentos
578 1342 612 1372 in
623 1342 794 1382 religionis
808 1346 908 1382 parte

196 1390 600 1430 numerabant—Genio]
638 1391 783 1422 Naturae
818 1392 910 1432 Deo,

197 1441 293 1481 cujus
309 1441 414 1471 ductu
431 1445 466 1472 et
483 1441 635 1481 auspicio
650 1451 704 1473 res
719 1445 788 1473 tam
801 1441 910 1473 felici-

197 1492 285 1524 citer
301 1492 415 1523 cessit.
464 1492 597 1523 Tur-neb.
615 1501 702 1523 xxx.
719 1495 750 1524 7.

241 1545 283 1573 49
309 1542 397 1582 Quis,
413 1541 484 1583 Esca]
517 1542 670 1583 Scilicet,
696 1544 773 1576 Quo
799 1543 908 1574 minus

197 1593 271 1625 liaec
285 1592 568 1633 faciam.--Aude]
590 1595 640 1625 Tu
667 1599 781 1625 autern
801 1594 909 1625 haeres

197 1652 292 1675 sume
318 1647 448 1675 tantam
465 1644 566 1674 animi
592 1643 848 1682 confidentiam,
871 1649 908 1675 et

198 1694 285 1727 aude
301 1694 383 1725 mihi
399 1694 651 1725 contradicere.
682 1694 732 1725 Eo
749 1694 854 1734 magis
871 1698 907 1725 et

197 1745 387 1786 majoribus
422 1744 613 1785 sumptibus
654 1743 906 1785 haereditatem,

197 1796 253 1827 cui
268 1795 388 1835 inbias,
405 1794 610 1826 exhauriam.
638 1794 809 1825 Casaubon.

240 1850 282 1878 50
311 1847 377 1887 ree,
393 1846 464 1887 εμπ]
496 1846 557 1877 Vae
573 1846 648 1886 tibi,
670 1846 735 1877 nisi
750 1846 832 1877 mihi
849 1846 905 1877 ad-

196 1897 364 1930 sentiaris.
376 1897 542 1938 -Oleurn,
571 1897 640 1938 Esou]
679 1896 770 1930 Quin
800 1897 904 1928 etiam

196 1950 319 1988 oleum,
331 1952 367 1980 et
382 1952 568 1988 artocreas,
581 1947 694 1979 cibum
712 1957 754 1979 ex
768 1958 856 1989 pane
869 1953 905 1979 et

197 2007 313 2039 carne,
327 2002 430 2039 atque
454 1997 538 2029 adeo
555 1998 705 2038 epulum,
720 2002 756 2030 et
771 1998 905 2040 congia-

197 2047 284 2079 rium
300 2049 426 2089 populo
443 2048 579 2089 largior.
603 2048 703 2079 Idem.

240 2100 280 2129 51
304 2098 369 2139 An,
384 2098 453 2140 ξα]
487 2099 541 2130 Au
570 2104 619 2138 tu,
645 2109 665 2130 o
689 2100 798 2140 heres,
824 2099 906 2131 illud

195 2148 270 2182 fieri
301 2155 395 2181 vetas
427 2156 464 2182 et
495 2150 653 2191 prohibes
665 2151 799 2187 ?——Dic.
834 2150 906 2191 Suu]

199 2200 305 2233 Quasi
321 2201 429 2232 haeres
447 2201 603 2242 tingatur
619 2201 661 2231 ad
678 2201 751 2232 haec
770 2206 803 2233 et
817 2211 907 2233 mur-

198 2255 332 2282 muret:
358 2251 435 2282 ideo
449 2251 543 2291 dicit,
558 2252 609 2282 dic
622 2252 713 2292 clare,
727 2252 808 2293 quid
820 2262 908 2283 mus-

198 2309 266 2339 sas,
283 2301 407 2342 ecquid
429 2302 502 2333 haec
520 2311 574 2333 res
595 2301 658 2333 tibi
676 2303 817 2333 molesta
833 2304 907 2337 est?

197 2351 326 2390 —-Non,
341 2352 409 2392 εμπ]
431 2352 548 2383 Verba
573 2352 730 2392 haeredis,
756 2357 793 2384 et
808 2353 907 2391 dicit,

199 2409 236 2431 se
254 2409 319 2431 non
338 2401 423 2431 adeo
448 2401 626 2441 impedire,
643 2405 694 2433 vel
713 2404 907 2444 prohibere,

198 2460 266 2492 quo
284 2451 392 2481 minus
418 2452 529 2482 animo
552 2462 678 2483 morem
707 2458 816 2493 gerat.
861 2454 907 2485 Et

198 2500 378 2542 sequentia
396 2500 504 2531 Persii
521 2505 622 2531 sunt:
648 2502 709 2532 Est
725 2502 805 2532 mihi
824 2512 907 2542 ager

197 2556 375 2582 exossatus
397 2556 431 2583 et
452 2553 534 2582 satis
559 2551 683 2583 fertilis
706 2553 780 2591 soli,
804 2557 842 2583 ut
858 2552 906 2582 fa-

197 2601 263 2633 cile
280 2601 452 2633 haeredem
466 2601 617 2633 invenire
634 2602 772 2642 possim.
796 2603 894 2634 Idem.

240 2653 281 2683 52
307 2653 491 2694 Exossatus,
502 2652 570 2694 δρα]
587 2653 777 2684 Foecundus
790 2657 825 2685 et
839 2651 906 2686 fer-

199 2701 280 2745 tilis,
295 2713 333 2736 et
355 2703 462 2746 probe
487 2704 613 2746 cultus,
635 2714 655 2736 a
672 2703 842 2745 lapidibus
868 2709 905 2737 et

671 135 813 166 No'rAE.
843 133 1112 165 VARIORUM
1147 135 1199 166 IN

964 228 1053 260 saxis
1071 233 1285 270 repurgatus.
1316 230 1473 264 Turnebus
1492 240 1580 264 xxx.
1594 233 1672 265 7.-

963 280 1047 325 Age,
1061 280 1128 321 esa]
1145 280 1269 312 Sensus
1285 285 1357 312 est:
1383 281 1470 322 Age,
1484 282 1510 314 si
1516 283 1587 323 jam
1600 283 1672 314 nul·

964 330 1015 361 lus
1042 329 1122 361 mihi
1150 334 1329 371 cognatus,
1356 332 1467 363 nullus
1505 333 1563 374 qui
1592 332 1673 364 mibi

964 380 1258 422 consanguinitate
1282 381 1485 422 conjunctus
1509 383 1580 424 fiet,
1603 393 1672 416 non

962 431 1097 462 interea
1108 436 1220 462 tamen
1232 432 1322 463 omni
1332 432 1470 465 haerede
1484 433 1671 466 destituor:

964 482 1023 514 sed
1039 482 1126 513 viam
1143 481 1291 522 Appiam
1318 487 1412 523 peto,
1427 487 1463 514 et
1480 483 1521 514 ad
1546 493 1673 525 paupe-

963 542 1033 564 rem
1050 533 1163 564 vicum
1179 532 1342 573 Bovillas,
1356 537 1392 564 et
1404 533 1438 563 in
1455 534 1544 565 valle
1560 533 1672 565 Arici-

963 594 1005 616 na
1021 584 1064 616 ad
1080 585 1203 616 clivum
1221 584 1330 615 Virbii
1351 584 1500 616 accedo:
1526 584 1571 616 ibi
1590 594 1672 617 vero

962 634 1097 666 Manius
1114 635 1220 665 haeres
1236 635 1327 665 ultro
1343 635 1423 665 mihi
1438 639 1567 675 praesto
1584 639 1649 666 est.

1005 687 1045 715 55
1069 684 1200 723 Ace-edo,
1215 683 1284 724 ssa]
1313 684 1455 715 Bovillae
1476 689 1554 716 sunt
1579 684 1672 717 vicus

962 734 1005 766 ad
1033 734 1250 765 undecimum
1273 734 1422 775 lapidem
1439 733 1564 775 Appiae
1585 735 1670 766 viae:

963 785 1042 828 quia
1065 784 1249 826 aliquando
1273 785 1307 816 in
1328 784 1464 817 Albano
1484 790 1599 818 monte
1627 786 1672 818 ab

961 846 1022 867 ara
1045 835 1179 877 fugiens
1205 842 1322 868 taurus
1344 837 1418 877 jam
1441 842 1674 878 consecratus,

961 886 1008 917 ibi
1024 887 1288 927 comprehensus
1306 891 1370 918 est.
1417 886 1503 917 Inde
1528 886 1673 918 Bovillae

962 937 1075 968 dictae.
1112 938 1183 968 Vet.
1199 937 1272 968 Sch.
1283 955 1326 959 —
1338 937 1496 978 Bovillas]
1532 937 1672 979 Pauper

962 989 1056 1020 vicus
1072 992 1145 1019 crat
1161 990 1278 1020 Romae
1307 988 1492 1029 proximus,
1509 988 1567 1020 ubi
1593 988 1672 1020 Clo-

961 1038 1036 1071 dius
1060 1049 1079 1069 a
1105 1038 1236 1069 Milone
1258 1037 1462 1069 interfectus
1495 1044 1558 1070 est.
1581 1039 1669 1070 Mss-

960 1089 1107 1128 Bovillae,
1122 1098 1188 1119 non
1207 1088 1351 1119 Bobillae.
1383 1089 1507 1120 Lubin.

1004 1142 1046 1171 56
1071 1140 1264 1180 Clivumque,
1293 1139 1363 1179 ἃς]
1396 1140 1551 1172 Quatuor
1575 1138 1674 1170 milli·-

960 1189 1023 1222 bus
1041 1190 1084 1221 ab
1101 1190 1184 1221 urbe
1200 1194 1253 1221 est
1267 1190 1378 1221 Virbii
1391 1190 1510 1229 clivus,
1521 1199 1587 1230 qua
1603 1189 1671 1220 iter

962 1245 1014 1272 est
1030 1241 1072 1272 ad
1089 1240 1253 1279 Ariciam,
1281 1244 1315 1270 et
1337 1239 1379 1270 ad
1396 1249 1515 1270 nemus
1532 1239 1670 1278 Dianae,

960 1290 1018 1322 ubi
1037 1290 1177 1321 Virbius
1194 1290 1333 1328 colitur,
1359 1288 1393 1319 id
1410 1293 1475 1325 est⁷
1500 1288 1670 1329 Hippoly-

962 1345 1026 1378 tus,
1050 1340 1140 1382 quod
1170 1339 1217 1370 bis
1245 1339 1279 1369 in
1306 1339 1410 1369 vitam
1436 1339 1588 1378 prolatus
1613 1338 1670 1369 sit.

960 1392 1055 1422 Nota
1079 1395 1192 1421 autem
1222 1388 1313 1430 apud
1343 1388 1523 1428 Virgilium
1551 1387 1670 1419 fabula

960 1441 1235 1482 esu—Manum]
1257 1439 1435 1471 Mannium
1451 1439 1537 1470 dicit
1558 1438 1671 1471 defor-

959 1501 1047 1523 mem
1072 1496 1108 1522 et
1130 1491 1284 1532 ignotum
1308 1490 1488 1530 hominem,
1513 1499 1553 1521 eo
1577 1489 1668 1531 quod

959 1543 1087 1574 Maniae
1105 1542 1266 1573 dicuntur
1284 1541 1437 1572 indecori
1463 1541 1575 1571 vultus
1593 1549 1671 1581 per·

960 1602 1070 1632 sonae,
1100 1591 1223 1632 quibus
1249 1591 1346 1631 pueri
1374 1595 1559 1621 terrentur.
1599 1591 1670 1622 Vet.

958 1641 1289 1681 Sch.——Clivmnque,
1318 1641 1388 1681 iffa]
1425 1641 1494 1674 Qui
1524 1646 1673 1682 quatuor

957 1692 1105 1723 millibus
1128 1691 1170 1722 ab
1187 1692 1272 1722 urbe
1298 1691 1430 1730 aberat,
1446 1701 1514 1732 qua
1532 1691 1575 1722 ad
1590 1690 1672 1722 Ari-

957 1742 1039 1773 tiam
1066 1747 1102 1773 et
1125 1742 1256 1773 Nemus
1282 1741 1420 1780 Dianae,
1440 1742 1497 1772 ubi
1527 1742 1669 1773 Virbius

955 1793 1010 1823 vel
1048 1792 1260 1832 Hippolytus
1291 1791 1480 1831 colebatur,
1510 1792 1668 1822 ibant.·--

955 1842 1098 1882 Manius]
1116 1842 1183 1873 Hic
1196 1842 1346 1881 Manius,
1361 1843 1454 1883 cujus
1466 1843 1597 1883 posteri
1611 1842 1666 1873 hie

955 1892 1171 1931 habitabant,
1199 1891 1379 1923 Aricinum
1409 1893 1521 1923 lucum
1548 1892 1667 1924 Dianae

956 1947 1188 1974 consecrarat.
1227 1942 1315 1973 Vide
1331 1943 1511 1973 Erasnium
1529 1942 1563 1973 in
1579 1942 1665 1972 Pro-

957 1992 1095 2024 verbio:
1120 1993 1128 2009 ‘
1146 1993 1250 2023 Multi
1268 1992 1379 2023 Manii
1404 1991 1556 2023 Ariciae.5
1602 1992 1652 2023 Di

957 2044 1003 2075 cit
1019 2048 1132 2074 autem
1148 2044 1202 2074 liic
1219 2043 1372 2074 Manium
1401 2052 1461 2083 pro
1479 2043 1598 2084 quovis
1617 2042 1650 2073 ib

956 2094 1146 2125 habitante.
1180 2093 1313 2124 Tumeb.
1331 2101 1419 2124 xxx.
1432 2096 1463 2124 7.

999 2146 1040 2175 57
1060 2143 1242 2183 Progenies,
1255 2143 1324 2183 Bran]
1338 2142 1513 2183 Objectio.
1534 2143 1665 2175 Verum

956 2193 1013 2224 ille
1026 2197 1078 2224 est
1089 2198 1190 2235 terrae
1203 2192 1303 2233 filius,
1318 2194 1416 2224 homo
1429 2193 1575 2224 obscuro
1589 2194 1664 2225 loco

956 2248 1069 2284 natus,
1087 2249 1122 2275 et
1138 2254 1157 2275 a
1174 2248 1231 2275 tua
1253 2243 1379 2274 familia
1401 2244 1530 2274 alienus
1546 2255 1553 2274 ε
1584 2254 1665 2285 qua-

956 2295 1023 2325 lem
1042 2294 1212 2326 haeredeui
1231 2294 1381 2325 scribere
1398 2294 1582 2325 absurdum
1600 2299 1665 2324 est.

956 2346 1197 2386 —Quare‚&c.]
1220 2345 1419 2386 Respondet
1432 2344 1591 2375 Persius:
1616 2345 1664 2374 Et

958 2397 985 2427 si
1001 2402 1104 2428 terrae
1121 2396 1208 2428 filius
1225 2402 1278 2428 est
1295 2401 1330 2427 et
1349 2396 1500 2436 ignotus,
1524 2404 1591 2425 non
1615 2399 1664 2425 ta-

956 2457 1034 2477 men
1049 2453 1103 2478 est
1118 2448 1260 2486 alienus,
1276 2447 1354 2487 quia
1370 2451 1489 2476 atavus
1506 2454 1599 2475 uleus
1616 2445 1659 2475 it-

957 2496 1047 2527 idem
1063 2497 1196 2536 ignotus
1209 2502 1273 2535 est,
1285 2502 1320 2526 et
1337 2501 1437 2526 terrae
1452 2494 1558 2524 filius:
1584 2503 1662 2525 nam

957 2554 993 2577 et
1009 2547 1081 2586 ejus
1098 2556 1203 2586 genus
1222 2546 1388 2576 incertum
1405 2549 1468 2575 est.
1495 2544 1556 2574 His
1571 2543 1661 2575 adde

957 2598 1060 2628 etiarn
1078 2606 1192 2636 unum,
1207 2601 1241 2625 et
1256 2595 1363 2626 adhuc
1378 2595 1481 2625 etiam
1497 2604 1612 2634 unum,
1626 2600 1662 2626 et

958 2656 1071 2685 quaere
1088 2646 1162 2686 quis
1186 2645 1320 2686 quintus
1346 2645 1400 2675 vel
1424 2649 1540 2676 sextus
1563 2651 1663 2685 pater

956 2705 991 2730 et
1017 2703 1147 2739 atavus,
1163 2702 1221 2729 aut
1243 2696 1389 2729 tritavus
1414 2705 1506 2727 meus
1530 2695 1658 2735 fuerit3
