1888 3032
250 133 306 175 48

778 141 824 172 A.
858 140 1020 170 PERSll
1056 140 1230 173 FLACCI

254 238 395 279 Omne
417 238 538 279 vafer
558 237 715 278 vitium
737 234 894 275 ridenti
915 234 1106 276 Flaccus
1126 237 1269 279 amico

254 306 434 359 Tangit,
458 310 500 346 et
521 305 740 345 admissus
762 303 925 344 circum
946 304 1194 357 praecordia
1213 306 1337 357 ludit,

254 373 454 415 Callidus
475 384 663 413 excusso
685 371 899 425 populum
919 371 1184 426 suspendere
1205 386 1331 414 naso.

257 440 376 482 Men’
397 440 553 481 mutire
573 439 711 489 nefas,
734 452 812 480 nec
836 440 963 490 clam,
985 453 1063 480 nec
1081 453 1182 481 cum
1201 442 1385 482 scrobe?
1437 447 1448 464 ‘
1461 443 1722 498 Nusquam?

254 574 339 614 rupit
362 574 484 603 dentem
509 572 666 604 intimum.

714 573 871 605 Horatius
895 575 990 605 solers
1016 575 1149 615 pariter
1175 575 1276 615 carpit
1301 575 1465 615 quemlibet
1482 586 1617 606 errorem
1633 576 1724 616 apud

247 616 443 655 familiarem
468 617 680 653 deridentem;
704 620 733 647 et
750 620 894 657 exceptus
909 617 991 648 σι’νεα
1007 628 1070 656 cor,
1087 619 1224 658 colludit,
1246 619 1366 658 peritus
1381 619 1568 650 subsannare
1581 621 1735 659 populum»

255 658 380 690 nuribus
403 659 568 691 succussis.
612 659 665 691 An
690 659 768 690 mihi
791 669 852 691 uon
875 660 979 692 licebit
1005 661 1132 702 hiscere,
1148 671 1184 692 ue
1201 662 1323 702 quidem
1338 665 1466 703 secreto,
1482 662 1643 702 nequidem
1659 672 1727 693 cum

920 784 1061 817 NOTAE

254 875 370 907 binum
406 876 620 918 Municipem
655 878 773 918 Ponti,
810 881 964 910 tutamen

256 926 514 967 Centurionum,
529 928 776 960 Praeclarornm
794 930 966 962 hominum

257 988 296 1008 ac
315 977 516 1017 primorum,
532 978 809 1022 Signiferumque
826 981 967 1012 Maluis-

255 1028 283 1059 ti
299 1027 387 1058 dici:
425 1028 549 1060 Graece
572 1039 653 1070 ergo
669 1031 805 1061 Praetor
821 1030 966 1063 Athenis

257 1077 299 1108 Id
326 1077 417 1118 quod
442 1079 605 1119 maluisti,
629 1084 676 1120 tc,
692 1091 769 1112 cum
786 1081 828 1112 ad
844 1092 898 1112 me
914 1092 967 1113 ac-

256 1129 363 1169 cedis,
391 1130 513 1162 saluto.
558 1132 666 1172 Χαῖρε,
691 1132 841 1173 inquam,
868 1133 965 1164 Tite:

258 1180 423 1219 Lictores,
435 1183 543 1210 turma
556 1181 675 1221 omnis,
686 1182 884 1223 cohorsque,
894 1182 968 1213 Χαί-

256 1241 344 1270 ρετε;
377 1229 456 1260 hinc
480 1230 586 1262 hostis
614 1231 659 1261 mi
691 1231 865 1273 Albutius,
889 1233 966 1264 hinc

255 1281 436 1312 inimicus!
480 1284 527 1313 Et
541 1284 643 1323 paulo
660 1288 756 1323 post:
782 1285 790 1300 ‘
804 1284 968 1326 Tubulus,

256 1332 284 1362 si
302 1332 427 1363 Lucius
445 1332 595 1374 induam,
614 1334 647 1364 Si
665 1335 795 1375 Lupus,
812 1340 870 1366 ant
888 1336 968 1367 Car-

257 1382 300 1414 bo
320 1386 380 1413 aut
404 1383 560 1423 Neptuni
585 1383 697 1415 filius!

305 1433 496 1473 Genuinum]
542 1435 692 1466 Genuini
706 1439 871 1466 vocantur
887 1435 968 1466 den-

258 1481 343 1512 tium
368 1484 543 1522 postremi,
570 1484 741 1525 iidemque
759 1485 969 1516 validissimi.

257 1532 348 1564 Plin.
373 1542 414 1563 11.
438 1536 490 1564 37.
523 1535 658 1574 Festus,
684 1535 705 1565 l.
733 1545 797 1567 vn.
820 1537 893 1567 vult
921 1536 970 1568 ita

259 1582 382 1622 dictos,
401 1584 491 1624 quod
510 1595 529 1615 a
546 1586 642 1625 genis
659 1585 890 1626 dependeant.

302 1633 432 1673 Fregit]
481 1635 583 1665 Suam
601 1646 734 1666 omnem
751 1636 970 1668 dicacitatem

259 1685 444 1715 consumsit
462 1686 644 1725 carpendis
663 1696 778 1716 eorum
793 1687 894 1718 vitiis.

304 1736 367 1764 116
391 1734 539 1774 Ridenti]
588 1736 666 1766 Non
690 1736 896 1777 indignanti,
917 1737 971 1767 vel

260 1783 363 1815 etiam
381 1785 525 1815 libenter
550 1786 716 1824 audienti,
741 1787 821 1828 quia
847 1787 969 1818 callide

261 1838 297 1866 et
313 1834 437 1866 festive
452 1837 632 1868 mordebat
651 1838 825 1870 Horatius„

303 1885 430 1925 Amico]
473 1888 537 1916 Vel
563 1888 766 1929 cuicumque
792 1898 851 1919 suo
875 1888 970 1919 farni-

259 1936 347 1977 liari,
372 1937 426 1967 vel
449 1937 513 1977 ipsi
540 1939 737 1978 Maecenati,
759 1940 813 1970 cui
832 1950 895 1971 nec
914 1950 971 1981 pe-

260 1987 412 2028 percisse
437 1987 558 2019 fertur.
607 1990 709 2020 Certe
726 1990 820 2021 illum
837 1991 973 2021 videtur

260 2038 503 2078 perstrinxisse
545 2040 616 2071 Sat.
656 2050 680 2071 1.
726 2044 757 2071 3.
801 2041 857 2071 nbi
904 2041 972 2072 ait:

261 2088 271 2104 ‘
287 2088 481 2127 Simplicior
498 2089 526 2119 si
545 2090 629 2130 quis,
653 2091 788 2131 qualem
813 2101 863 2121 me
881 2101 973 2131 saepe

263 2145 416 2176 libenter
431 2146 628 2176 Obtulerim
643 2147 718 2187 tibi,
733 2149 921 2188 Mrecenas,
937 2153 975 2179 ut

263 2195 351 2226 forte
369 2196 539 2236 legentem
564 2196 634 2228 Ant
658 2198 800 2229 tacitum
822 2199 975 2238 impellat

263 2247 383 2287 quovis
401 2257 567 2286 sermone,
585 2249 768 2286 molestus3
797 2250 975 2280 Communi

265 2307 367 2328 sensu
398 2300 499 2339 plane
530 2305 638 2339 caret,
663 2301 862 2342 inquimus,
889 2301 974 2331 eheu

266 2348 376 2379 Quam
395 2354 521 2380 temere
541 2351 573 2380 in
591 2357 724 2383 nosmet
741 2353 851 2392 legem
869 2354 975 2383 sanci-

265 2407 339 2428 mus
367 2398 533 2439 iniquam!
574 2401 661 2430 Nam
680 2402 769 2432 vitiis
786 2412 884 2433 nemo
901 2403 973 2432 sine

263 2448 436 2478 nascitur:
464 2450 612 2488 optimus
636 2450 691 2480 ille
717 2456 767 2481 est
796 2452 867 2484 Qui
880 2453 973 2481 mini-

265 2497 329 2528 mis
346 2499 510 2538 urgetur!
557 2500 719 2530 Attamen
737 2511 811 2532 cum
836 2502 974 2532 Persius

266 2548 360 2582 dicat
384 2558 482 2579 omne
508 2550 625 2580 vitium
645 2552 736 2590 tangi
754 2552 794 2582 ab
814 2553 973 2590 Horatio,

267 2602 302 2629 et
319 2599 418 2638 paulo
436 2605 525 2640 post,
554 2602 713 2641 populum
734 2601 876 2632 excusso
894 2612 974 2633 naso

269 2649 451 2689 suspendi:
501 2651 615 2681 malim
650 2651 873 2691 interpretari
907 2653 974 2683 sic:

269 2708 368 2731 omne
395 2701 639 2743 cujuscumque
666 2702 786 2733 vitium
812 2703 976 2735 Horatius

1020 879 1115 911 vafer
1131 880 1241 921 tangit
1258 883 1294 911 et
1311 880 1456 911 solerter
1469 879 1619 919 coarguit
1636 880 1729 920 apud

1021 931 1167 962 amicum
1193 931 1375 970 ridentem,
1402 941 1478 962 cum
1506 931 1631 962 Satin-as
1653 941 1730 962 suas

1022 986 1091 1012 tam
1108 981 1243 1013 festivas
1261 982 1291 1013 ei
1310 982 1443 1014 recitat.

1067 1035 1127 1063 117
1161 1033 1205 1063 Et
1226 1033 1382 1064 admissus
1406 1033 1522 1063 circum
1544 1033 1732 1074 proecordia,

1022 1085 1091 1125 Cym]
1123 1083 1177 1115 Ab
1193 1084 1310 1116 amicis
1327 1084 1415 1116 bene
1432 1089 1600 1125 exceptus
1618 1086 1731 1125 pergit

1023 1145 1063 1166 eo
1087 1135 1249 1166 libentius
1275 1135 1426 1166 scribere
1448 1140 1484 1166 et
1500 1135 1648 1167 recitare
1669 1136 1731 1167 Sa-

1023 1186 1118 1217 tiras.
1165 1187 1232 1218 Hic
1246 1187 1397 1218 nonnulli
1411 1186 1603 1218 subtiliores
1615 1196 1733 1217 sensus

1023 1238 1202 1277 rimantur,
1228 1242 1263 1268 et
1289 1238 1412 1269 Persio
1430 1237 1624 1269 attribuunt
1640 1238 1731 1279 quod

1022 1299 1192 1330 nunquam
1209 1289 1389 1329 cogitavit:
1415 1289 1572 1320 nimirum
1589 1289 1651 1329 illi,
1683 1290 1731 1321 le-

1024 1341 1119 1372 viora
1145 1341 1291 1381 primum
1316 1341 1400 1372 vitia
1424 1341 1538 1381 carpit
1561 1341 1733 1372 Maecena-

1024 1392 1066 1422 tis
1087 1392 1263 1430 Horatius,
1279 1392 1449 1432 inquiunt,
1462 1397 1497 1422 et
1514 1402 1590 1423 cum
1608 1402 1644 1423 se
1659 1393 1733 1433 pla-

1024 1441 1133 1472 cuisse
1159 1441 1202 1471 ob
1230 1441 1374 1471 solertes
1389 1441 1487 1481 jocos
1515 1446 1549 1472 et
1573 1441 1730 1473 festivam

1024 1493 1242 1523 dicacitatem
1268 1492 1522 1531 animadvertit,
1547 1497 1618 1524 tum
1643 1494 1734 1534 plus-

1024 1544 1137 1574 culum
1155 1543 1272 1581 audet,
1297 1547 1333 1574 et
1350 1543 1538 1575 occultiora
1557 1544 1735 1576 interiore-

1025 1605 1090 1635 que
1118 1594 1273 1625 facinora
1303 1604 1370 1624 non
1400 1597 1538 1625 veretur
1576 1604 1732 1635 arguere.

1026 1646 1104 1677 Hoc
1122 1646 1256 1676 scilicet
1271 1650 1326 1676 est
1342 1644 1460 1676 ludere
1477 1645 1568 1676 circa
1584 1655 1733 1686 praecor-

1025 1695 1102 1726 dia?
1126 1696 1255 1726 Verum
1272 1705 1337 1726 uno
1355 1696 1426 1726 ictu
1438 1696 1576 1736 jugulat
1589 1696 1663 1727 illos
1680 1696 1735 1727 In-

1025 1750 1197 1787 terpretes
1224 1747 1313 1787 quod
1338 1746 1454 1777 statim
1481 1746 1565 1777 dicit
1582 1746 1734 1787 Persius,

1024 1808 1123 1831 omne
1138 1797 1257 1828 vitium
1272 1797 1488 1837 reprehendi.
1536 1797 1615 1827 Non
1629 1796 1735 1837 igitur

1024 1848 1156 1878 minora
1170 1848 1288 1888 primo,
1302 1847 1426 1878 deinde
1444 1848 1613 1887 graviora.

1068 1898 1180 1937 Ludit]
1218 1897 1355 1929 Nemini
1373 1898 1496 1937 parcit,
1523 1897 1652 1929 vitiosis
1677 1907 1735 1929 sua

1027 1949 1177 1980 ostendit
1189 1949 1269 1979 vitia
1283 1952 1317 1979 et
1335 1948 1448 1988 culpat
1461 1949 1529 1985 ille,
1543 1958 1606 1979 nec
1619 1952 1734 1979 tamen

1029 2001 1199 2042 culpando
1217 2000 1372 2039 offendit,
1399 2000 1484 2031 adeo
1511 1999 1606 2030 vafer
1629 2005 1682 2031 est
1697 2005 1734 2031 et

1030 2052 1187 2090 callidus,
1197 2056 1235 2082 ut
1247 2050 1617 2091 ludendojocandoqne
1632 2050 1735 2081 animi

1029 2102 1171 2132 vulnera
1187 2105 1320 2141 premat
1335 2106 1370 2131 et
1386 2106 1494 2132 curet.

1074 2154 1136 2182 118
1164 2153 1301 2182 Excusso
1316 2152 1474 2191 populum,
1500 2152 1569 2192 tic]
1618 2152 1737 2192 Expli-

1032 2209 1110 2233 cant
1137 2202 1287 2242 quidam,
1313 2206 1474 2241 porrecto
1500 2207 1533 2232 et
1562 2203 1672 2241 hilari,
1695 2206 1735 2233 ut

1030 2253 1312 2284 1ninus4aeerbus
1342 2252 1498 2283 videatur
1525 2254 1628 2283 etiam
1655 2263 1734 2285 cum

1031 2304 1182 2340 mordet3
1216 2305 1274 2333 sed
1292 2303 1403 2333 malim
1427 2303 1614 2342 simplicius
1632 2303 1736 2335 inter-

1030 2354 1179 2394 pretari3
1207 2363 1382 2393 succusso,
1405 2353 1494 2394 quod
1520 2358 1555 2384 et
1570 2364 1646 2391 vox,
1664 2365 1735 2385 sus-

1030 2404 1191 2443 pendere,
1207 2405 1367 2444 postulat.
1414 2404 1517 2434 Certe
1543 2414 1620 2434 cum
1646 2404 1734 2435 ride-

1029 2463 1101 2483 mus
1130 2454 1289 2493 aliquem,
1317 2458 1422 2492 caput
1449 2454 1658 2484 excutimus:
1699 2459 1735 2486 et

1029 2513 1103 2533 cum
1126 2503 1228 2533 alicui
1244 2503 1442 2533 insultamus
1458 2503 1595 2541 acriter,
1619 2514 1734 2545 arrep-

1029 2558 1100 2584 tum
1123 2554 1226 2584 etiam
1253 2563 1369 2584 nasum
1396 2555 1611 2586 succutimus.
1658 2555 1735 2588 Erit

1029 2603 1134 2643 igitur
1161 2603 1269 2634 facilis
1298 2609 1333 2634 et
1355 2613 1462 2644 prona
1478 2605 1733 2646 interpretatio,

1030 2654 1101 2684 sive
1118 2653 1246 2685 referas
1270 2653 1312 2684 ad
1329 2663 1404 2684 eun]
1422 2655 1477 2696 qui
1494 2655 1639 2697 deridet,
1662 2657 1734 2688 sive

1031 2703 1074 2734 ad
1087 2713 1163 2735 eum
1181 2703 1238 2744 qui
1254 2703 1444 2736 deridetur.
