1888 3032
258 145 315 187 42

762 155 808 184 A.
842 152 1003 182 PERSII
1040 152 1211 183 FLACCI

259 251 331 302 Et,
359 249 443 294 Qui
464 248 677 291 coeruleum
698 247 917 288 dirimebat
938 245 1070 288 Nerea
1092 246 1281 302 delphin:

259 319 349 369 Sic,
375 317 538 358 Cossum
561 317 679 371 longo
697 315 959 356 subduximus
982 316 1213 373 Apennino.

1665 318 1722 359 95

259 386 390 427 Arma
412 387 559 431 vit-mn,
580 398 718 425 nonne
740 385 821 425 boc
842 397 1099 438 spumosum
1121 389 1164 425 et
1184 386 1348 426 cortice
1368 386 1555 439 pingui?

257 454 319 496 Ut
340 455 500 495 ramale
520 456 642 493 vetus
663 453 909 505 praegrandi
931 454 1087 494 subere
1105 457 1292 494 coctum.

255 567 343 603 longe
393 564 526 604 patenti.

575 564 735 604 Numquid
782 573 842 593 nnn
882 564 976 595 etiam
1021 565 1100 595 illud
1141 574 1289 604 carmen,
1324 564 1423 595 Arma
1457 564 1571 602 virum,
1611 575 1718 605 spuma

252 608 374 648 plenum
401 610 457 647 cst,
486 610 516 637 et
544 616 644 637 crasso
670 604 825 637 indutio?
863 606 952 638 Sicut
982 617 1087 638 ramus
1118 617 1249 638 annosus
1283 608 1424 638 decoctus
1452 607 1573 648 ingenti
1604 608 1721 640 subere.

877 690 991 700 eeeeee

253 740 383 771 monuit
403 741 574 782 Jnseplms
602 742 762 780 Scaliger.
800 741 972 773 Casaubon.

996 690 1090 701 ’’’’’

1020 742 1102 781 Atys
1128 742 1219 773 Edit.
1245 743 1364 782 Steph.
1406 742 1495 773 Attis
1534 741 1602 773 Ms.
1635 742 1719 772 R.-

253 786 293 813 95
318 783 354 814 Si
371 793 430 824 pro
447 785 510 815 Sic.
529 787 564 816 (ἶ.
588 785 784 816 Invenimus
812 785 976 825 scriptum
1000 795 1019 814 α
1048 785 1196 815 Poenino:
1234 790 1352 816 contra
1378 784 1480 816 fidem
1503 785 1718 825 antiquarum

252 827 535 868 membranarum,
563 833 599 860 et
630 829 872 860 auctoritatem
905 826 1109 860 Quintiliani
1137 837 1188 859 1v.
1216 831 1247 860 5.
1289 828 1547 859 casaubon.—97
1571 827 1720 867 vegrandi

921 918 1062 951 NOTAE

251 991 302 1023 nit
316 992 455 1023 Persius
471 1005 477 1024 :
495 993 542 1025 ita
558 1004 680 1035 nempe
698 994 874 1025 consuevit
890 995 959 1026 Ne-

254 1052 290 1073 ro
307 1043 479 1083 rhythmos
496 1046 633 1085 sectari,
659 1050 694 1076 et
717 1056 821 1076 vanas
837 1045 960 1086 figuras

254 1093 442 1125 duntaxat:
472 1096 519 1126 ita
544 1106 638 1127 suum
656 1096 698 1127 de
719 1096 787 1137 Aty
815 1097 959 1127 Carmen

251 1144 450 1185 rhythmicis
464 1147 594 1187 implet,
610 1147 704 1187 quasi
720 1157 786 1177 una
803 1147 869 1178 sint
883 1147 958 1178 haec

252 1204 332 1225 vera
349 1196 507 1227 carminis
521 1202 732 1228 ornamenta.

291 1245 401 1285 Attin]
436 1248 583 1287 Nempe,
610 1252 648 1278 ut
672 1247 848 1288 rhythmus
881 1247 961 1278 insit

250 1295 416 1336 versibus,
446 1298 550 1335 Attin,
580 1298 773 1338 legendum,
801 1307 867 1329 non
899 1298 959 1329 At-

252 1348 323 1387 iys:
347 1352 383 1378 ut
396 1349 797 1389 monetJo.Scaliger,et
811 1348 868 1379 alii
881 1348 960 1379 doc-

248 1396 379 1428 tissimi.
406 1398 473 1428 Dio
489 1398 531 1429 de
556 1399 706 1437 Nerone,
735 1399 959 1438 ἐκιθαρῴδησεν

244 1446 369 1478 Ἀττΐνα
386 1448 404 1485 ἢ
420 1447 555 1488 Βάκχας.
590 1449 686 1480 Idem
700 1454 886 1490 suggerunt
902 1458 957 1480 ve-

249 1503 339 1530 teres
358 1500 502 1531 Glossae.

290 1548 519 1590 Berecynthius
541 1549 651 1589 Attin]
680 1551 786 1590 Attin,
802 1550 872 1580 sive
900 1551 956 1581 At-

245 1602 307 1640 tys,
325 1600 495 1641 Phrygius
514 1611 597 1641 puer
628 1602 809 1632 admodum
836 1601 957 1632 formo-

248 1659 302 1680 sus
331 1651 506 1682 adamatus
537 1652 691 1692 Cybelae,
710 1662 784 1693 quae
807 1663 826 1683 a
852 1653 956 1683 Bere-

247 1701 372 1741 cyntho
390 1695 504 1732 monte
518 1702 610 1732 Asiae
628 1703 778 1741 minoris,
792 1702 848 1733 ubi
866 1703 955 1733 cole-

246 1750 360 1790 batur,
389 1762 577 1793 cognomen
606 1753 733 1792 adepta
761 1758 832 1784 est:
864 1754 953 1784 unde

245 1806 280 1832 et
296 1801 367 1842 ipse
393 1804 523 1842 pariter
553 1804 802 1844 Berecynthius
828 1805 952 1836 dictus.

246 1852 302 1883 De
326 1863 365 1884 eo
396 1854 539 1885 Carmen
563 1860 615 1884 est
643 1855 771 1886 Catulli
788 1856 954 1895 sexagesi-

244 1912 335 1933 mum
359 1909 526 1943 quartum.
566 1905 653 1936 Vide
681 1912 716 1936 et
739 1906 842 1938 Ovid.
861 1907 952 1938 Fast.

246 1961 300 1982 lv.
342 1954 351 1970 ‘
370 1953 485 1994 Phryx
501 1965 584 1994 puer
600 1955 633 1986 in
647 1956 773 1996 sylvi&
792 1960 856 1988 otc.

286 2005 327 2034 94
351 2004 529 2036 Dirimemc
558 2006 678 2045 Nerea]
719 2006 839 2038 Nando
865 2018 955 2039 seca-

244 2052 305 2083 bat
320 2063 423 2085 mare.
438 2055 578 2085 Persius
592 2057 705 2096 arguit
719 2067 851 2088 versum
867 2058 954 2089 hunc

244 2106 405 2144 tanquam
422 2105 662 2137 audacioribus
681 2108 885 2147 metaphoris
905 2108 953 2138 in-

243 2151 373 2184 flatum.
410 2155 543 2185 Nereus
563 2157 658 2187 Deus
673 2157 832 2198 marinus,
846 2163 952 2189 meto·

241 2203 395 2244 nymicffis
413 2214 475 2244 pro
490 2205 571 2235 mari
586 2206 735 2246 ponitur.

284 2254 438 2294 Delphin]
474 2256 550 2286 Hoc
572 2256 662 2286 aliud
685 2267 758 2287 esse
774 2257 867 2288 aiunt
884 2258 951 2290 Ne-

243 2304 332 2335 ronis
358 2306 504 2336 Carmen
521 2307 562 2336 de
582 2306 720 2347 Arione,
735 2318 834 2349 quem
850 2309 952 2339 dorso

243 2355 377 2395 excepit
394 2357 557 2395 Delphin,
582 2363 616 2387 et
633 2358 672 2388 ad
694 2363 829 2398 portum
847 2359 950 2390 vexit.

243 2405 337 2444 Lege
353 2405 565 2436 Herodotum
580 2408 599 2437 l.
618 2417 642 2437 1.
663 2409 856 2449 Agell.xv1.
872 2420 947 2450 cap.

242 2454 372 2485 ultimo.
404 2454 507 2487 Ovid.
539 2457 629 2487 Fast.
663 2467 701 2488 ιι.
733 2459 824 2490 ΡΙίη.
850 2469 902 2490 rx.
919 2463 948 2490 8.

244 2505 301 2536 ubi
316 2505 386 2545 agit
399 2505 439 2535 de
453 2506 643 2546 Delphinis,
656 2508 795 2549 ipsoque
810 2509 948 2540 Arione.

285 2559 326 2586 95
351 2555 420 2594 Sic]
445 2555 484 2585 Iu
502 2562 567 2594 est,
587 2567 646 2596 prr
664 2558 803 2588 =imilem
821 2559 949 2589 vaniza-

243 2610 325 2645 tem,
340 2604 603 2646 affectationem,
616 2617 776 2639 errorem.

287 2657 411 2686 Castam
427 2656 642 2696 subdnnmus]
660 2659 768 2689 Unam
783 2659 947 2699 syllabam

243 2706 355 2738 versui
384 2707 520 2738 heroico
537 2711 698 2749 tanquam
720 2709 860 2750 longiori
874 2710 950 2741 sub-

1016 994 1151 1025 trahere
1180 995 1307 1026 amavit
1338 995 1444 1035 Nero,
1475 994 1660 1026 substituto
1689 992 1724 1024 in

1016 1045 1119 1076 tertia
1136 1046 1216 1077 sede
1232 1045 1432 1088 frequenter
1448 1045 1610 1087 spondeo.
1640 1044 1723 1075 Por-

1015 1106 1051 1127 ro
1067 1106 1128 1136 per
1151 1102 1278 1128 costam
1307 1096 1489 1138 Apennino
1520 1095 1724 1127 subductam

1014 1146 1179 1188 intelligit
1196 1148 1283 1178 latus
1301 1151 1335 1178 et
1352 1153 1481 1178 certam
1506 1150 1640 1187 partem
1667 1144 1725 1176 Al-

1014 1197 1121 1237 pium,
1154 1199 1307 1230 alludens
1348 1198 1390 1229 ad
1418 1197 1635 1236 Annibalem,
1666 1195 1722 1236 qui

1013 1247 1090 1287 igne
1112 1253 1147 1280 et
1176 1256 1273 1280 aceto
1302 1258 1375 1279 eam
1404 1248 1573 1289 perrupit,
1589 1246 1722 1288 sibique

1014 1305 1142 1337 suoque
1170 1297 1339 1328 exercitui
1366 1297 1454 1328 viam
1474 1297 1618 1338 aperuit.
1640 1296 1721 1327 Plu-

1014 1349 1122 1379 tarch.
1153 1349 1187 1379 in
1218 1348 1300 1380 vita
1330 1348 1520 1380 Annibalis.
1553 1349 1619 1380 Tit.
1644 1347 1720 1379 Liv.

1012 1398 1035 1428 l.
1061 1407 1140 1429 xxr.

1056 1449 1164 1488 Longo
1191 1449 1370 1490 Apennino]
1400 1449 1517 1489 Longe
1545 1458 1642 1479 mons
1664 1447 1722 1478 ille

1014 1504 1190 1540 protensus
1207 1509 1269 1540 per
1286 1500 1423 1530 Italiam
1439 1499 1584 1530 mediam
1601 1507 1722 1530 excur-

1013 1550 1059 1581 rit
1076 1550 1117 1581 ad
1132 1549 1257 1581 fretum
1270 1560 1374 1591 usque
1385 1550 1546 1581 Siculum.

1055 1605 1096 1633 96
1119 1602 1217 1633 Arma
1244 1601 1361 1641 virum]
1394 1600 1528 1640 Virgilii
1544 1599 1720 1631 AEneidem

1010 1652 1184 1692 intelligit.
1232 1652 1399 1683 Nimirum
1431 1650 1564 1690 reponit
1598 1649 1719 1680 Persio

1009 1703 1169 1742 monitor,
1196 1704 1250 1733 vel
1277 1702 1386 1743 quivis
1404 1702 1488 1732 alius
1505 1700 1719 1741 turgidorum

1010 1764 1168 1785 versuum
1199 1753 1324 1784 artifex
1350 1758 1386 1784 et
1418 1758 1601 1793 patro-nus:
1627 1752 1652 1783 si
1681 1756 1719 1783 tu

1006 1808 1124 1834 nostra
1161 1802 1310 1833 carmina
1346 1812 1413 1833 nou
1445 1801 1578 1842 probaS,
1623 1800 1717 1842 quid,

1009 1865 1134 1895 quzeso,
1150 1864 1267 1885 censes
1290 1853 1332 1884 de
1347 1853 1537 1894 Virgiliana
1552 1852 1694 1883 AEueide
1708 1853 1720 1883 ?

1008 1905 1143 1936 Annon
1160 1910 1194 1935 et
1220 1904 1266 1935 illi
1286 1914 1402 1935 versus
1419 1903 1625 1934 videbuntur
1641 1912 1718 1943 spu-

1007 1955 1091 1986 mosi
1109 1960 1145 1986 et
1161 1954 1269 1985 inflati
1286 1956 1296 1986 ?

1051 2007 1249 2047 Spumosum]
1265 2006 1362 2035 Vano
1380 2009 1512 2035 tumore
1531 2003 1623 2034 velut
1641 2012 1716 2043 spu-

1008 2069 1064 2088 ma
1092 2064 1290 2097 turgescens
1307 2056 1534 2095 extrinsecus,
1560 2055 1632 2085 sine
1649 2055 1716 2086 ulla

1007 2108 1096 2138 intus
1112 2106 1260 2138 medulla
1277 2110 1311 2137 et
1328 2115 1440 2136 succo·

1053 2158 1176 2189 Cortice
1188 2157 1316 2198 pingui]
1341 2158 1476 2195 Crasso,
1493 2154 1622 2194 inflato,
1637 2165 1716 2196 qua-

1005 2208 1072 2238 lem
1098 2207 1202 2238 habet
1225 2207 1335 2237 suber.
1381 2206 1468 2236 Vide
1487 2206 1577 2238 Plin.
1591 2215 1666 2237 xvr.
1683 2208 1716 2238 8.

1049 2261 1089 2289 97
1119 2259 1162 2289 Ut
1179 2259 1294 2288 rannule
1325 2257 1426 2297 retus]
1460 2257 1615 2297 Jungunt
1641 2257 1715 2288 haec

1006 2309 1109 2350 aliqui
1122 2319 1196 2338 eum
1210 2307 1498 2348 praecedentibus,
1510 2311 1544 2338 et
1558 2307 1715 2338 tribuunt

1006 2359 1180 2397 monitori,
1207 2363 1241 2389 ut
1259 2358 1303 2388 sit
1319 2357 1483 2397 expolitio
1504 2357 1624 2396 prioris
1641 2367 1715 2388 sen-

1008 2410 1136 2440 tentiaa
1183 2407 1231 2439 At
1257 2408 1427 2438 doctiores
1451 2407 1650 2448 sejungunt,
1677 2412 1715 2439 ut

1005 2461 1049 2490 sit
1078 2460 1188 2490 Persii
1215 2459 1256 2489 ad
1288 2458 1486 2488 monitorem
1512 2458 1711 2498 responsio:

1003 2509 1148 2550 grandes
1161 2509 1297 2549 quidem
1314 2514 1349 2538 et
1366 2508 1523 2539 sublimes
1540 2513 1618 2539 sunt
1636 2509 1712 2539 Vir-

1004 2559 1073 2599 gilii
1093 2568 1219 2596 versus,
1242 2558 1300 2588 sed
1318 2568 1382 2587 non
1400 2557 1516 2597 inflati,
1532 2559 1598 2589 imo
1615 2559 1711 2589 dissi-

1006 2615 1084 2650 pata
1099 2618 1217 2648 spuma
1244 2613 1279 2638 et
1304 2612 1434 2638 tumore
1451 2609 1599 2639 discusso
1618 2610 1712 2641 velut

1004 2659 1096 2691 cocti
1113 2664 1192 2690 sunt
1205 2664 1239 2690 et
1252 2659 1521 2699 maturojudicio
1536 2659 1708 2699 perfecti:

1005 2711 1129 2742 similes
1159 2720 1252 2742 ramo
1282 2709 1403 2751 veteri,
1420 2720 1540 2752 magno
1558 2710 1711 2752 quidem,
