1888 3032
653 146 814 178 PERSII
849 146 955 178 SA'I'.
990 148 1021 177 1.

109 242 276 283 scabit‚et
289 242 509 282 Pluteum,vel
527 242 690 272 librorum
706 251 811 273 arma-

108 295 193 326 rium
218 303 288 335 prae
313 293 376 333 ira,
402 302 467 324 non
492 293 698 324 succedente
714 303 810 332 vena,

109 345 213 376 caedit
229 348 263 375 et
286 344 411 384 pulsat,
436 353 500 374 nec
527 353 657 383 ungues
682 344 809 383 cogita-

106 394 238 426 bundus
256 394 395 425 arrodit.
441 392 594 425 Sollicite
612 399 725 425 autem
745 404 810 424 me-

105 444 255 476 ditantes
291 444 433 485 aliquid,
465 454 593 485 ungues
631 444 808 485 ari-odunt,

105 499 208 535 caput
226 495 379 526 scabunt.
404 494 518 526 Lubin.

150 548 212 576 107
237 545 300 576 Sed
327 545 412 585 quid,
441 543 510 584 ἔξω]
555 544 629 574 Sint
659 543 732 574 liaec
759 544 808 574 ita

103 605 196 635 sane,
224 595 304 636 quid
328 595 369 626 ad
388 595 440 625 te?
464 599 544 624 tune
571 595 659 625 solus
688 599 808 625 contra

104 645 170 676 ibis
187 650 222 676 et
240 644 388 676 irritabis
413 643 555 683 nobiles,
568 644 722 674 mordaci
748 649 808 676 tua

105 693 378 735 reprehendendi
427 692 591 724 libertate
637 693 807 725 offensos?

102 744 373 779 Farriab.—Quid
406 743 496 783 opus]
553 744 659 777 Quasi
695 745 805 776 dicat:

102 795 209 826 Potes
241 796 312 831 illa,
342 795 423 826 licet
454 805 535 826 vera
565 795 643 834 sint,
672 795 806 827 silentio

102 846 294 886 praeterire,
328 851 365 876 ut
400 846 458 876 alii
494 845 637 885 faciunt,
665 855 706 876 ne
744 847 807 877 tibi

102 896 225 927 damna
242 896 544 936 c1·ees.-Teneras]
586 897 679 927 Salse
697 897 808 937 tangit

103 946 239 977 nimiam
263 947 437 977 mollitiem
455 947 644 987 principum
663 947 804 978 Roman.

104 1006 244 1038 quorum
262 1007 357 1028 aures
384 1002 527 1028 assuetae
550 997 682 1027 blandis
699 998 805 1038 palpi-

100 1047 300 1085 tationibus,
333 1047 579 1078 aversabantur
608 1047 804 1079 mordacem

102 1097 295 1137 veritatem,
325 1098 368 1129 ob
404 1108 502 1139 quam
542 1102 667 1129 tenerae
705 1108 804 1130 aures

101 1147 208 1187 magis
233 1148 694 1189 indignarentur.—.⁷l10rclacz·
718 1148 803 1188 vero]

101 1197 237 1229 Veritas
253 1199 340 1229 enim
358 1199 489 1240 iniquos
515 1198 660 1239 mordet,
683 1203 718 1229 et
734 1198 804 1229 odi-

102 1258 158 1279 um
186 1249 474 1290 parit.—Radere]
511 1249 686 1290 Mordere,
714 1250 804 1281 lace-

102 1309 190 1341 rare,
206 1300 361 1341 Metapb.
386 1300 484 1330 Idem.

145 1353 206 1381 108
235 1350 313 1382 Vide
327 1351 383 1391 sis,
395 1351 464 1391 ξω]
489 1351 591 1391 Cave,
603 1351 716 1391 Persi,
730 1361 772 1382 ne
785 1362 804 1382 a

101 1400 215 1432 limine
233 1406 268 1432 et
285 1402 414 1433 aedibus
433 1406 651 1442 patronorum
669 1407 803 1433 tuorum

102 1452 305 1492 excludaris,
336 1457 371 1483 et
399 1453 598 1493 sportulam,
634 1456 696 1483 100
727 1463 806 1494 qua-

102 1502 251 1542 drantes,
267 1503 346 1534 dum
362 1503 436 1534 illos
459 1513 558 1534 mane
581 1504 721 1543 salutas,
738 1513 804 1534 non

102 1554 263 1596 accipias.
307 1556 371 1594 De,
387 1555 421 1585 in
447 1555 527 1595 vide,
543 1555 605 1586 hoc
633 1556 707 1586 loco
732 1565 804 1587 cor-

102 1604 234 1646 ripitur,
268 1609 306 1636 ut
335 1616 408 1636 care
439 1606 530 1646 apud
568 1606 805 1637 Horatium.—

102 1655 274 1697 Majorum]
310 1656 551 1687 Potentiorum
578 1661 614 1687 et
645 1661 804 1697 patrono-

103 1714 176 1736 rum
194 1710 341 1737 tuorum.
366 1707 481 1738 Lnbin.

145 1759 208 1787 109
235 1756 374 1797 Limina,
398 1757 467 1797 ἔξω]
511 1758 613 1788 AEdes
640 1768 706 1789 non
736 1769 803 1789 am-

102 1806 190 1846 plius
217 1806 493 1848 frequententur,
521 1817 585 1838 nec
616 1810 803 1848 sportulam

103 1857 330 1897 consequaris,
346 1861 381 1886 et
404 1857 453 1887 ita
478 1857 519 1887 ad
542 1857 690 1896 inopiam
717 1858 804 1888 redi·

101 1906 451 1946 garis—frigescant]
494 1907 571 1938 Sint
601 1908 730 1947 clausa,
761 1919 803 1939 ne

101 1956 294 1987 excludaris
311 1966 328 1987 e
357 1956 457 1988 domo
485 1961 660 1998 potentum
685 1959 806 1989 amico-

101 2015 189 2046 rum,
220 2010 254 2037 et
285 2007 446 2038 amicitiae
485 2012 554 2038 tuae
591 2009 805 2040 renuncient.

101 2055 156 2087 Sic
172 2056 432 2097 Culinafrigida,
456 2058 489 2088 in
513 2068 579 2099 qua
595 2059 675 2089 nihil
692 2060 806 2100 coqui—

104 2111 169 2137 tur.
194 2106 306 2138 Lubin.
352 2109 430 2147 Vel,
458 2109 512 2140 Ne
538 2109 611 2150 quis
634 2110 804 2150 potentio-

103 2165 176 2187 rum
205 2156 268 2187 tibi
296 2163 438 2188 mortem
470 2157 627 2199 frigidam
660 2159 803 2198 inferat3

102 2205 310 2246 allusumque
337 2207 455 2237 volunt
482 2207 524 2237 ad
551 2207 635 2238 illud
666 2208 805 2240 Horatii

101 2255 173 2287 Sat.
199 2264 240 2288 11.
269 2259 300 2287 1.
331 2256 385 2287 ‘0
418 2266 514 2297 puer,
541 2262 579 2288 ut
609 2259 653 2288 sis
682 2258 804 2289 Vitalis

101 2311 216 2338 metuo
232 2318 240 2346 ;
256 2308 421 2348 majorum
438 2318 480 2339 ne
495 2309 568 2349 quis
585 2309 712 2339 amicus
735 2310 806 2340 Fri-

101 2366 181 2397 gore
199 2361 232 2388 te
252 2357 383 2388 feriatz’
409 2368 471 2389 nec
497 2359 593 2390 male.
620 2359 805 2390 Farnab.——-

107 2406 195 2448 Vide,
209 2407 278 2448 eya]
321 2408 374 2439 Ne
391 2408 532 2448 incipias
550 2408 746 2449 potentibus
764 2419 803 2439 ac

102 2457 232 2488 Neroni
249 2458 411 2498 imprimis
428 2458 562 2489 odiosus
578 2469 665 2490 esse.
700 2459 806 2490 Refer

103 2506 145 2537 ad
168 2508 442 2548 quotidianarum
469 2510 712 2540 salutationum
735 2520 805 2541 mo-

103 2563 190 2587 rem:
217 2568 291 2589 nam
309 2560 365 2600 qui
382 2570 500 2600 parum
518 2560 606 2601 grati
623 2566 732 2600 erant,
746 2560 804 2592 du-

105 2606 172 2636 rius
197 2610 431 2641 tractabantur
459 2611 499 2641 ab
524 2612 670 2642 ostiariis
695 2617 732 2643 et
748 2612 805 2642 ad-

103 2655 295 2688 missionum
337 2661 519 2701 magistris.
587 2662 664 2693 Hoc
703 2667 805 2694 vocat

105 2706 243 2739 Persius
275 2709 460 2752 eleganter,
491 2712 599 2744 limina
618 2712 807 2754 frigescere,

1477 140 1561 181 217

860 241 1060 274 translatum
1087 251 1106 272 a
1125 240 1211 273 cibis
1227 241 1390 283 pridianis
1406 247 1442 274 et
1468 242 1562 284 frigi-

858 293 922 333 dis,
954 294 1011 334 qui
1043 293 1150 324 minus
1185 293 1334 334 placent.
1384 294 1562 326 Cumula-

859 342 968 382 Sonat,
984 343 1053 383 8503]
1092 344 1196 376 Quasi
1227 344 1336 375 dicat:
1362 345 1403 375 Iu
1429 345 1561 385 Satyris

858 393 926 423 tuis
943 403 1072 424 summa
1088 394 1179 425 inest
1208 395 1390 426 acrimonia
1415 400 1450 426 et
1474 406 1562 427 mor-

859 443 1008 474 dacitas:
1027 444 1080 474 hic
1095 449 1209 475 autem
1225 446 1258 476 in
1276 446 1436 477 nobilium
1452 447 1561 478 domi-

858 492 920 523 bus
951 494 1053 523 litera
1080 493 1113 525 R
1138 494 1338 536 frequenter
1363 500 1473 528 sonat.
1519 497 1563 528 Id

857 547 922 582 est,
943 543 1079 573 Divites
1107 543 1209 575 facile
1235 546 1424 577 irritantur.
1469 547 1563 578 Alle-

858 591 953 631 goria
970 592 1012 622 ab
1029 592 1124 623 iratis
1137 594 1296 633 canibus;
1314 596 1345 626 R
1360 597 1446 627 enim
1459 597 1562 629 litera

856 646 908 673 est
922 642 1049 673 irritati
1065 647 1099 673 et
1115 643 1287 675 hirrientis
1305 647 1407 678 canis.
1432 647 1545 679 Ln‘bin.

900 696 963 724 110
987 694 1061 734 Per,
1077 694 1146 734 5⁴02]
1170 695 1355 727 Concessio
1372 701 1406 727 et
1421 698 1560 737 permis-

857 742 904 773 sio
930 743 1188 775 nonies—Per
1214 745 1276 785 me]
1315 747 1486 778 Quantum
1518 747 1560 779 ad

855 803 910 824 me
941 800 1090 835 spectat,
1120 796 1437 837 attinet.—Omnia]
1482 798 1561 831 Sive

856 843 956 883 bona,
985 844 1055 875 sive
1083 846 1182 884 mala,
1217 847 1328 878 omnia
1358 848 1561 880 laudabo.—

857 894 1021 935 Protinus]
1056 897 1169 936 Nunc,
1184 907 1287 935 nunc,
1303 898 1391 937 alba,
1406 899 1561 939 honesta,

855 945 986 985 pulcra,
1011 946 1208 979 laudabilia.
1253 948 1367 979 Album
1388 950 1476 980 enim
1497 960 1560 991 pro

855 994 958 1034 bono,
984 996 1112 1034 nigrum
1140 1007 1200 1037 pro
1227 1000 1316 1029 malo
1333 1000 1456 1040 saepius
1474 1001 1561 1042 posi-

854 1048 926 1075 tum
942 1044 1069 1077 videas.
1093 1047 1242 1079 Turneb.
1261 1057 1395 1080 xxvnx.
1413 1054 1466 1082 35.

899 1098 959 1126 111
979 1096 1036 1127 Nil
1046 1098 1163 1137 moror]
1181 1099 1240 1129 Nil
1254 1100 1420 1140 impedi03
1438 1111 1560 1134 conce-

854 1144 932 1176 dam
958 1147 1068 1178 onmia
1091 1148 1234 1179 honesta
1249 1159 1337 1190 esse,
1353 1151 1465 1182 omnia
1487 1153 1559 1183 fieri

854 1201 1014 1237 tanquam
1047 1200 1315 1241 proba.‘—Euge,
1346 1213 1459 1243 omnes,
1490 1205 1559 1246 ‹ij-eu]

855 1245 983 1278 Omnes
993 1258 1046 1279 res
1058 1249 1287 1282 Romanorum
1299 1253 1445 1293 egregiae
1454 1255 1560 1295 eritis,

854 1301 889 1328 et
906 1298 1033 1338 optime
1050 1310 1108 1330 vos
1120 1301 1303 1334 habebitis.
1329 1302 1560 1336 Assentientis

854 1348 1020 1388 scoptice.
1058 1350 1179 1381 Totum
1197 1355 1312 1382 autem
1333 1362 1394 1392 per
1410 1352 1560 1384 Ironiam

853 1407 929 1428 cuin
947 1398 1015 1429 risu
1032 1399 1223 1439 legendum.
1270 1401 1358 1432 Nam
1377 1402 1482 1433 tacite
1507 1403 1559 1443 ip-

854 1457 925 1478 sum
941 1448 1068 1488 ridens,
1085 1451 1198 1481 omnia
1213 1452 1406 1482 mortalium
1420 1453 1502 1484 vitia
1523 1463 1559 1485 se

854 1502 1050 1530 notatarum
1065 1501 1245 1540 significat.
1270 1502 1384 1534 Lubin.

898 1554 959 1582 112
983 1552 1169 1594 Hoc-Juvat]
1216 1554 1300 1585 Haec
1314 1564 1388 1586 mea
1405 1555 1507 1588 rerba
1523 1561 1559 1589 et

852 1602 927 1633 haee
943 1612 1020 1633 mea
1035 1604 1144 1634 oratio
1163 1609 1195 1634 te
1218 1604 1318 1644 juvat
1336 1610 1371 1636 et
1394 1605 1559 1647 delectat,

855 1664 932 1685 cum
949 1655 1118 1685 neminem
1135 1655 1361 1695 reprehendo,
1396 1657 1485 1688 Nam
1501 1658 1560 1689 illa

854 1715 931 1745 quae
949 1705 1143 1745 displicent,
1156 1715 1222 1736 non
1239 1706 1387 1737 libenter
1404 1707 1560 1739 audis.—

853 1755 920 1786 Hic
936 1755 1053 1796 inquis]
1085 1756 1331 1796 Prosopopoeia
1345 1757 1422 1788 vani
1439 1758 1560 1790 Poetae

855 1816 915 1836 sua
945 1806 1097 1836 carmina
1120 1807 1325 1846 reprehendi
1351 1809 1559 1839 vetantis.—

855 1855 934 1894 Hz'c]
960 1855 1000 1885 In
1028 1856 1234 1887 carminibus
1261 1857 1357 1897 meis,
1386 1868 1460 1899 quae
1489 1863 1560 1890 tau-

854 1915 954 1945 quam
981 1906 1072 1936 locus
1096 1916 1206 1945 sacer,
1224 1907 1381 1946 religiose
1404 1909 1562 1948 colenda,

855 1959 890 1985 et
927 1964 996 1985 non
1034 1955 1306 1986 contaminanda.
1373 1957 1438 1988 Vel
1475 1962 1557 1997 veto,

856 2005 951 2046 quasi
982 2005 1024 2035 ad
1061 2006 1234 2036 Neronem
1272 2006 1425 2046 respicit,
1458 2008 1557 2048 cujus

855 2059 930 2085 erat
947 2061 1063 2085 vetare
1078 2059 1113 2086 et
1128 2055 1308 2096 imperare,
1322 2066 1364 2087 ne
1381 2057 1453 2098 quis
1469 2059 1558 2090 mala

856 2108 1136 2148 reprehenderet.
1182 2109 1272 2139 Nolo
1298 2119 1352 2139 me
1380 2110 1556 2151 quisquam

855 2160 1042 2200 vituperet,
1060 2161 1301 2201 reprehendat.
1329 2161 1558 2194 Similitudiue

855 2209 959 2240 ducta
976 2220 995 2240 a
1009 2211 1093 2241 loeis
1111 2212 1330 2251 consecratis,
1342 2211 1400 2242 ubi
1415 2221 1456 2242 ne
1476 2211 1557 2253 quid

854 2260 1004 2291 obscoeni
1020 2261 1119 2292 fieret
1134 2271 1153 2291 a
1170 2262 1296 2301 pueris,
1309 2262 1376 2292 duo
1392 2262 1558 2294 dracones

855 2308 897 2338 ad
916 2310 988 2339 illos
1015 2309 1178 2349 fugandos
1195 2310 1557 2351 pingebantur.—-Ole-

855 2359 938 2398 tum]
976 2360 1117 2391 Stercus
1143 2361 1336 2397 humanum,
1353 2361 1468 2400 μίνθος.
1512 2362 1555 2393 Id

855 2414 918 2449 est,
936 2409 1057 2441 Alvum
1074 2416 1248 2443 exoneret.
1273 2413 1385 2444 Lubin.

898 2463 958 2491 113
983 2461 1098 2500 Pinge,
1113 2462 1183 2502 Esau]
1229 2462 1270 2493 ln
1293 2463 1460 2494 vestibulo
1484 2473 1557 2494 car-

852 2510 980 2542 minum
998 2516 1143 2552 tnorum,
1160 2517 1321 2554 tanquam
1346 2514 1420 2544 loco
1445 2523 1557 2551 sacro,

854 2562 957 2602 pinge
980 2563 1062 2593 dnos
1090 2563 1253 2594 dracones
1281 2568 1315 2593 et
1341 2562 1429 2593 adde
1453 2563 1558 2592 inter-

853 2612 995 2652 dictum,
1017 2614 1120 2653 pueri,
1131 2623 1216 2644 sacer
1230 2616 1276 2643 est
1291 2613 1382 2650 locus,
1398 2615 1506 2647 extra,-
1521 2612 1556 2642 id

853 2669 918 2703 est,
945 2664 1055 2703 Pinge
1071 2662 1207 2703 aliquod
1231 2662 1374 2701 signum,
1398 2669 1464 2700 quo
1486 2670 1556 2692 mo·

852 2723 946 2754 near,
963 2723 982 2744 a
1002 2713 1123 2754 quibus
1138 2711 1219 2744 mihi
1235 2711 1279 2742 sit
1294 2709 1555 2750 abstinendum
