1888 3032
252 118 310 159 46

253 223 331 265 Nil
350 236 507 264 moror.

760 128 804 158 A.
841 127 1003 158 PERSII
1039 127 1212 157 FLACCI

569 222 715 273 Euge!
747 234 912 271 onmes,
933 234 1085 263 omnes
1107 223 1216 263 bene
1235 224 1359 265 mirae
1381 225 1499 266 eritis
1519 238 1602 266 res.

252 291 355 331 Hoc
371 291 531 344 juvat?
565 290 671 338 Hie,
694 290 855 342 inquis,
877 293 977 330 veto
999 291 1233 344 quisquam
1253 292 1368 333 faxit
1387 292 1564 333 oletum.

250 358 386 412 Pinge
408 359 518 398 duos
539 369 698 409 angues
716 371 725 398 ε
757 357 894 411 pueri,
916 370 1040 397 sacer
1060 362 1125 398 est
1145 358 1270 398 locus
1288 372 1297 399 :
1329 363 1452 400 extra

247 477 317 508 ceps
328 468 467 508 pulchra.

248 512 333 540 valde
347 510 554 542 admirabilia.

242 554 339 593 pinge
355 554 438 583 binos
452 557 617 594 serpentes.

860 649 974 660 eeeeee

518 468 588 498 Non
612 467 744 506 inipedio
760 468 945 508 quidquam.-
970 469 1043 500 bene
1059 472 1116 499 est.

600 511 688 541 Istud
702 512 825 551 placet.-
849 512 924 550 illic,
938 513 998 551 uis,
1013 512 1170 553 prohibeo,
1194 523 1231 543 ne
1255 514 1334 543 ullas
1353 512 1458 550 faciat
1473 516 1599 544 stercus.

675 555 705 585 Ο
721 555 863 594 juvenes,
885 558 992 586 sancta
1019 559 1067 586 est
1094 559 1180 586 terra
1205 556 1300 587 haec:
1328 555 1421 593 sorus
1447 556 1555 586 lotium
1580 556 1711 588 mittite.

1166 469 1296 507 Omnia,
1313 469 1427 508 omnia,
1453 469 1601 511 inquam,
1625 471 1717 503 eritis

978 649 1093 660 eeeeee

245 723 311 753 Ms.
330 723 369 753 R.
386 732 474 754 versu
492 724 557 754 ΜΞ.
575 724 757 756 Gal.—lll
783 736 898 765 omnes,
924 729 953 756 et
980 726 1062 757 enim
1086 726 1159 758 bene
1185 729 1252 759 Ms.
1279 729 1320 759 R.
1358 738 1438 760 omn.
1456 728 1569 759 etenim
1583 727 1655 759 bene
1672 728 1711 759 C.

243 776 356 805 omnes,
371 776 420 797 res
435 777 536 797 omnes
553 768 618 799 ΜΒ.
636 768 710 800 Gal.

755 768 820 799 vidi
834 769 885 799 hic
901 769 965 799 ruli
981 769 1045 801 Ms.
1065 770 1107 801 R.

905 871 1045 903 NOTAE

287 945 346 973 111
374 943 501 983 Omnes,
526 945 643 985 omnes]
678 946 765 978 Volo
789 946 949 986 deinceps

243 994 366 1032 omnia,
382 995 503 1035 onmia,
520 996 668 1037 inquam,
693 1006 769 1026 cum
795 996 868 1026 aliis
894 996 950 1026 ad-

241 1045 369 1082 mirari,
386 1049 423 1075 ut
439 1051 474 1075 tu
489 1045 584 1086 facis,
601 1051 635 1077 et
647 1047 750 1087 jubes
767 1057 819 1078 me
837 1051 948 1078 tecum

241 1093 370 1132 facere,
385 1104 404 1125 o
422 1095 581 1127 monitor.

285 1145 371 1175 Bene
394 1147 481 1176 Μῖνα)
496 1146 585 1176 eritis
599 1148 662 1188 res]
695 1148 854 1179 Ridicula
876 1157 948 1178 ver-

241 1204 296 1225 sns
325 1195 476 1226 clausula
503 1197 684 1228 ridiculum
714 1198 946 1228 adulatoribus

240 1245 478 1276 consentiendi
511 1247 685 1277 consilium
722 1249 861 1288 egregie
889 1257 946 1278 ex-

240 1295 368 1335 primit.
413 1295 520 1327 Juxta
538 1297 621 1327 illud
640 1297 775 1327 Horatii
795 1307 946 1337 praecep-

238 1351 307 1376 tum
325 1346 396 1377 Sat.
415 1349 465 1376 10.
486 1346 542 1377 lib.
559 1355 582 1377 1.
604 1348 612 1363 ⁶
632 1347 676 1377 Et
691 1347 844 1377 sermone
861 1357 945 1387 opus

238 1402 291 1427 est
307 1397 406 1427 modo
424 1397 528 1436 tristi,
544 1398 787 1437 saepejocoso:
817 1396 946 1427 Defen-

239 1447 343 1478 dente
375 1447 482 1477 vicem
514 1447 612 1477 modo
645 1447 815 1486 Rhetoris,
843 1453 946 1486 atque

237 1496 371 1534 Po'e'tae,
401 1496 578 1527 Interdum
617 1497 737 1527 urbani
776 1497 946 1537 parcentis

236 1546 377 1586 viribm,
403 1551 506 1588 atque
532 1547 759 1577 Extenuantis
785 1557 841 1577 eas
870 1556 950 1577 con—

236 1597 348 1628 sulto.'

281 1652 341 1680 112
367 1650 437 1679 Hoc
454 1650 562 1690 jurat]
608 1651 731 1681 Placet
754 1650 816 1682 tibi
834 1660 945 1680 meum

233 1700 298 1731 hoc
318 1701 542 1741 propositum,
559 1712 577 1732 0
594 1703 754 1741 monitor,
771 1702 857 1732 hene
879 1706 943 1732 est.

279 1751 355 1790 Hic,
381 1750 495 1790 inquis,
519 1751 588 1791 ἔξω]
637 1752 722 1782 Haec
740 1752 793 1782 vel
811 1757 868 1781 tua
889 1752 943 1781 vel

234 1800 382 1831 Neronis
416 1801 565 1832 carmina
604 1803 744 1833 satirica
781 1802 943 1833 libertate

233 1851 353 1881 violari
370 1852 528 1891 prohibes
545 1864 552 1890 ;
578 1853 620 1883 ab
638 1853 686 1883 his
704 1853 942 1884 abstinendum

232 1901 357 1942 inquis,
372 1906 409 1932 ut
426 1912 445 1932 a
460 1912 553 1933 sacro
570 1904 643 1934 loco
660 1904 917 1944 conspurcando
932 1914 940 1934 ε

232 1960 315 1991 ergo
342 1956 380 1982 ut
405 1953 599 1983 sanctitatis
616 1963 730 1984 eorum
748 1954 943 1993 admonear,

232 2010 274 2031 ne
303 2011 343 2032 ea
368 2011 509 2042 carpere
533 2004 612 2033 mihi
638 2002 729 2034 forte
754 2004 942 2044 contingat,
965 2030 970 2035 .

231 2060 366 2091 appone
382 2057 479 2082 notas
496 2053 638 2093 aliquas,
654 2054 940 2094 quemadmodum

232 2100 266 2131 in
292 2100 375 2131 locis
400 2103 504 2132 saeris
522 2103 660 2143 appingi
686 2105 797 2134 solent
822 2104 939 2135 draco-

231 2162 291 2184 nes
307 2159 342 2183 et
360 2158 550 2193 serpentes,
577 2155 646 2185 sive
676 2160 714 2186 ut
735 2156 862 2186 Genios
889 2166 939 2186 sa-

231 2213 306 2234 cros
337 2214 375 2234 a‹:
409 2205 502 2235 Deos
533 2205 712 2236 Tutelares
741 2205 938 2245 exhibeant,

231 2254 301 2284 sive
329 2258 365 2285 ut
394 2254 555 2285 terribilis
582 2256 636 2286 illa
664 2255 796 2296 species
824 2262 939 2287 arceat

231 2303 402 2344 profanos.
855 2332 858 2334 v

276 2357 336 2384 113
362 2355 463 2393 Pinge
479 2357 555 2385 duos
570 2356 700 2397 angues]
735 2357 833 2390 Quod
853 2355 937 2387 anti-

231 2404 288 2448 qui
306 2404 366 2434 sub
392 2405 506 2444 specie
529 2405 712 2436 draconum
739 2412 773 2436 et
800 2416 937 2446 serpen-

230 2458 303 2484 tum
331 2453 498 2484 coluerint
515 2455 608 2484 Deos
633 2461 668 2485 et
694 2457 841 2486 locorum
869 2456 936 2486 Ge-

229 2504 301 2535 nios
317 2509 447 2534 constat
464 2513 506 2534 ex
523 2505 701 2536 Herodoto
731 2506 850 2536 l.V111.
876 2506 934 2536 ubi

231 2554 273 2584 de
291 2563 401 2593 angue
431 2554 525 2585 Arcis
542 2555 754 2586 Athenarum
780 2555 935 2593 custode,

230 2605 377 2644 Deoque
393 2604 545 2635 Tutelari
572 2605 677 2636 verba
701 2605 796 2636 facit.
844 2606 932 2636 Item

229 2653 289 2684 lib.
307 2663 347 2684 11.
374 2654 423 2685 ait
449 2654 542 2686 circa
563 2655 695 2686 Thebas
722 2666 836 2686 sacros
859 2665 932 2686 csse

229 2709 420 2745 serpentes,
445 2705 502 2747 qui
528 2705 653 2737 mortui
678 2706 711 2737 in
739 2706 834 2738 Jovis
859 2706 931 2737 aede

1005 946 1227 986 sepeliantur.
1276 947 1370 978 Nota
1391 946 1493 977 etiam
1510 949 1562 976 est
1574 945 1713 976 historia

1004 998 1047 1028 de
1072 1003 1231 1038 serpente
1263 997 1447 1038 Epidaurio
1476 997 1620 1027 devecto
1645 996 1712 1027 Ro-

1004 1058 1105 1087 mam,
1120 1054 1155 1079 et
1169 1053 1345 1079 exstructa
1359 1047 1432 1078 aede
1450 1048 1544 1078 culto
1562 1046 1631 1077 illic
1648 1055 1711 1086 pro

1004 1100 1213 1139 AEsculapio,
1235 1099 1277 1130 de
1295 1109 1360 1140 quo
1378 1099 1451 1138 lege
1474 1097 1545 1129 Tit.
1561 1096 1636 1127 Liv.
1654 1095 1711 1128 lib.

1004 1157 1042 1180 x.
1075 1149 1223 1188 Florum,
1252 1149 1308 1179 lib.
1339 1158 1390 1180 xi.
1447 1147 1649 1179 Pausaniam
1675 1146 1710 1177 in

1004 1199 1254 1230 Corinthiacis:
1281 1204 1315 1229 et
1332 1199 1426 1230 alios.
1471 1197 1633 1238 Virgilius
1656 1206 1712 1228 au-

1004 1254 1073 1279 tem
1088 1249 1221 1280 AEneid.
1243 1258 1275 1279 v.
1294 1252 1346 1280 82.
1376 1252 1551 1289 postquam
1577 1257 1619 1277 ex
1644 1246 1714 1278 An-

1002 1299 1103 1329 chisae
1121 1300 1250 1329 tumulo
1267 1309 1411 1339 anguem
1428 1299 1551 1328 exiisse
1578 1298 1710 1337 retulit,

1001 1349 1173 1389 subjungit
1205 1349 1246 1379 de
1280 1349 1398 1389 AEnea,
1427 1348 1609 1379 ‘Incertus
1642 1347 1710 1378 Ge-

1002 1400 1137 1429 niumne
1156 1400 1220 1429 loci
1235 1399 1441 1430 famulumne
1459 1399 1610 1439 parentis
1624 1399 1709 1429 Esse

1002 1449 1122 1490 putet)
1171 1450 1376 1490 Propertius
1393 1450 1490 1489 Eleg.
1507 1459 1556 1480 ιν.
1576 1451 1606 1479 S.
1623 1448 1631 1464 ‘
1647 1449 1710 1480 La·

1000 1499 1139 1530 nuvium
1156 1500 1273 1530 annosi
1291 1506 1388 1529 vetus
1417 1506 1467 1529 est
1493 1501 1600 1530 tutela
1620 1499 1710 1529 Dra-

1001 1550 1118 1582 conis.'
1180 1551 1271 1581 Hinc
1297 1560 1377 1589 ergo
1406 1554 1458 1580 est
1486 1549 1576 1589 qnod
1605 1548 1710 1579 sacris

1000 1601 1087 1632 locis
1117 1603 1314 1632 Draconum
1343 1600 1458 1639 figura*
1486 1599 1710 1639 appingeren-

1000 1655 1067 1690 tur,
1082 1655 1121 1681 ut
1136 1654 1253 1680 auctor
1270 1654 1323 1680 est
1347 1648 1528 1679 Turnebus
1552 1657 1636 1679 xm.
1656 1651 1707 1678 12.

1000 1706 1034 1732 et
1051 1710 1125 1731 Xiv.
1142 1703 1173 1731 4.
1202 1701 1260 1730 ubi
1287 1704 1322 1731 et
1349 1701 1460 1731 locum
1485 1700 1573 1730 hunc
1596 1700 1708 1731 Persii

1000 1750 1110 1782 affert.
1157 1751 1226 1781 Cur
1241 1750 1386 1792 denique
1414 1751 1474 1781 sub
1502 1751 1617 1791 specie
1639 1760 1707 1781 ser-

1000 1808 1142 1843 pentum
1178 1808 1279 1843 atque
1321 1802 1517 1841 draconum,
1555 1802 1707 1833 locorum

1000 1853 1141 1891 Genios,
1170 1862 1209 1882 ac
1248 1853 1354 1891 Deos,
1387 1851 1588 1893 Hero-nsque
1617 1852 1707 1883 cole-

999 1909 1088 1942 rent,
1106 1903 1365 1944 pingerentque,
1390 1902 1544 1933 Macrob.
1567 1903 1705 1934 Saturn.

996 1963 1021 1984 1.
1039 1956 1089 1984 20,
1108 1954 1271 1984 rationem
1287 1953 1421 1983 videtur
1435 1953 1616 1992 attingere,
1628 1963 1704 1983 cum

994 2004 1055 2043 ait,
1078 2003 1155 2034 ideo
1172 2003 1296 2033 Salutis
1313 2007 1348 2032 et
1363 2002 1548 2042 AEseulapii
1573 2002 1706 2033 simula-

995 2055 1061 2085 cris
1084 2054 1220 2094 appingi
1248 2053 1434 2083 draconum
1462 2051 1599 2092 figuras,
1625 2053 1705 2094 quia

995 2109 1160 2144 praestant
1186 2108 1224 2134 nt
1252 2103 1397 2134 humana
1428 2112 1582 2143 corpora,
1609 2104 1704 2135 velut

992 2154 1200 2185 infirmitatis
1218 2155 1307 2194 pelle
1324 2154 1493 2194 deposita,
1522 2154 1565 2184 ad
1592 2155 1704 2195 pristi-

992 2215 1071 2236 num
1088 2205 1297 2235 revirescant
1322 2205 1486 2245 vigorem,
1504 2205 1591 2235 sicut
1615 2205 1703 2236 revi-

993 2260 1130 2285 rescunt
1146 2251 1311 2285 dracones
1332 2264 1393 2294 per
1414 2264 1517 2284 annos
1542 2254 1702 2296 singulos,

992 2305 1079 2345 pelle
1107 2306 1293 2335 senectutis
1322 2311 1436 2336 exuta.
1493 2305 1594 2334 Unde
1622 2314 1701 2335 con-

993 2355 1130 2385 cludere
1162 2354 1264 2392 licet3
1305 2359 1494 2394 serpentes,
1531 2364 1570 2383 eo
1609 2354 1698 2394 quod

991 2404 1096 2434 veluti
1114 2405 1292 2445 quotannis
1311 2405 1551 2445 juvenescunt,
1567 2404 1702 2435 immor-

992 2456 1159 2486 talitatem
1191 2455 1276 2484 bene
1308 2455 1510 2494 significare,
1538 2455 1629 2485 Dens
1661 2459 1698 2487 et

991 2505 1123 2534 Heroas
1141 2504 1268 2543 optime
1286 2503 1473 2543 designare,
1490 2514 1527 2534 ac
1542 2508 1697 2544 propter-

990 2563 1030 2583 ea
1055 2553 1135 2583 locis
1162 2553 1266 2583 sacris
1293 2553 1445 2593 appingi.
1492 2554 1696 2585 Plutarchus

988 2604 1086 2634 aliam
1103 2602 1204 2634 affert
1220 2613 1370 2641 causam,
1387 2604 1446 2634 sed
1463 2614 1538 2635 meo
1560 2604 1694 2644 judicio

986 2654 1083 2685 valde
1100 2653 1243 2692 futilem,
1268 2654 1302 2684 in
1330 2654 1410 2684 Vita
1436 2654 1625 2685 Cleomenis
1649 2655 1692 2689 ad

986 2705 1099 2747 finem,
1115 2704 1171 2736 ubi
1188 2709 1305 2736 narrat
1322 2704 1381 2736 fixi
1406 2705 1439 2736 in
1467 2715 1570 2737 cruce
1596 2706 1694 2738 Cleo-
