1888 3032
245 164 303 204 44
784 169 831 201 A.
865 168 1027 199 pensu
1062 169 1236 202 FLAccr

251 269 392 311 Euiou
414 266 640 324 ingeminat
662 281 672 304 .·
703 264 948 320 reparabiliS
966 273 1127 306 assonat
1149 265 1278 308 Echo.

249 339 369 380 Haee
392 339 556 387 fierent,
580 337 616 376 si
637 336 830 377 testiculi
853 349 963 377 vena
982 336 1072 376 ulla
1094 338 1263 390 paterni

246 405 426 447 Viveret
448 407 490 445 in
514 404 671 444 nobis?
706 417 877 444 summa
897 404 1095 445 delumbe
1119 405 1261 446 saliva

250 474 354 514 Hoc
375 476 492 512 natat
514 473 558 511 iu
579 472 730 522 labris,
753 476 794 513 et
815 474 858 512 in
878 473 964 514 udo
986 478 1051 513 est
1074 473 1246 514 Maenas
1265 477 1309 515 et
1329 473 1478 517 Attin:

253 540 349 581 Nec
371 540 564 592 pluteum
587 540 731 591 caedit,
752 554 831 581 nee
852 540 1079 582 demorsos
1102 543 1218 595 sapit
1240 555 1422 595 ungues.

1637 475 1722 516 105

243 660 347 691 baculo
372 661 541 701 petulanti,
572 665 600 692 et
631 662 752 692 Moenas
779 662 897 701 lyncem
924 661 1124 692 incurratur-a
1151 661 1337 692 hederarum
1364 661 1570 702 uvis‚soepz’us
1595 662 1722 701 clamat,

243 704 334 734 evo‘e':
357 708 480 734 resonat
502 705 584 735 Echo
600 709 741 744 repetens
756 714 852 735 voces.
900 703 953 734 An
975 705 1052 734 talia
1068 704 1215 734 carmina
1236 706 1450 743 conderentur,
1472 706 1499 735 si
1523 705 1556 735 in
1577 704 1663 735 nobis
1677 706 1723 735 vi-

241 750 332 784 geret
353 757 426 787 pars
441 748 543 787 aliqua
560 747 690 777 virtutis
707 745 882 785 majorum?
919 748 1003 776 Illud
1019 747 1234 777 nihilominus
1257 757 1394 778 carmen
1411 758 1518 778 enerve
1534 747 1614 788 fluit
1630 748 1663 778 in
1678 749 1722 778 la-

245 788 334 820 bellis
348 793 487 821 extrema
503 792 600 821 salira
612 801 622 826 ;
656 793 686 820 et
704 790 827 820 Maenas
842 792 873 819 et
886 789 982 820 Attin
995 791 1028 819 in
1044 789 1169 820 humido
1187 793 1231 820 est
1246 801 1256 820 .·
1291 800 1388 831 neque
1399 791 1536 831 percutit
1551 790 1721 832 pulpitum,

247 949 361 981 locum
384 949 432 981 sic
447 950 517 991 legi
533 962 539 980 :
573 950 702 981 Summa
717 949 854 981 delumbe
870 950 967 986 salira
992 950 1062 981 Hoc
1075 953 1166 981 natat
1179 950 1212 981 in
1229 950 1459 989 labrisjejuno;
1493 953 1524 981 et
1550 950 1673 982 Moenas
1693 953 1725 982 et

916 1037 1056 1068 NOTAE

247 1111 312 1142 sari
335 1116 428 1143 veste
446 1112 559 1151 talari,
577 1122 643 1153 qua
661 1112 717 1143 ille
743 1113 959 1145 induebatur.

249 1163 327 1193 Non
342 1164 454 1203 placet
469 1164 675 1204 etymologia
686 1163 746 1193 ἀπὸ
756 1165 818 1194 τῶν
833 1163 960 1200 βήσσων

249 1223 268 1244 a
285 1214 430 1245 vallibus
456 1219 491 1245 et
520 1214 662 1245 saltibus
679 1215 711 1244 in
732 1214 852 1255 quibus
880 1215 959 1246 bac-

249 1264 442 1295 chabantur
457 1276 465 1303 ;
501 1275 564 1295 nec
583 1264 643 1295 ἀπὸ
658 1266 713 1295 τοῦ
728 1264 851 1305 βάζειν,
868 1266 960 1307 quod

250 1318 303 1345 est
321 1314 412 1355 loqui
430 1325 490 1344 seu
504 1315 701 1346 vociferari.

291 1364 444 1404 Lyncem]
468 1365 588 1406 Lynces
603 1375 740 1396 currum
754 1366 881 1397 Bacchi
895 1370 960 1397 tra-

247 1415 345 1454 hunt,
373 1416 461 1447 sicut
485 1422 519 1446 et
547 1417 665 1457 tigreS,
690 1418 862 1448 maculosa
892 1418 961 1447 ani-

247 1466 361 1505 malia,
377 1471 412 1497 et
430 1467 538 1497 varios
554 1467 624 1497 vini
641 1466 787 1498 effectus
806 1468 960 1508 apprime

251 1515 489 1555 significantia.
543 1518 599 1547 De
615 1517 686 1548 istis
703 1518 781 1549 vide
798 1519 888 1549 Plin.
904 1518 960 1550 lib.

250 1575 332 1598 uu.
360 1566 403 1597 de
431 1567 570 1607 tigride,
596 1577 672 1608 cap.
696 1571 748 1599 18.
778 1568 820 1599 de
846 1570 963 1610 lynce,

252 1627 330 1658 cap.
347 1620 400 1648 38.

296 1668 436 1708 Jlaenas]
458 1667 535 1698 Ἀπὸ
551 1669 607 1699 τοῦ
621 1667 795 1710 μαίνεσθαι,
806 1670 894 1710 quod
910 1674 963 1701 est

251 1717 380 1758 furere,
393 1719 568 1750 Maenades
583 1720 765 1760 appellatae
783 1725 862 1750 sunt
875 1721 962 1751 Bac-

253 1769 409 1800 chantes.

298 1820 476 1861 Corymbis]
524 1820 696 1862 Corymbus
733 1826 787 1853 est
823 1822 962 1859 hederae

254 1870 400 1904 fructus.
459 1872 527 1902 Hic
551 1872 705 1913 intellige
723 1873 776 1903 vel
798 1873 926 1913 virgam
945 1883 963 1904 e

254 1921 384 1963 thyrso,
408 1923 463 1953 vel
490 1922 633 1953 fraenum
662 1923 797 1954 hederis
826 1924 963 1954 intortis

254 1977 425 2004 ornatum.
473 1973 623 2004 Hederae
652 1984 732 2004 vero
757 1975 896 2005 Baccho
914 1985 964 2005 sa-

255 2032 333 2062 crae,
351 2022 430 2063 quia
455 2028 632 2054 revertens
661 2023 705 2054 ab
733 2024 832 2055 India
856 2024 965 2055 victor

254 2072 305 2102 his
322 2082 394 2103 sese
411 2074 600 2105 coronavit.

300 2126 360 2153 102
386 2124 504 2164 Ειιὶοη]
539 2125 637 2155 Euios
661 2124 787 2156 dicitur
805 2125 962 2156 Bacchus

254 2174 311 2204 vel
343 2182 363 2203 a
393 2183 475 2204 voce
510 2175 759 2205 Bacchautium
790 2175 873 2206 εὐοΐ;
910 2175 964 2205 vel

256 2223 345 2264 quod
365 2224 407 2254 ob
424 2234 477 2255 res
493 2225 654 2256 adversus
679 2226 845 2266 Gigantes
869 2225 965 2257 forti-

256 2280 310 2305 ter
337 2280 462 2316 gestas,
487 2276 642 2306 laudatus
672 2282 724 2308 est
752 2288 771 2308 a
797 2278 885 2310 Jove
915 2276 966 2307 his

255 2325 367 2355 verbis
383 2338 391 2364 3
415 2324 448 2356 εὖ
465 2325 520 2366 υἱὲ,
536 2337 623 2367 euge,
641 2328 709 2369 fili.
756 2329 880 2361 Horat.
899 2328 965 2360 Od.

256 2382 298 2406 11.
316 2378 369 2406 19.

303 2426 516 2466 Helua-abilis]
562 2428 646 2460 Quae
665 2439 765 2459 voces
784 2434 965 2470 pereuntes

259 2482 398 2517 reparat
414 2477 615 2517 repetendo,

305 2527 405 2567 Echo]
445 2527 551 2558 Dicta
575 2527 634 2558 ἀπὸ
657 2529 713 2558 τοῦ
731 2529 833 2568 ἠχεῖν,
847 2539 966 2560 souare.

259 2578 377 2609 Fuisse
395 2578 540 2618 puellam
558 2578 601 2608 ob
616 2579 848 2619 garrulitatem
862 2579 896 2609 in
913 2589 967 2610 vo-

260 2639 335 2660 cem
360 2640 377 2660 a
403 2629 539 2661 Junone
568 2635 735 2661 mutatam
757 2629 967 2661 fabulantur.

261 2680 353 2710 Quid
383 2689 501 2710 revera
529 2680 574 2711 sit
601 2681 697 2719 Echo,
732 2681 883 2722 explicat
919 2681 968 2712 di-

260 2736 352 2762 sci-te
369 2731 459 2763 Plin.
478 2739 519 2762 ιι.
536 2734 587 2762 45.
605 2736 639 2762 et
656 2740 789 2763 xxxvr.
809 2734 860 2762 15.
907 2732 969 2762 Le-

1016 1123 1056 1153 ge
1075 1118 1110 1144 et
1126 1113 1230 1145 Ovid.
1247 1115 1390 1147 Metam.
1407 1124 1462 1146 111.
1482 1119 1514 1147 5.
1531 1118 1567 1146 et
1582 1112 1725 1146 Ausonii

1015 1164 1234 1204 Epigramma
1252 1165 1479 1199 undecimum,

1058 1217 1119 1244 103
1149 1215 1311 1255 Testiculi]
1355 1216 1514 1256 Metaph.
1542 1215 1643 1256 paulo
1667 1225 1726 1246 au-

1015 1264 1132 1295 dacior
1147 1270 1181 1296 et
1197 1266 1400 1298 obscoenior.
1447 1266 1489 1297 ld
1506 1272 1569 1305 est,
1582 1266 1609 1296 si
1624 1266 1728 1297 virili-

1014 1315 1094 1345 tatis
1113 1316 1261 1357 autiquae
1276 1321 1311 1347 et
1328 1317 1464 1348 virtutis
1481 1327 1519 1347 ac
1537 1317 1725 1356 diligentiae

1016 1366 1183 1406 majorum
1223 1372 1415 1398 nostrorum
1446 1367 1629 1407 vestigium
1666 1367 1726 1398 ali-

1017 1416 1106 1455 quod
1138 1416 1173 1446 in
1206 1415 1303 1447 nobis
1337 1421 1544 1457 superesset.
1604 1418 1727 1449 Horat.

1018 1466 1129 1505 Epod.
1156 1470 1208 1498 15.
1243 1471 1251 1484 ⁶
1278 1467 1313 1498 Si
1341 1467 1423 1509 quid
1451 1468 1485 1499 in
1515 1468 1638 1499 Flacco
1664 1469 1728 1500 viri

1017 1515 1096 1546 est!

1062 1569 1124 1597 104
1149 1567 1317 1607 Delumbe]
1352 1568 1393 1599 Id
1412 1573 1474 1608 est,
1501 1569 1570 1599 sine
1595 1569 1728 1610 lumbis,

1017 1621 1053 1648 et
1067 1617 1137 1647 sine
1152 1618 1292 1650 viribus.
1337 1620 1426 1650 Nam
1442 1620 1475 1650 in
1491 1620 1556 1650 illis
1575 1621 1727 1661 corporis

1016 1667 1162 1697 maxime
1180 1667 1283 1697 robur
1299 1674 1455 1708 apparet.

1060 1716 1186 1747 Summa
1202 1718 1300 1748 salira
1317 1718 1421 1758 natat]
1465 1719 1638 1760 Ejusmodi
1655 1730 1727 1751 car-

1016 1776 1093 1797 men
1113 1777 1238 1798 enerve
1267 1770 1508 1809 pronuntiatur
1525 1771 1730 1811 primoribus

1017 1817 1136 1858 labris,
1152 1818 1207 1849 uhi
1227 1819 1409 1859 plurimum
1433 1821 1549 1851 salivae
1574 1831 1649 1852 esse
1677 1832 1728 1853 so-

1017 1869 1090 1907 let;
1116 1879 1181 1899 non
1197 1875 1311 1900 autem
1329 1871 1417 1901 virili
1432 1872 1577 1912 quadam
1592 1882 1674 1903 voce
1692 1878 1728 1905 et

1019 1929 1062 1950 ex
1080 1920 1145 1950 imo
1159 1926 1300 1961 pectore
1318 1921 1452 1954 educta.
1499 1924 1631 1954 Etcum
1651 1923 1730 1954 blae-

1017 1981 1065 2011 se,
1084 1972 1242 2012 molliter,
1262 1977 1378 2003 tenere
1396 1974 1658 2014 pronuntiarunt
1678 1974 1729 2005 illi

1019 2022 1206 2061 Po‘e‘tastri‚
1223 2028 1294 2054 tum
1312 2034 1347 2054 se
1365 2024 1516 2064 egregios
1535 2023 1661 2056 Poetas
1676 2035 1728 2056 ar-

1018 2074 1200 2113 bitrantur,
1216 2074 1295 2114 quia
1321 2073 1412 2105 forte
1441 2075 1656 2106 adulatorum
1674 2086 1729 2108 ac-

1019 2125 1239 2155 clamationes
1258 2125 1391 2165 ineptas
1407 2125 1600 2157 audierunt.

1062 2178 1122 2206 105
1150 2176 1194 2205 Et
1210 2176 1241 2206 in
1262 2177 1320 2206 udo
1347 2179 1391 2206 est
1418 2177 1554 2216 Mamas,
1577 2177 1647 2218 ᾃϊ.]
1686 2177 1729 2209 In

1019 2226 1086 2257 udo
1119 2236 1206 2267 esse,
1236 2232 1272 2258 et
1301 2237 1432 2258 summa
1460 2228 1567 2258 saliva
1597 2233 1730 2268 natare,

1021 2276 1112 2307 idem
1139 2283 1214 2307 'esse
1231 2277 1378 2308 videtur.
1424 2278 1546 2308 Potest
1562 2278 1664 2308 etiam
1682 2279 1729 2309 in-

1021 2327 1130 2367 telligi
1149 2327 1287 2358 Persius
1312 2328 1475 2368 conqueri
1502 2328 1590 2368 quod
1619 2329 1728 2360 Nero-

1019 2378 1121 2409 niana
1138 2378 1288 2408 carmina
1306 2383 1472 2418 perpetuo
1486 2378 1679 2409 habeantur
1695 2379 1729 2410 in

1020 2438 1075 2459 ore
1092 2428 1305 2459 adulatorum
1329 2431 1364 2458 e't
1390 2428 1581 2467 ineptorum
1608 2429 1730 2459 Roma-

1020 2488 1139 2509 norum
1155 2490 1163 2517 ;
1199 2479 1353 2519 adeoque
1381 2487 1516 2518 semper
1532 2478 1564 2508 in
1581 2479 1645 2509 udo
1661 2479 1730 2512 sint

1022 2528 1106 2559 etin
1125 2529 1230 2559 saliva
1246 2533 1377 2560 natent.
1425 2529 1524 2562 Quod
1542 2530 1728 2570 simplicius

1023 2586 1075 2611 est
1104 2585 1138 2611 et
1167 2581 1272 2619 magis
1302 2581 1428 2620 placet.
1487 2582 1543 2612 De
1570 2581 1671 2622 Any,
1694 2587 1731 2614 et

1024 2631 1181 2661 Maenade
1220 2641 1278 2661 seu
1317 2631 1476 2670 Bacchis,
1526 2632 1730 2664 Neronianis

1023 2681 1252 2721 Carminibus,
1268 2691 1345 2712 mox
1359 2682 1486 2712 dictum
1505 2687 1569 2713 est.

1068 2735 1129 2763 106
1154 2733 1313 2773 Plateam]
1343 2733 1474 2763 Pluteus
1490 2732 1657 2773 siguificat
1673 2733 1728 2764 hic
