1888 3032
850 147 887 187 to

884 147 907 187 υι

624 512 1019 570 SATIRA
1075 514 1131 570 Ι.

694 773 1056 806 ARGUMENTUM.

188 879 430 912 AMssrrioSAM
448 880 611 912 nobilium
628 882 661 912 in
681 881 886 912 carminibus
914 882 1101 914 condendis
1129 884 1328 924 vanitatem,
1346 895 1413 926 qua
1435 884 1547 918 onmia
1568 885 1610 918 ad

144 936 418 974 ostentationem,
441 936 597 974 neglecto
624 936 708 975 veri,
724 936 855 966 honesti
883 942 917 966 et
943 935 1175 977 simplicitatis
1203 939 1329 978 studio,
1357 946 1612 980 comparentur,

144 998 262 1019 severe
287 989 567 1029 repreliensurum
595 989 732 1029 poetam
760 990 887 1020 amicus
910 990 1046 1031 quidam
1071 992 1314 1032 superveniens
1331 1003 1350 1023 a
1370 994 1546 1033 proposito
1562 993 1611 1024 di-

143 1051 279 1072 movere
296 1047 448 1082 conatur,
463 1047 499 1072 et
516 1052 669 1073 sermone
694 1052 797 1083 super
822 1043 909 1074 hanc
936 1053 1008 1074 rem
1032 1044 1191 1076 instituto
1215 1045 1347 1077 initium
1373 1046 1471 1087 liujus
1495 1048 1611 1078 satirae

143 1097 353 1127 continetur.
402 1096 497 1126 Ordo
523 1097 771 1127 sententiarum
794 1096 849 1127 hic
867 1101 939 1128 est:
966 1097 1115 1137 Operam
1141 1099 1227 1129 ludis
1258 1099 1452 1138 scribendo,
1480 1101 1612 1141 scripta

141 1150 231 1180 enim
250 1156 308 1181 tua
324 1160 423 1181 nemo
438 1149 682 1191 leget.-Quid
699 1150 761 1180 hoc
775 1149 817 1180 ad
835 1150 911 1180 me?
935 1150 1029 1191 quasi
1046 1160 1126 1182 vcro
1151 1161 1265 1182 curem
1291 1162 1432 1192 pravum
1456 1164 1611 1186 meorum

141 1203 458 1245 civiumjudicium,
483 1213 623 1245 quorum
645 1213 756 1234 mores
785 1203 921 1233 omnino
946 1213 1084 1243 gravem
1109 1214 1287 1235 censuram
1313 1208 1612 1239 merentur.—Sed

142 1257 236 1297 heus,
253 1259 327 1299 quis
344 1263 377 1289 te
395 1268 569 1290 censorem
586 1257 962 1289 creavit?—Gravitati
988 1263 1022 1288 et
1049 1258 1224 1289 severitati
1247 1260 1358 1290 aetatis
1382 1269 1466 1291 meae
1490 1271 1611 1293 munus

143 1312 206 1343 hoc
223 1312 522 1343 convenit.—Non
545 1311 764 1342 mandabitur
789 1310 865 1350 tibi,
882 1311 1303 1352 iuquani.--Nihilominus
1321 1318 1433 1345 tamen
1456 1315 1510 1346 vel
1526 1315 1610 1346 invi-

142 1365 185 1396 tis
213 1366 380 1404 omnibus,
407 1370 530 1397 natura
556 1366 610 1397 vel
631 1366 774 1396 invitum
801 1365 1011 1406 impellente,
1031 1366 1250 1397 scribendum
1274 1368 1354 1398 mihi
1383 1373 1444 1399 est.
1484 1379 1532 1400 vs·
1558 1372 1610 1401 12.

141 1419 220 1451 Jam
237 1419 343 1459 ipsius
360 1419 550 1459 argumenti
567 1419 732 1449 tractatio
748 1419 883 1460 incipit,
900 1430 975 1460 quae
991 1424 1043 1451 est
1059 1430 1101 1450 ex
1119 1421 1308 1452 dramatico
1326 1432 1461 1462 genere.
1506 1423 1610 1454 Indu-

141 1473 231 1505 citur
253 1473 341 1504 enim
359 1473 493 1514 aliquis,
516 1473 573 1514 qui
602 1478 844 1512 praeposteram
872 1478 908 1504 et
934 1474 1163 1514 importunam
1187 1474 1276 1505 illius
1299 1476 1412 1506 aetatis
1437 1476 1611 1508 scribendi

140 1526 352 1567 pruriginem
363 1519 774 1558 defendam—Scribimus
790 1526 1155 1565 sublimia.—Scilicet‚
1170 1528 1370 1569 interpellat
1382 1539 1457 1559 eum
1472 1530 1613 1570 Noster,

143 1584 179 1610 ut
194 1580 331 1620 habeas,
343 1579 433 1620 quod
449 1580 574 1610 recites
587 1589 701 1610 coram
714 1580 905 1611 hominibus
916 1580 1039 1620 judicii
1055 1582 1317 1622 corruptissimi,
1331 1583 1453 1623 quibus
1471 1583 1610 1623 probari

142 1633 362 1665 vehementer
376 1633 485 1674 cupis.
520 1643 567 1664 vs.
582 1632 773 1666 23.—Quid
802 1633 950 1674 alioquin
969 1634 1072 1674 juvat
1096 1644 1226 1665 summo
1242 1645 1316 1665 cum
1340 1635 1456 1666 labore
1482 1636 1611 1677 aliquid

139 1687 324 1719 didicisse?
348 1697 395 1719 vs.
410 1688 618 1720 26.—Quasi
633 1696 716 1718 vero
733 1687 888 1718 scientiae
913 1685 1042 1718 fructus
1071 1688 1223 1728 pendeat
1247 1688 1354 1719 omnis
1381 1689 1422 1720 ab
1438 1688 1610 1721 hominum

141 1741 406 1780 existimatione,
423 1741 570 1782 nihilque
584 1741 618 1771 in
632 1750 668 1772 se
685 1740 788 1781 pretii
804 1740 943 1772 habeat.
974 1751 1022 1772 vs.
1039 1741 1219 1773 27.—Ain’
1238 1743 1297 1773 tu?
1321 1743 1417 1783 parvi
1435 1742 1554 1784 pendis
1575 1743 1609 1774 in

140 1803 199 1826 ore
211 1794 381 1825 hominum
398 1804 486 1833 esse,
512 1794 545 1825 in
569 1794 691 1825 scholis
719 1794 875 1833 tractari,
897 1794 986 1825 inter
1010 1796 1133 1835 pocula
1161 1795 1373 1836 frequentari
1400 1806 1440 1827 ac
1468 1797 1611 1837 laudari,

140 1848 259 1878 beatus
276 1852 355 1887 post
372 1852 515 1878 mortem
532 1857 572 1878 eo
589 1847 746 1878 futurus?
769 1847 860 1880 Quid
878 1848 991 1878 rides?
1014 1858 1057 1879 an
1074 1849 1150 1886 erit,
1168 1849 1225 1890 qui
1236 1849 1487 1881 immortalitati
1504 1851 1610 1881 inser-

140 1901 213 1932 vire
230 1900 384 1932 recuset?
407 1911 455 1932 vs.
472 1901 689 1932 43.—Sentio
706 1901 875 1942 equidem,
891 1902 971 1942 quid
988 1902 1033 1933 sit
1048 1903 1171 1933 merito
1189 1903 1320 1933 laudari
1335 1914 1343 1941 ς
1366 1912 1483 1933 verum
1499 1903 1610 1934 accla-

140 1954 308 1986 mationes
321 1955 425 1986 istas:
453 1953 567 1994 Euge!
590 1959 626 1985 et
641 1954 757 1986 Belle!
772 1965 849 1985 cum
864 1953 1134 1986 futilissimorum
1149 1961 1186 1987 et
1209 1956 1446 1987 vilissimorum
1463 1957 1609 1997 scripto·

139 2018 226 2048 rum,
240 2014 278 2040 ut
295 2018 384 2039 nunc
402 2014 467 2048 est,
490 2008 630 2048 praemia
646 2008 726 2048 sint,
752 2009 863 2040 nullus
889 2019 982 2040 curo.
1021 2020 1069 2041 vs.
1085 2012 1139 2041 53.
1185 2010 1290 2050 Quid,
1317 2010 1408 2051 quod
1436 2011 1609 2043 auditores

141 2071 287 2103 quoque,
313 2062 413 2092 variis
439 2061 567 2093 artibus
596 2063 762 2102 corrupti,
780 2061 993 2093 velificantur
1018 2063 1155 2104 quidem
1183 2064 1396 2095 recitantium
1423 2065 1573 2104 auribus,
1590 2075 1610 2096 a

141 2120 239 2155 tergo
256 2120 368 2146 autem
385 2115 510 2146 rident.
545 2125 595 2146 VS.
611 2118 664 2146 62.
709 2114 785 2156 Age
798 2115 884 2155 jam,
907 2115 1093 2155 videamus,
1115 2117 1212 2157 quale
1229 2117 1275 2148 sit
1292 2118 1609 2158 populijudicium!

140 2168 260 2199 molles
277 2173 313 2199 et
330 2167 494 2199 infractos
509 2169 653 2210 requirit
668 2178 799 2209 versuS‚
812 2179 993 2210 rerumque
1010 2175 1190 2202 tumorem.
1214 2181 1264 2201 vs.
1281 2173 1334 2202 68.
1381 2172 1486 2212 Cujus
1504 2172 1564 2212 rei,
1581 2171 1609 2202 si

139 2231 259 2253 verum
278 2222 430 2253 volumus
448 2221 559 2261 fateri,
575 2223 690 2253 insana
708 2223 775 2253 ista
799 2233 984 2263 puerorum
1002 2224 1035 2253 in
1052 2223 1174 2255 scholis
1193 2224 1419 2263 institutione,
1436 2227 1609 2267 stultaque

140 2275 356 2316 antiquitatis
372 2275 578 2307 verecundia
592 2281 747 2307 auctores
764 2277 829 2317 ipsi
843 2287 967 2308 sumus.
1005 2287 1053 2307 vs.
1070 2279 1123 2308 78.
1170 2277 1262 2308 Hinc
1288 2278 1451 2308 sermonis
1471 2287 1609 2319 corrup-

141 2329 210 2359 tela
226 2328 416 2369 repetenda
432 2333 496 2369 est,
512 2339 588 2370 quae
605 2329 692 2360 adeo
709 2329 741 2360 in
758 2329 891 2361 deliciis
915 2329 1074 2369 habetur,
1102 2334 1140 2361 ut
1170 2331 1225 2361 vel
1253 2331 1366 2371 capite
1391 2330 1608 2374 fortunisque

140 2382 295 2413 omnibus
314 2383 362 2414 rei
379 2382 545 2423 neglectis
563 2383 679 2423 populi
698 2383 851 2423 plausum
878 2382 1013 2423 patroni
1029 2383 1109 2416 inde
1134 2384 1256 2415 mereri
1273 2384 1445 2416 studeant.
1484 2396 1535 2417 vs,
1551 2389 1606 2417 91.

138 2435 232 2466 -At
247 2436 319 2467 soni
336 2441 451 2467 tamen
469 2441 504 2466 et
530 2436 769 2468 concinnitatis
794 2436 881 2468 ratio
897 2436 1055 2469 habenda
1070 2441 1135 2476 est,
1152 2447 1252 2479 quam
1276 2438 1403 2478 priores
1421 2439 1533 2479 poetae
1549 2449 1606 2470 ne-

142 2489 334 2529 glexerunt.
349 2499 397 2520 vs.
413 2490 590 2521 92.——Hoc
606 2490 716 2521 allatis
731 2492 895 2532 exemplis
912 2491 1044 2523 ridetur
1055 2502 1103 2523 vs.
1124 2494 1197 2522 106.
1244 2492 1319 2524 Quo
1333 2491 1607 2532 factojudicium

142 2551 237 2572 suum
250 2543 293 2574 de
311 2548 384 2575 toto
400 2544 459 2574 illo
476 2553 602 2584 genere
618 2545 747 2576 Noster
762 2545 859 2577 brevi
885 2545 1070 2586 subjungit.
1103 2545 1254 2577 Tandem
1278 2545 1505 2582 adversarius,
1529 2554 1606 2576 cum

144 2594 224 2626 nihil
241 2601 421 2636 praeterea,
438 2607 504 2638 quo
531 2606 668 2628 causam
698 2607 791 2628 suam
819 2602 1002 2635 sustentet,
1021 2598 1169 2637 habeat;
1194 2608 1254 2629 cur
1281 2598 1344 2629 tibi
1370 2598 1455 2638 ipse,
1483 2597 1606 2638 inquit,

145 2646 246 2678 nimio
270 2649 342 2680 veri
369 2649 482 2681 studio
509 2659 611 2681 noces
621 2650 854 2683 ?—Quantum
880 2650 924 2682 ad
945 2661 1012 2691 me,
1039 2651 1224 2692 respondet
1250 2651 1379 2682 Noster
1402 2649 1606 2690 similanter,

145 2699 257 2731 omnia
270 2701 343 2734 haec
360 2702 525 2744 praeclara
540 2702 621 2745 sint,
637 2702 796 2745 equidem
812 2704 928 2737 ulcera
942 2703 1016 2736 haec
1028 2713 1096 2736 non
1113 2708 1262 2745 tangam.
1300 2702 1497 2744 Enimvero,
1512 2702 1604 2745 quod
