1888 3032
717 141 900 172 SATIRA
935 142 1000 172 VI.

120 235 221 285 Vae,
242 236 327 276 nisi
347 236 576 281 connives!

121 303 317 356 Largior.

119 369 367 420 Exossatus
387 385 489 425 ager
503 373 637 427 juxta
657 376 737 414 est.

121 486 223 518 Genio
253 487 424 528 Principis.
469 488 524 520 An
550 489 662 530 aliquis
684 486 851 529 prohibet?
878 489 1000 520 Audeto
1014 493 1144 529 vetare,
1160 499 1179 521 ο
1208 489 1327 521 haeres.

497 532 674 562 Praeterea
697 532 847 562 distribuo
868 531 951 572 plebi
971 532 1068 563 olmm
1097 535 1127 563 et
1150 535 1315 563 artocreas.

117 530 146 560 si
171 540 230 560 non
253 530 440 564 dissimulas,

1501 134 1585 176 179

640 236 798 279 Oleum
818 240 1124 292 artocreasque
1144 238 1322 292 popello
1527 240 1584 280 50

378 303 449 344 An
466 305 705 358 prohibes?
737 305 810 346 dic
831 306 957 346 clare.

1019 304 1124 347 Non
1146 305 1272 356 adeo,
1304 306 1466 360 inquis.

799 372 909 427 Age,
942 374 981 414 si
1002 374 1112 414 mihi
1132 373 1252 414 nulla

1373 488 1422 521 At
1445 499 1492 521 τα
1516 489 1579 521 tibi

1368 533 1453 563 Num
1477 532 1583 565 vetas?

120 573 273 613 Eloquere
287 580 404 615 aperte.
430 575 502 606 Non
514 574 572 615 ita,
587 575 654 606 ais:
668 584 762 616 prope
777 578 822 606 est
835 585 912 614 ager
925 575 991 606 sine
1002 574 1127 607 ossibus.
1157 575 1271 616 Perge,
1285 576 1313 606 ,η’
1325 575 1408 606 nullu
1416 586 1495 607 nuru:
1507 576 1583 607 milei

732 671 848 683 eeeeee

852 671 971 682 σσσσσσ

118 741 159 769 51
195 737 262 769 Hic
290 738 401 769 omnia
428 737 637 778 exemplaria
663 748 737 779 quae
756 742 814 769 aut
839 737 994 777 vidimus,
1005 740 1062 768 aut
1074 736 1116 768 de
1140 736 1261 778 quibus
1277 736 1403 778 aliquid
1420 737 1583 777 comperi-

117 790 202 820 mus,
216 781 380 820 scribunt
392 782 569 830 nonaudeo,
585 781 703 821 inquis.
727 791 803 821 quae
830 780 959 821 inepta,
981 785 1016 811 et
1032 780 1185 811 omnibus
1209 781 1316 812 modis
1342 780 1513 820 scriptura
1539 789 1582 810 ex

119 833 161 854 eo
184 829 258 855 orta
279 830 343 863 est,
369 824 448 864 qnia
470 823 653 865 praecedit:
679 824 746 864 quis
772 822 880 855 vetut?
909 825 996 854 aucte.
1044 823 1243 862 Legendum
1275 828 1387 855 autem
1413 831 1499 863 esse,
1524 833 1583 853 non

118 867 192 898 adeo
207 866 321 907 inquis,
335 871 428 898 recte
443 867 515 908 jam
531 867 611 898 olim
627 867 758 898 monuit
770 865 962 898 'lurnebus.
1009 848 1180 898 Casaubon.

782 952 921 985 NOTAE

116 1019 292 1060 refragari,
305 1028 324 1050 o
336 1019 453 1058 haeres,
469 1022 504 1051 et
519 1018 696 1051 deterrere
719 1027 773 1050 me
797 1027 816 1048 a

119 1070 258 1102 consilio
275 1069 364 1112 quod
380 1069 481 1110 cepi?

158 1123 200 1151 50
228 1119 294 1159 Voe,
310 1119 372 1151 nisi
388 1119 544 1160 connives]
554 1118 737 1161 Impendet
753 1118 817 1150 tibi

117 1171 254 1210 malum,
279 1171 306 1202 si
332 1169 420 1201 forte
438 1180 505 1201 non
534 1169 744 1210 assentiaris,
758 1173 818 1201 aut

115 1222 234 1253 saltem
247 1221 434 1252 dissimules
449 1232 457 1252 :
475 1231 552 1252 nam
568 1221 623 1252 vel
633 1220 820 1261 Imperato-

115 1281 187 1303 rem
204 1271 370 1303 infensum
394 1276 430 1303 et
447 1272 592 1304 ultorem
609 1271 819 1311 nanciscere,

115 1323 170 1354 vel
187 1333 239 1355 me
256 1324 392 1363 iratum,
405 1328 440 1354 et
454 1323 601 1364 majores
628 1322 709 1354 inde
731 1332 818 1354 sum-

118 1376 172 1404 tus
196 1372 391 1413 facientem,
416 1378 455 1404 ut
475 1373 700 1414 cupiditatem
725 1377 819 1404 tuam

116 1428 151 1455 et
169 1424 347 1454 avaritiam
360 1424 575 1455 discruciem.
606 1423 716 1454 Paulo
726 1428 819 1463 post:

115 1473 126 1491 ‘
145 1474 244 1506 Nunc
271 1483 361 1505 nunc
388 1474 571 1516 impensius
599 1482 696 1514 unge,
712 1474 823 1515 Unge,

118 1534 214 1565 puer,
232 1525 370 1556 caules!

164 1575 232 1616 Vae]
264 1576 423 1607 Formula
438 1576 525 1606 male
541 1574 716 1616 precandi,
731 1574 822 1606 idem

115 1626 232 1657 valens
249 1635 288 1657 ac
311 1626 340 1657 si
365 1626 438 1667 quis
464 1626 621 1657 mittatur
636 1625 671 1656 in
697 1625 820 1656 malam

104 1668 264 1708 ¹crucem.

159 1726 324 1767 Connives]
347 1726 419 1758 Cic.
437 1736 499 1768 pro
514 1726 640 1759 Caelio:
655 1727 664 1743 ‘
678 1725 736 1757 Dii
760 1727 818 1757 im-

114 1777 286 1816 mortales,
299 1787 361 1808 cur
376 1777 548 1809 interdum
569 1777 759 1808 connivetis
783 1777 818 1808 in

114 1827 285 1858 hominum
298 1827 483 1858 sceleribus
499 1827 651 1858 maximis
658 1826 679 1857 ?’
695 1826 737 1857 Id
752 1831 816 1865 est,

116 1878 243 1908 clausis
261 1877 354 1919 qnasi
369 1877 478 1908 oculis
498 1885 565 1908 non
582 1876 699 1907 videre
724 1876 817 1907 vide-

113 1928 207 1959 mini.

160 1977 270 2009 Oleum
285 1981 499 2018 artocreasque
529 1978 650 2019 popello
683 1976 815 2017 largior]

113 2029 250 2070 Populo
262 2029 401 2069 insuper
412 2029 549 2069 epulum
563 2032 599 2059 et
611 2027 818 2067 congiarium

118 2078 221 2118 dabo,
238 2079 280 2110 ad
293 2079 558 2110 celebrationem
572 2078 736 2110 victoriae.
764 2077 818 2109 Li-

117 2134 175 2161 cet
189 2129 254 2161 hoe
270 2130 378 2160 soleat
399 2139 467 2160 non
482 2140 502 2160 a
526 2129 669 2170 privatis
693 2128 752 2160 sed
776 2129 817 2160 ab

114 2179 384 2220 Imperatoribus
422 2179 508 2211 fieri.
561 2180 703 2211 Sueton.
746 2179 818 2211 Jul.

116 2230 205 2262 Caes.
223 2239 298 2269 cap.
327 2231 380 2260 38.
396 2230 405 2244 ⁴
418 2229 565 2269 Epulum
581 2238 620 2259 ac
644 2228 819 2259 viscerati-

114 2288 213 2311 onem
243 2278 351 2317 dedit,
385 2283 420 2309 et
448 2284 526 2320 post
554 2278 818 2319 Hispaniensem

112 2329 291 2361 victoriam
320 2329 386 2360 duo
419 2329 584 2371 prandia?
628 2330 673 2360 Et
699 2328 818 2360 Domi-

116 2380 198 2411 tian.
221 2389 296 2420 cap.
311 2383 343 2410 4.
359 2382 368 2396 ⁴
387 2380 605 2420 Congiarium
622 2380 747 2421 populo
764 2385 818 2410 ter

114 2429 223 2468 dedit,
254 2435 357 2470 atque
398 2430 621 2470 largissimum
650 2429 787 2470 epulum
807 2439 817 2466 3

115 2480 267 2519 Senatui,
306 2480 494 2521 Equitique
525 2480 685 2520 pauariis,
723 2479 816 2520 plebi

117 2531 286 2571 sportellis
303 2540 381 2561 cum
399 2530 539 2562 obsonio
555 2529 772 2562 distributis!

159 2580 340 2620 Artocreas]
384 2582 460 2612 Vox
491 2591 511 2612 e
545 2581 675 2622 duplici
712 2580 816 2620 facta,

117 2629 208 2670 ἄρτος
222 2632 311 2662 enim
333 2631 435 2672 panis,
456 2630 558 2672 κρέας,
579 2642 667 2663 caro.-
689 2631 815 2672 signifi-

118 2685 174 2715 cat
198 2676 310 2724 cibum
326 2691 345 2713 e
367 2691 454 2723 pane
477 2693 647 2727 carneque
673 2684 815 2716 minuta-

871 1017 932 1049 tim
960 1016 1105 1049 concisa.
1150 1015 1221 1048 Alii
1247 1015 1506 1048 viscerationem
1536 1015 1584 1046 in·

872 1072 1109 1109 terpretantur
1123 1068 1287 1099 hocloco.

914 1122 954 1150 51
978 1119 1031 1150 An
1070 1118 1230 1159 prohibes]
1283 1118 1435 1149 Vetasne
1474 1116 1578 1148 istam

872 1179 982 1201 meam
1005 1169 1242 1210 largitionem?
1281 1168 1344 1199 Dic
1360 1169 1462 1200 clare:
1498 1166 1580 1208 quid

871 1221 1021 1251 mussas?
1052 1219 1162 1261 Aperi
1187 1223 1338 1251 mentem
1354 1222 1390 1250 et
1406 1218 1507 1250 animi
1533 1218 1581 1249 tui

873 1271 1080 1303 sententiam
1097 1271 1140 1302 de
1152 1281 1218 1302 me.

916 1322 990 1353 Non
1012 1323 1097 1362 adeo,
1129 1321 1241 1362 inquis,
1265 1320 1335 1361 δῖα]
1384 1320 1464 1352 Non
1495 1318 1580 1350 adeo

871 1371 995 1404 fertilis
1012 1376 1048 1403 et
1080 1372 1211 1413 opimus
1225 1376 1278 1403 est
1300 1370 1424 1402 fundus
1439 1374 1527 1409 tuus,
1542 1373 1582 1400 ut

873 1422 1085 1454 haereditatis
1102 1427 1171 1454 tuae
1189 1421 1308 1453 avidus
1324 1421 1397 1461 sim,
1412 1424 1448 1452 et
1463 1424 1581 1452 vetare

874 1471 976 1503 velim
994 1472 1074 1514 quin
1101 1481 1242 1513 prorsus
1265 1471 1300 1502 in
1320 1470 1517 1511 largitiones
1535 1468 1582 1500 ef-

875 1521 1009 1554 fundas.
1054 1521 1135 1562 Vel,
1151 1531 1221 1554 non
1237 1521 1287 1553 ita
1303 1521 1397 1552 dives
1412 1530 1460 1560 es,
1475 1524 1514 1551 ut
1529 1520 1581 1551 his

876 1572 1033 1604 sufficere
1062 1572 1182 1614 possis.
1239 1571 1309 1603 Alii
1331 1580 1468 1602 sensum
1483 1580 1581 1612 sepa-

875 1628 951 1655 rant
967 1624 1030 1655 hoc
1054 1623 1155 1654 modo
1173 1633 1181 1653 z
1205 1632 1273 1653 non
1294 1621 1378 1652 adeo
1395 1626 1463 1653 tuae
1479 1621 1581 1661 largi-

874 1674 959 1705 tioni
985 1673 1171 1711 adversor;
1195 1672 1350 1713 suppetit
1365 1671 1467 1712 enim,
1489 1670 1578 1702 haud

872 1726 1006 1766 procul,
1020 1725 1103 1756 mihi
1114 1724 1195 1756 satis
1210 1723 1389 1756 foecundus
1406 1732 1498 1764 ager,
1513 1731 1579 1764 quo

873 1786 935 1816 ego
961 1780 1145 1808 contentus
1186 1785 1271 1814 sum,
1309 1774 1421 1815 inquit
1456 1773 1578 1804 haeres.

872 1827 959 1857 Sunt
975 1826 1033 1867 qui
1056 1826 1199 1857 verbum
1218 1824 1305 1866 juris
1322 1824 1375 1855 liic
1396 1823 1579 1864 accipiant,

870 1877 935 1908 hoc
951 1886 1070 1907 sensu:
1090 1886 1151 1907 non
1167 1876 1254 1916 adeo,
1269 1884 1379 1916 neque
1395 1874 1489 1906 adire
1501 1874 1579 1905 volo

871 1926 1108 1958 haereditatem
1141 1931 1244 1956 tuam.
1302 1926 1379 1957 Quo
1402 1922 1578 1964 designari

871 1978 990 2008 volunt
1016 1981 1215 2008 extraneum
1240 1985 1314 2007 esse
1339 1975 1433 2005 illum
1463 1973 1576 2005 Persii

872 2027 1058 2066 haeredem,
1074 2036 1142 2059 non
1155 2031 1268 2057 autem
1291 2024 1521 2056 necessarium
1544 2028 1580 2055 et

872 2089 981 2118 suum,
1025 2088 1067 2109 ex
1097 2078 1253 2109 Institut.
1287 2076 1416 2109 Justin.
1443 2075 1502 2107 lib.
1533 2084 1575 2106 11.

874 2129 929 2161 tit.
948 2131 998 2160 19.
1025 2129 1141 2159 Docta
1159 2126 1294 2168 quidem
1312 2131 1348 2157 et
1375 2125 1507 2157 subtilis
1530 2124 1579 2156 in-

873 2178 1091 2219 terpretatio,
1109 2186 1230 2208 verum
1244 2176 1395 2217 magisne
1411 2174 1577 2216 genuina?

872 2230 958 2261 Mihi
971 2229 1063 2270 prior
1087 2228 1259 2259 sententia
1273 2225 1491 2268 praeferatur.

915 2281 956 2309 52
982 2279 1154 2310 Exossatus
1177 2277 1267 2316 ager]
1291 2276 1431 2316 Duplici
1447 2279 1483 2306 et
1499 2284 1577 2306 con-

874 2329 978 2360 trario
1005 2338 1105 2359 sensu
1130 2332 1244 2369 potest
1271 2327 1394 2368 accipi,
1438 2327 1490 2358 vel
1521 2335 1578 2357 cx-

872 2379 1023 2418 haustus,
1049 2384 1084 2410 et
1107 2379 1179 2419 jam
1195 2379 1267 2409 sine
1291 2388 1392 2409 succo
1418 2382 1454 2409 et
1480 2377 1578 2409 boni-

874 2434 966 2469 tate3
990 2430 1038 2461 ita
1064 2430 1187 2470 passim
1216 2428 1307 2469 apud
1337 2428 1499 2460 Plautum
1521 2437 1575 2458 ex-

872 2490 974 2512 ossare
991 2480 1129 2521 ponitur
1157 2489 1230 2520 pro,
1248 2489 1422 2517 enervare,
1438 2476 1576 2508 commi-

871 2540 986 2571 nuere,
997 2530 1192 2561 debilitare.
1238 2530 1301 2560 Vel
1314 2539 1390 2568 ager
1404 2528 1574 2564 exossatus,

870 2581 961 2613 idem
991 2586 1045 2612 est
1074 2591 1115 2612 ac
1146 2580 1317 2621 lapidibus
1354 2578 1574 2616 expurgatus,

869 2632 1022 2673 adeoque
1035 2631 1167 2672 opimus
1177 2635 1213 2660 et
1227 2630 1311 2659 bene
1324 2627 1445 2658 cultus.
1470 2623 1571 2654 Ovid.

871 2682 1015 2715 Metam.
1029 2691 1054 2714 1.
1076 2681 1084 2697 ‘
1103 2679 1251 2722 Lapides
1262 2678 1297 2709 in
1313 2684 1457 2723 corpore
1469 2678 1570 2709 terrae
