1888 3032
718 115 899 147 SA'rlRA
932 116 978 145 V·

1505 106 1588 148 121

129 211 276 265 Atque
296 209 540 252 verecunda
559 210 759 251 laxamus
781 211 893 251 seria
913 223 1076 252 mensa.

131 278 235 319 Non
256 278 456 332 equidem
477 278 557 318 lioc
580 278 764 327 dubites,
788 279 1011 318 amborum
1031 278 1193 319 foedere
1213 281 1330 320 certo

1530 279 1589 320 45

128 344 380 386 Consentire
402 346 509 395 dies,
531 347 646 399 etab
670 359 758 385 uno
782 346 921 386 sidere
942 346 1058 386 duci.

129 411 294 454 Nostra
315 414 384 454 vel
405 414 565 467 {equali
586 413 812 467 suspendit
832 418 1029 466 tempora
1053 415 1190 471 Libra

125 564 251 596 «luzeium
266 567 309 597 sit
326 571 473 598 nostram
489 566 646 597 amborum
670 566 765 596 vitum
781 569 899 596 statuta
915 567 1061 597 societate
1085 568 1255 607 convenire,
1281 571 1310 599 et
1335 567 1403 607 regi
1425 567 1463 599 ab
1484 568 1589 599 eodem

124 611 218 641 astro.
265 609 354 640 Nam
369 613 423 640 aut
440 610 543 640 Parca
560 609 703 640 veritatis
718 609 855 640 retinens
870 613 991 640 nostros
1006 610 1072 641 dies
1086 611 1179 642 librat
1195 612 1309 651 <equali
1324 613 1427 643 lance:
1450 612 1496 642 rel
1511 611 1587 642 hora

737 695 852 706 tttttt

856 696 973 706 oooooo

123 767 173 790 1v.
200 762 271 790 184.
295 760 565 799 Koeuigius-›lfi
590 761 643 792 Ita
664 770 778 791 omnes
795 761 942 801 codices,
959 770 1024 791 non
1040 762 1212 792 consentire
1227 763 1308 803 deos,
1325 761 1415 802 quod
1438 759 1586 792 afferunt

785 852 925 883 NOTAE

163 915 204 944 44
235 913 412 945 Verecunda
435 916 575 946 laxamus
599 916 679 947 seria
706 916 824 955 mensa]

122 963 256 994 Graves
292 965 546 1005 occupationes,
593 971 629 997 et
668 966 824 997 diurnam

122 1014 227 1044 studii
243 1019 277 1045 ct
293 1015 393 1045 animi
417 1017 671 1049 contentionem
696 1018 824 1049 relaxa-

121 1074 194 1096 mus
222 1065 310 1096 inter
337 1067 537 1098 coenandum
561 1078 600 1099 ac
622 1069 824 1100 remittimus

121 1116 291 1147 tantillum
316 1117 405 1157 jocis
443 1127 482 1148 ac
513 1118 638 1149 salibus
670 1119 823 1149 innoxiis.

119 1165 272 1206 Agellius
304 1176 384 1199 x111.
416 1171 466 1199 11.
500 1168 559 1208 ait,
580 1169 822 1201 ‘convivarum

120 1227 292 1249 sermones
320 1220 446 1250 debere
474 1230 548 1251 esse
574 1221 769 1261 jucundos,
787 1226 823 1253 et

119 1278 196 1300 cum
220 1270 383 1301 illecebra
410 1271 555 1312 quadam
583 1276 618 1302 et
640 1272 820 1312 voluptate

118 1320 228 1361 utiles,
255 1330 298 1352 ex
326 1321 445 1362 quibus
471 1322 643 1362 ingenium
667 1327 820 1354 nostrum

118 1372 294 1402 venustius
324 1372 386 1403 fiat
415 1378 451 1404 et
483 1373 657 1405 amoenius.
719 1373 820 1407 Quod

119 1420 278 1462 profecto
294 1422 441 1462 eveniet,
453 1422 480 1452 si
495 1423 538 1453 de
554 1423 588 1453 id
605 1432 709 1463 genus
722 1423 822 1454 rebus

118 1472 161 1502 ad
180 1482 391 1503 communem
416 1473 495 1504 vitae
512 1483 607 1504 usum
624 1473 823 1514 pertinenti-

119 1522 179 1554 bus
196 1522 464 1563 confabulemur,
489 1523 531 1554 de
559 1524 678 1565 quibus
695 1524 727 1554 in
746 1523 821 1555 foro

118 1578 221 1615 atque
248 1574 282 1604 in
306 1574 451 1614 negotiis
478 1575 618 1615 agendis
635 1575 730 1616 loqui
753 1585 821 1606 non

118 1627 171 1655 est
184 1624 312 1655 otium.’
357 1624 444 1655 Vide
457 1624 615 1657 Athenaei
629 1625 822 1665 Deipnoso-

116 1674 265 1715 phistas:
290 1679 326 1705 et
344 1675 497 1706 Macrob.
513 1684 578 1707 vn.
592 1678 621 1706 1.

158 1727 198 1756 45
239 1725 312 1756 Non
341 1725 480 1765 equidem
510 1726 565 1756 hoc
591 1726 723 1764 dubites,
751 1726 820 1768 ξι]

118 1775 304 1807 Consensio
325 1781 442 1807 nostra
468 1786 533 1807 non
557 1778 641 1809 levis
667 1782 726 1808 aut
751 1777 818 1809 for-

116 1825 215 1866 tuita,
244 1826 344 1857 immo
367 1835 408 1857 ea
431 1832 485 1857 est
508 1837 584 1868 quae
606 1828 816 1859 naturalibus

116 1876 224 1908 causis
251 1877 420 1917 producta
436 1881 471 1908 et
498 1876 647 1909 conflata
670 1878 816 1910 dubitari

115 1935 184 1958 non
202 1927 318 1966 possit.

157 1977 340 2017 Amborum]
385 1977 458 2009 Mei
476 1978 608 2019 tuique,
627 1978 738 2010 Persii
753 1979 820 2010 dis-

116 2028 232 2069 cipuli,
249 2033 285 2059 et
299 2028 441 2060 Cornuti
454 2029 689 2069 praeceptoris.

160 2078 289 2109 Foedere
305 2078 404 2118 certo]
451 2079 529 2109 Non
555 2079 661 2110 otiose
689 2078 753 2111 hoc
771 2079 819 2111 ait

116 2128 267 2167 Persius,
287 2128 414 2169 (inquit
429 2128 634 2170 Marcilius,)
658 2139 735 2161 nam
760 2130 818 2171 qui

115 2176 178 2209 sub
195 2177 345 2218 piscibus
373 2182 569 2219 nascuntur,
594 2179 726 2211 nonita
748 2190 819 2211 cer-

116 2234 188 2260 tum
205 2227 315 2260 foedus
335 2229 424 2260 inter
447 2239 482 2260 se
501 2229 627 2260 habere
652 2230 818 2262 aestiman-

115 2283 183 2311 tur.
216 2279 318 2310 Unde
342 2280 462 2310 Manil.
488 2280 510 2310 l.
534 2289 575 2311 ιι.
598 2281 607 2297 ‘
622 2279 671 2311 At
698 2281 818 2321 quibus

112 2329 147 2361 in
172 2330 288 2361 «lumen
312 2330 422 2371 pisces
446 2330 660 2362 venientibus
684 2331 818 2371 adsunt,

113 2382 180 2414 His
202 2392 269 2413 non
284 2392 352 2413 una
368 2386 482 2413 manet
499 2392 634 2422 semper
650 2383 818 2414 sententia

114 2432 230 2471 cordi;
255 2433 473 2464 Connnutant
490 2432 616 2463 animos
634 2433 817 2474 interdum,

114 2486 150 2512 et
165 2480 296 2512 foedera
309 2486 482 2522 rumpunt,
498 2481 549 2513 Ac
564 2482 750 2523 repetunt.'

157 2534 198 2563 46
224 2533 404 2563 Consentire
434 2532 514 2574 dies]
571 2533 748 2564 Mamilius
774 2543 817 2565 ex

115 2581 234 2615 Servio
261 2582 302 2613 ad
329 2583 460 2614 AEneid.
487 2592 512 2615 1.
541 2583 637 2624 legit,
663 2584 758 2625 Deos,
780 2584 816 2616 id

115 2635 180 2668 est,
194 2631 321 2663 Genios
337 2633 516 2674 horoscopi
537 2634 694 2674 comites,
712 2634 816 2676 juxta

116 2681 238 2718 Horat.
257 2683 366 2728 Epist.
382 2692 425 2717 11.
442 2686 474 2718 2.
495 2684 505 2702 ⁴
518 2684 592 2722 Scit
615 2685 744 2719 Genius
758 2695 818 2719 na-

880 916 947 946 tale
979 926 1091 947 comes
1129 917 1186 957 qui
1218 919 1390 957 temperat
1415 913 1581 946 Asu-um!

878 969 927 999 Ut
956 978 1072 999 sensus
1101 969 1214 1000 Persii
1244 969 1302 1008 sit,
1330 967 1585 999 consentientes

880 1018 1009 1050 Genios
1057 1023 1192 1050 nostros
1238 1023 1376 1050 constat
1422 1026 1585 1049 summam

878 1069 964 1099 lianc
982 1069 1147 1100 internos
1171 1068 1352 1101 amicitiam
1380 1072 1415 1099 et
1442 1077 1584 1099 consen-

877 1119 1005 1150 sionem
1022 1120 1208 1160 peperisse.
1254 1119 1325 1150 Alii
1341 1124 1454 1150 tamen
1469 1128 1585 1149 omnes

876 1170 1007 1210 legunt,
1034 1170 1206 1200 consentire
1232 1170 1309 1209 die-⁹,
1339 1169 1373 1199 id
1400 1173 1465 1208 est,
1497 1173 1583 1199 tem-

876 1230 969 1261 pora,
995 1221 1207 1260 nativitates,
1235 1220 1324 1251 unde
1351 1229 1417 1251 non
1446 1219 1583 1259 mirum,

876 1280 936 1301 nos
954 1271 1015 1302 sub
1033 1272 1152 1303 eadem
1168 1271 1426 1302 constellatione
1442 1269 1587 1310 genitos,

877 1321 919 1351 ab
945 1321 1064 1353 iisdem
1094 1322 1243 1354 siderum
1269 1321 1465 1362 aspectibus
1482 1329 1583 1360 pares

876 1371 1001 1403 habere
1017 1377 1051 1403 et
1063 1372 1220 1413 accipere
1235 1371 1445 1403 affectiones.
1473 1372 1585 1402 Notat

878 1422 1096 1454 Casaubonus
1114 1423 1293 1463 Hebraeos,
1311 1421 1446 1463 quando
1469 1430 1584 1462 quem-

878 1472 966 1512 piam
984 1473 1085 1503 alteri
1112 1472 1256 1503 amicum
1280 1473 1434 1503 indicare
1452 1472 1584 1511 volunt,

877 1522 994 1553 solitos
1012 1522 1140 1561 dicere,
1166 1521 1254 1553 filius
1272 1527 1324 1553 est
1341 1522 1447 1553 stellae
1465 1521 1582 1562 ipsius.

876 1572 965 1603 Vide
988 1572 1087 1613 iufra,
1115 1573 1156 1604 ad
1185 1583 1225 1604 ea
1247 1573 1365 1613 verba,
1386 1574 1487 1604 nescio
1502 1573 1583 1613 quod

875 1628 959 1655 certe
975 1628 1031 1665 est,
1047 1627 1099 1665 ᾅϊ.

917 1675 968 1706 Ab
981 1686 1040 1706 uno
1055 1677 1156 1708 sidere
1172 1676 1258 1716 duci]
1304 1676 1475 1708 Natalitio
1496 1675 1585 1708 scili-

874 1730 930 1757 cet
946 1730 982 1757 et
998 1727 1203 1768 horoscopo:
1222 1728 1293 1758 sive
1305 1727 1387 1758 illud
1405 1727 1449 1758 sit
1464 1726 1583 1766 Libra,

873 1776 945 1807 sive
968 1777 1118 1810 Gemini.
1163 1778 1287 1809 Horat.
1311 1779 1332 1809 l.
1362 1787 1401 1809 11.
1431 1778 1498 1809 Od.
1529 1780 1581 1809 17.

871 1828 880 1842 ⁴
893 1827 1086 1868 Utrumque
1103 1832 1256 1859 nostrum
1273 1828 1468 1860 incredibili
1480 1828 1580 1860 niodo

872 1877 1055 1908 Consentit
1070 1878 1219 1910 astrum!

918 1929 959 1957 47
985 1928 1103 1958 Nostra
1128 1929 1175 1958 vel
1197 1928 1321 1968 aequali,
1343 1928 1412 1968 ξω]
1455 1928 1497 1958 Id
1514 1932 1579 1968 est,

875 1977 929 2007 vel
952 1975 1061 2007 fatum
1089 1978 1239 2019 aequavit
1266 1983 1381 2009 nostra
1403 1982 1578 2018 tempora3

873 2026 929 2057 vel
968 2026 1099 2058 eaedem
1137 2028 1414 2059 constellationes
1452 2032 1580 2060 nostrae

873 2077 1048 2108 amborum
1074 2077 1152 2109 vitae
1181 2079 1416 2119 praesidentes,
1443 2078 1579 2111 easdem

873 2126 906 2157 in
937 2127 1033 2158 nobis
1065 2126 1276 2169 affectiones,
1305 2129 1422 2160 eadem
1451 2129 1579 2169 studia,

872 2187 1036 2209 summam
1049 2179 1234 2210 animorum
1251 2179 1527 2221 conjunctionem
1542 2183 1578 2211 et

873 2229 1131 2260 consensionem
1143 2229 1292 2270 pariunt.

916 2280 1030 2320 Libra]
1075 2280 1175 2311 Libra
1189 2280 1362 2322 aequitatis
1387 2280 1578 2321 symbolum

873 2335 926 2362 est
949 2340 990 2362 ac
1009 2331 1167 2372 justitiae.
1214 2332 1277 2362 Est
1292 2335 1328 2362 et
1351 2327 1492 2365 zodiaci
1509 2331 1579 2373 sig-

872 2390 963 2420 num,
985 2381 1074 2422 quod
1099 2381 1149 2412 sol
1177 2390 1355 2422 aggressus
1380 2381 1470 2413 circa
1485 2381 1577 2413 diem

873 2431 1085 2472 Septembris
1114 2431 1305 2463 vicesimam
1333 2432 1577 2474 aequinoctium

873 2481 957 2514 facit
972 2483 1176 2514 autumnale.
1222 2483 1347 2514 Horat.
1375 2483 1435 2514 cit.
1463 2483 1519 2513 lib.
1532 2490 1576 2514 11.

871 2532 939 2565 Od.
957 2536 1008 2564 17.
1032 2534 1041 2549 ‘
1054 2533 1122 2565 Seu
1139 2533 1256 2573 Libra,
1269 2544 1328 2564 seu
1345 2543 1398 2565 me
1413 2533 1573 2573 Scorpius

869 2584 995 2624 aspicit
1021 2584 1285 2624 Formidolosus,
1301 2593 1379 2623 pars
1396 2582 1575 2614 violentior

870 2635 1005 2666 Natalis
1034 2635 1142 2675 horae,
1169 2634 1252 2673 seu‚'
1279 2636 1343 2663 ἃς.
1388 2632 1475 2663 Vide
1493 2642 1568 2675 quae

869 2695 949 2722 mox
961 2684 1053 2719 infra
1068 2685 1111 2719 ad
1124 2693 1243 2717 vocem
1262 2681 1418 2715 Geminos.
1560 2700 1563 2703 <
