1888 3032
749 165 933 196 SATIRA
967 166 1020 195 11.

152 263 248 304 Bile
263 265 410 304 tumet.

1554 158 1610 197 5¹.)

470 261 608 303 Nerio
623 262 716 316 jam
737 264 865 303 tertia
886 262 1057 303 ducitur
1075 275 1187 303 uxor
1205 261 1215 302 1

150 330 268 371 Haec
290 333 440 369 sancte
462 334 507 370 ut
528 343 704 383 poscas,
723 329 934 370 Tiberino
954 331 999 370 in
1020 329 1186 382 gurgite
1208 328 1364 381 mergis

1555 329 1612 368 15

150 397 282 438 Mane
304 403 437 450 caput
453 398 524 438 bis
546 402 709 451 terque,
733 401 776 438 et
795 402 967 438 noctem
988 398 1166 438 flumine
1187 408 1361 451 purgas.

148 500 212 527 tres
225 497 292 535 jum
317 497 422 527 habuit
445 497 599 536 conjuges.

647 497 763 537 Atque
787 500 822 527 ut
845 498 922 527 talia
944 497 1006 527 rite
1019 500 1119 536 petas,
1135 496 1287 526 matutino
1304 499 1439 534 tempore
1454 494 1568 525 iterum
1581 495 1613 525 et

149 539 242 570 tertio
264 544 355 579 caput
370 542 454 571 laras
478 541 511 570 in
524 540 660 580 flumine
690 540 812 575 Tiberi‚·
843 543 873 570 et
894 542 1045 570 nocturna
1077 538 1227 569 insomnia
1251 549 1329 578 aqua
1344 537 1474 578 fluviali
1495 537 1618 578 expias.

760 625 894 636 eeeeeee

897 624 994 636 ιιιιι

151 689 228 721 Jam
246 688 323 718 olim
348 689 617 727 διττογραφεῖσθαι
642 689 747 728 eoepit
763 688 817 719 bic
834 689 927 719 lor-us
943 698 950 717 :
977 697 1052 718 nam
1077 688 1280 719 membrana²
1300 688 1420 726 quibus
1438 687 1487 718 usi
1504 696 1619 718 sumus

151 731 389 762 vetustissimis
406 733 548 762 comitur
562 732 785 768 exhibebant;
812 731 870 761 sed
887 730 1060 772 antiquior
1073 731 1138 761 illis
1161 731 1297 761 Servius
1312 731 1343 760 iu
1361 731 1454 760 illum
1472 739 1618 767 versum,

150 775 159 790 ‘
178 774 371 814 Exportaut
401 775 513 813 tectis,
538 779 571 804 et
600 774 713 804 tristia
730 773 848 803 suuera
873 773 1025 809 ducunt:
1049 774 1131 813 legit
1155 775 1288 804 ducitur.

1343 772 1482 813 Accipit
1506 776 1620 803 autem

152 817 289 847 Servius
305 816 342 846 τὸ
363 817 498 852 ducitur,
522 826 583 856 pro
608 816 769 854 efiertur;
793 826 891 856 quam
908 816 1224 856 interpretationem
1254 816 1356 847 etiam
1381 817 1437 846 ille
1455 824 1618 856 gramma-

151 859 238 889 ticus
256 865 329 889 erat
353 866 503 898 secutus,
519 860 573 900 qui
597 862 718 899 glossae
748 860 820 889 loco
844 864 1051 898 apposuerat
1080 860 1245 891 conditur,-
1269 859 1358 889 unde
1382 859 1455 889 haec
1483 858 1619 888 diversa

152 902 265 933 lectio.
305 902 566 933 Cenabum—16
586 903 716 942 gurgite
743 903 810 932 Ms.
840 902 1004 933 Cat—17
1041 901 1188 933 Quidam
1216 902 1333 941 legunt
1360 902 1491 931 nimium
1518 903 1619 931 est.—

811 976 840 1007 N
849 976 955 1007 OTAE

153 1038 210 1078 plo
234 1039 344 1078 Nerii,
376 1040 434 1080 qui
465 1045 534 1071 tres
569 1050 691 1070 uxores
726 1049 856 1070 veneno

152 1089 290 1131 impune
309 1091 456 1129 sustulit,
468 1096 503 1122 et
517 1091 564 1122 sic
580 1091 729 1131 locuples
745 1089 856 1121 factus

155 1145 221 1171 est.

195 1192 240 1222 Et
257 1193 322 1223 acri
345 1193 404 1223 bile
424 1193 537 1236 tumet]
562 1193 783 1225 Contendunt
799 1193 857 1224 ali-

153 1242 209 1283 qui
227 1243 398 1273 mordicus
425 1243 621 1283 legendum,
635 1247 705 1274 alra
723 1243 782 1274 bile
808 1247 856 1274 tn-

151 1295 225 1331 met,
248 1299 368 1323 contra
393 1294 643 1325 Casaubonum.
701 1293 749 1324 At
775 1294 855 1334 quid

150 1347 247 1374 vetat
278 1343 385 1384 ipsam
416 1345 671 1375 melancholiam
697 1345 798 1375 bilem
823 1355 856 1375 a·

153 1402 246 1424 crem
264 1395 452 1434 appellari?

200 1446 239 1474 14
264 1444 377 1484 Nerio]
418 1445 452 1475 Is
476 1444 540 1475 fuit
557 1445 697 1484 insignis
714 1444 860 1476 foenera-

155 1498 221 1531 tor,
248 1494 334 1525 lucri
360 1494 446 1525 adeo
473 1494 608 1535 perdite
635 1495 793 1535 cupidus,
824 1500 861 1526 ut

155 1546 255 1575 etiam
274 1550 344 1576 tres
368 1556 490 1576 uxores
515 1556 647 1576 veneno
671 1547 859 1585 sustulerit,

154 1600 192 1626 ut
216 1605 329 1626 earum
361 1597 441 1627 dote
480 1597 660 1637 potiretur.
716 1597 858 1628 Scilicet

155 1645 246 1686 apud
272 1651 406 1677 veteres
433 1646 492 1677 dos
515 1646 706 1678 adventitia
732 1653 767 1677 et
793 1657 857 1678 uon

154 1695 235 1726 data
259 1696 369 1736 patrio
386 1698 533 1736 nomine,
549 1697 575 1727 si
600 1697 778 1738 repudium
793 1708 857 1729 nou

154 1747 409 1787 intervenisset,
433 1749 602 1779 moriente
619 1749 774 1789 conjuge,
792 1759 859 1779 ma-

153 1797 220 1828 rito
237 1798 403 1829 cedebat:
420 1799 487 1829 imo
504 1805 539 1830 et
556 1800 614 1829 dos
631 1809 764 1840 quoque
785 1809 860 1838 pro-

155 1845 300 1885 femina,
316 1857 373 1878 seu
393 1858 410 1878 a
429 1854 524 1888 patre
539 1848 581 1878 de
601 1848 696 1878 bonis
714 1849 860 1888 propriis

155 1898 354 1936 constituta,
381 1899 408 1928 si
433 1899 533 1928 modo
558 1903 657 1937 pater
687 1904 860 1939 superstes

157 1957 222 1978 non
248 1947 350 1979 foret.
382 1949 520 1988 I'lpiau.
556 1949 609 1978 tit.
634 1951 665 1979 6.
699 1948 742 1978 de
776 1950 859 1979 Dot.

155 1997 280 2028 Sensus
299 2004 370 2028 est:
396 2008 488 2037 occe,
505 1999 611 2038 inquit
628 2008 763 2036 avarus,
787 2008 861 2029 mea

158 2057 243 2078 uxor
264 2049 448 2079 etiamnum
479 2049 572 2087 vivit,
596 2059 672 2079 cuni
690 2049 817 2079 Nerius
842 2059 860 2079 e

158 2097 268 2128 tribus
304 2099 466 2129 uxoribus
500 2099 641 2129 mortuis
666 2104 733 2129 tres
762 2099 859 2130 dotes

159 2152 279 2177 nactus
303 2148 398 2178 dix-es
427 2149 586 2179 evaserit.
637 2149 759 2180 Horat.
787 2149 858 2180 Sat.

159 2205 199 2228 11.
218 2199 250 2227 3.
265 2198 273 2212 ‘
290 2198 409 2228 Scribe
426 2198 546 2229 decem
565 2199 694 2229 Nerio!

202 2247 356 2286 Ducitur]
394 2248 459 2278 Alii
498 2249 627 2288 legunt,
652 2249 808 2289 conditur,
827 2250 860 2280 id

160 2304 224 2335 est,
242 2301 419 2339 sepelitur.

205 2354 242 2381 15
268 2350 349 2380 Hoec
377 2354 481 2381 sancte
512 2353 545 2380 ut
582 2349 700 2389 pust-as]
747 2349 862 2390 Atque

159 2401 234 2431 ltaec
250 2401 331 2431 licet
349 2401 450 2440 impia
468 2401 529 2431 tibi
556 2399 681 2430 videris
696 2399 760 2429 rite
777 2400 862 2440 peti-

161 2456 269 2486 turus,
287 2452 311 2480 si
337 2451 450 2488 modo,
474 2457 508 2481 ut
526 2451 622 2487 facis,
646 2456 730 2480 ritus
749 2459 862 2480 omues

159 2501 346 2531 exteriores·
371 2505 406 2530 et
421 2501 578 2530 solennes
594 2500 791 2539 diligentius
809 2500 876 2545 ob-⁴

161 2559 288 2580 serves

207 2600 352 2630 Tiberino
369 2600 400 2630 in
413 2599 560 2639 gurg-ite]
585 2600 720 2629 Tim-ris
743 2598 864 2631 fluvius

163 2648 300 2679 Romam
318 2649 528 2688 interfluens,
551 2651 642 2690 prius
664 2651 775 2680 Albula
797 2651 866 2681 dic-

163 2701 230 2728 tus.
260 2698 362 2730 Ovid.
383 2700 472 2731 Fast.
486 2708 525 2732 11.
541 2699 684 2730 ‘Albula
702 2710 802 2741 quem
813 2700 865 2731 Ti-

912 1038 1020 1069 berim
1030 1048 1160 1069 mersus
1172 1037 1354 1068 Tiberinus
1367 1037 1401 1067 in
1413 1036 1513 1068 undis
1532 1036 1621 1068 Red-

914 1089 1027 1120 didit!

955 1139 1095 1180 siler-gis]
1125 1139 1215 1170 Vota
1231 1137 1356 1169 facturi
1372 1144 1408 1170 et
1421 1148 1527 1179 sacra,
1542 1139 1618 1170 vivo

911 1202 945 1223 se
969 1190 1108 1222 flumine
1136 1190 1228 1230 prius
1254 1190 1453 1221 abluebant.
1496 1190 1620 1231 virgil.

911 1243 1042 1273 AEneid.
1061 1252 1102 1273 11.
1131 1246 1139 1258 ⁶
1158 1242 1358 1273 Attrectare
1389 1241 1484 1273 nefas
1510 1242 1620 1273 donee

911 1304 964 1324 me
986 1292 1124 1324 flumine
1138 1293 1214 1323 vix-0
1236 1292 1414 1324 Abluer0.'
1440 1293 1620 1323 Praeterea

912 1345 1056 1375 observa
1084 1344 1235 1382 verbum,
1257 1343 1382 1382 mergis,
1409 1342 1546 1382 proprie
1564 1342 1619 1373 hic

914 1395 1079 1426 adhiberi.
1128 1395 1215 1425 Nam
1234 1393 1290 1435 qui
1315 1393 1388 1423 Diis
1405 1392 1529 1423 Inferis
1545 1393 1620 1422 lita-

915 1445 1010 1484 bant,
1028 1455 1115 1486 aqua
1140 1455 1175 1475 se
1196 1443 1443 1484 respergebant
1466 1447 1619 1473 tantum:

917 1495 973 1536 qui
988 1505 1065 1526 vero
1080 1495 1156 1526 Diis
1171 1494 1308 1534 Superis
1325 1503 1422 1524 sacra
1435 1492 1621 1531 faciebant,

913 1547 1113 1586 mergebant
1150 1556 1198 1585 se,
1230 1551 1266 1576 et
1297 1549 1388 1576 totos
1421 1543 1619 1574 abluebant.

914 1597 1069 1628 Mam-ob.
1087 1597 1256 1627 Saturnal.
1278 1605 1332 1626 ιιι.
1351 1598 1403 1626 11.

956 1649 996 1677 16
1020 1646 1132 1685 Mane]
1155 1646 1241 1676 Solis
1265 1650 1341 1676 ortu
1370 1644 1498 1675 fiebant
1521 1654 1621 1675 sacra

913 1697 991 1727 Diis
1009 1697 1147 1736 Superis
1171 1706 1210 1727 ac
1236 1696 1437 1727 Coel'ttibus:
1462 1695 1622 1726 Manibus

911 1752 1027 1778 autem
1044 1752 1079 1777 et
1096 1747 1172 1777 Diis
1191 1746 1328 1785 Inferis,
1344 1747 1492 1786 vesperi,
1516 1751 1552 1776 et
1568 1756 1622 1776 oc-

915 1797 1053 1828 cidente
1079 1798 1178 1828 Sole:
1213 1803 1252 1828 ut
1276 1797 1460 1827 observant
1489 1802 1622 1828 veteres

917 1847 1133 1887 Interpretes
1155 1846 1330 1887 Apollonii
1356 1847 1388 1877 iu
1404 1846 1624 1887 Argonautis,

916 1904 950 1928 et
966 1898 1109 1928 Pindari
1126 1898 1157 1928 in
1173 1898 1385 1936 Isthmiis‚a‹i
1405 1898 1472 1928 Od.
1486 1907 1535 1928 iv.

959 1948 1022 1978 Bis
1037 1947 1157 1987 terque]
1182 1948 1344 1977 Solennes
1369 1947 1403 1977 hi
1428 1948 1561 1978 numeri
1589 1948 1624 1978 in

913 1997 1036 2028 Sacris.
1081 1998 1137 2027 De
1164 1998 1292 2027 binario
1322 1997 1425 2028 Ovid.
1458 1998 1549 2028 Fast.
1573 2007 1624 2030 xv.

915 2048 923 2064 ‘
942 2047 1001 2077 Bis
1013 2054 1118 2087 caput
1135 2048 1304 2078 intonsum
1328 2046 1470 2078 fontana
1493 2048 1624 2088 spargi-

914 2102 970 2128 tur
999 2098 1108 2128 unda:
1133 2098 1189 2128 Bis
1210 2108 1272 2128 sua
1298 2097 1435 2138 faginea
1467 2103 1624 2139 tempora

914 2146 1035 2178 froude
1055 2147 1163 2187 tegit!
1200 2148 1254 2178 De
1272 2148 1421 2178 ternario
1438 2158 1518 2179 vero
1534 2148 1623 2179 idem

915 2197 995 2228 ibid.
1019 2198 1029 2213 ⁴
1046 2198 1115 2228 'l'er
1130 2202 1234 2238 caput
1251 2197 1389 2235 irrorat,
1404 2203 1456 2228 ter
1473 2199 1566 2229 tollit
1579 2198 1623 2229 ad

914 2248 1042 2279 aethera
1073 2248 1225 2287 palmas.’
1281 2249 1327 2278 Et
1355 2248 1477 2287 virgil.
1502 2249 1622 2288 Eclog.

916 2306 996 2328 vm.
1014 2298 1023 2313 ‘
1038 2298 1152 2328 Terna
1170 2298 1230 2328 tibi
1247 2298 1319 2328 haec
1336 2298 1478 2338 primum
1499 2299 1624 2339 triplici

917 2347 1049 2378 diversa
1065 2349 1179 2379 colore
1193 2349 1287 2379 Licia
1304 2349 1490 2389 circumdo,
1505 2356 1624 2391 terque

917 2400 989 2429 haec
1005 2399 1125 2429 altaria
1137 2399 1268 2429 circum
1287 2398 1442 2439 Effigiem
1453 2400 1551 2440 duco,
1564 2410 1625 2430 nu-

918 2457 1010 2479 mero
1024 2450 1119 2480 Deus
1134 2450 1264 2489 impare
1281 2450 1431 2489 gaudet!

962 2499 1007 2529 Et
1023 2503 1143 2530 noctem
1160 2499 1294 2539 flumine
1312 2499 1448 2540 purgas]
1481 2499 1624 2540 Antiqui

917 2554 1019 2580 nocte
1048 2551 1123 2589 ipsa
1139 2551 1227 2581 sieut
1251 2556 1286 2580 et
1313 2550 1487 2580 nocturni>
1504 2550 1626 2580 insom-

919 2601 983 2630 niis
1022 2601 1126 2640 pollui
1159 2610 1194 2630 se
1233 2600 1432 2635 credebant,
1463 2604 1499 2629 nt
1530 2604 1626 2630 notat

918 2651 1054 2682 Servius
1071 2665 1076 2685 ;
1094 2650 1184 2681 uude
1201 2654 1278 2690 post
1302 2649 1360 2678 illa
1374 2658 1409 2678 se
1438 2648 1625 2688 expiabant

918 2700 1092 2742 frequenti
1113 2699 1308 2736 ablutione;
1332 2696 1422 2738 quod
1439 2697 1623 2729 etiamnum
