1888 3032
732 142 915 173 SA'I'IRA
948 141 981 170 1.

1522 129 1580 170 41

115 230 235 273 Men'
254 231 460 272 moveat?
485 231 650 284 quippe
671 232 729 279 et,
751 230 890 270 cantet
911 228 949 268 si
968 226 1216 285 naufraguS,
1239 238 1382 267 assem

116 299 408 340 Protulerim‘?
451 302 617 346 cantas,
640 309 743 337 curn
763 296 903 336 fracta
924 300 965 336 te
986 294 1030 334 in
1048 294 1169 334 trabe
1188 293 1355 347 pictum

115 366 184 406 Ex
207 367 385 406 humero
407 370 567 418 portes.

629 363 809 411 Verum,
831 375 910 403 nec
928 366 1052 402 nocte
1072 365 1276 415 paratum

1523 360 1581 401 90

115 433 329 482 Plorabit,
353 434 427 486 qui
450 446 517 472 me
540 432 656 472 volet
668 432 921 471 incurvasse
939 430 1126 482 querela.

174 501 262 541 Sed
285 501 474 541 numeris
496 500 626 540 decor
645 502 713 538 est
732 502 774 538 et
790 497 1000 551 junctura
1021 496 1172 537 addita
1195 497 1356 538 crudis.

117 567 330 610 claudere
352 568 416 608 sic
438 579 610 607 versum
632 565 803 614 didicit,
836 561 1125 619 Berecynclzius
1145 563 1270 605 Attin
1291 581 1305 614 ,-

119 691 284 721 Enimvero
314 690 342 720 si
371 692 462 720 canat
487 689 514 719 is
539 689 590 729 qui
609 687 691 726 jecit
721 687 936 726 naufragium,
978 696 1018 716 nn
1054 696 1101 716 me
1139 689 1262 725 tangat,
1301 689 1331 717 et
1361 686 1392 716 ei
1433 695 1588 716 nummum

116 730 334 773 erogat-erim?
394 732 494 763 Itane
538 733 623 762 canis
675 730 819 771 (dicam)
868 730 987 770 quando
1033 732 1063 759 te
1102 739 1117 759 e
1165 730 1287 769 scapula
1334 731 1442 768 gestas
1484 729 1590 759 adum-

118 777 241 807 bratum
270 777 302 806 in
345 775 449 806 tabula
483 775 625 815 abrupta.
672 776 775 805 Certe
816 773 967 803 sincerum
1000 775 1029 802 et
1066 781 1126 802 non
1156 775 1247 802 noctu
1280 774 1489 812 comparatum
1521 772 1591 802 edet

116 820 247 850 dolorem
252 843 260 857 ,

309 820 361 858 qui
395 819 496 858 cupiet
533 828 580 848 me
603 819 735 858 flectere
765 816 958 856 querimonia
1003 825 1074 845 sua.
1118 815 1164 845 At
1208 815 1316 845 metris
1349 815 1457 853 gratia
1497 814 1591 852 inest,

118 866 149 893 et
187 863 334 894 connexio
356 862 469 898 juncta
499 861 686 891 immaturis.
734 860 872 890 Edoctus
903 861 948 889 est
986 859 1030 887 ita

1059 857 1159 898 finire
1189 867 1328 887 carmen:
1364 857 1592 897 Berecynthius

119 906 225 945 Attin,
251 909 280 935 et
300 905 439 944 Delphin
469 904 519 944 qui
545 903 667 934 secabat
696 912 780 934 mare
808 902 972 932 Glaucum.
1019 900 1071 930 Ita
1092 899 1302 930 subtraximus
1318 901 1400 930 lutus
1426 899 1591 940 Apennino

740 972 856 985 eeeeee

859 972 976 983 eeeeee

119 1023 241 1063 Steph.
275 1022 385 1053 bellum
411 1022 477 1059 hoc,
506 1020 617 1051 bellum
656 1022 701 1050 est
725 1018 792 1048 Ms.
822 1017 866 1047 R.
903 1016 959 1046 hoc
989 1013 1125 1046 bellum?
1157 1015 1269 1046 bellum
1297 1018 1342 1046 est
1365 1015 1433 1046 Ms.
1465 1015 1593 1047 Gal,—

121 1069 162 1097 88
186 1065 273 1097 Men'
290 1068 407 1095 moveat
428 1063 564 1104 quippe?
600 1062 693 1093 Edit.
719 1061 926 1101 Steph.—92
949 1059 1056 1090 abditu
1084 1058 1176 1089 Edit.
1191 1058 1310 1099 Steph.
1334 1058 1482 1090 Quidam
1499 1059 1591 1089 codi-

122 1118 179 1141 ces
204 1108 329 1140 habent
358 1107 484 1138 abdita:
511 1107 639 1147 inepte.
666 1104 926 1136 &sualim—93
952 1102 1008 1133 Sic
1034 1101 1213 1142 legendum
1239 1106 1308 1133 est:
1338 1100 1431 1142 quod
1458 1101 1591 1142 pridem

782 1178 922 1211 NOTAE

166 1247 236 1279 Hoc
253 1246 375 1287 bellum]
413 1246 555 1287 Repetit
585 1254 660 1276 cum
678 1243 829 1284 indigna-

122 1299 214 1331 tione
231 1299 390 1330 Persius:
423 1297 555 1329 scilicet
572 1296 749 1337 pulchrum
765 1295 828 1326 hoc

122 1349 258 1391 ducitis,
270 1359 289 1381 o
306 1348 450 1380 Romani
465 1348 477 1378 ?

166 1399 313 1440 Romule]
350 1399 496 1430 Ponitur
512 1408 574 1438 pro
592 1396 747 1438 quolibet
764 1396 829 1426 Ro-

124 1459 311 1481 manorum.

171 1499 281 1539 Cet-es]
305 1497 359 1529 An
376 1498 426 1528 ita
448 1496 594 1537 turpiter
611 1494 771 1532 adularis,
793 1498 832 1525 ut

125 1559 225 1582 canes
251 1549 361 1580 solent
379 1548 540 1588 agitando
562 1548 680 1578 clunes
697 1545 832 1576 domino

128 1609 188 1632 suo
201 1600 391 1631 abblandiri
405 1600 417 1630 ?

169 1654 211 1682 88
237 1650 322 1681 Men’
338 1650 472 1690 moa-eat]
496 1650 600 1680 Mene
632 1648 675 1680 ad
703 1647 832 1680 miseri-

129 1700 277 1733 cordiam
292 1700 481 1741 provocet?

170 1752 294 1793 Assem]
324 1752 471 1783 Ponitur
492 1762 553 1793 pro
574 1751 727 1793 quolibet
742 1760 835 1782 nnm-

128 1813 205 1835 mo:
223 1803 360 1845 proprie
378 1813 457 1834 vero
473 1813 508 1833 as
523 1808 576 1833 est
596 1802 723 1833 libralis
742 1811 836 1832 num-

128 1864 219 1886 mus:
238 1854 326 1885 idem
343 1863 478 1895 quoque
503 1852 672 1893 significat
697 1852 837 1893 quodli-

131 1905 194 1936 bra
218 1910 254 1937 et
271 1905 394 1946 pondo.
441 1904 547 1935 Varro
576 1903 597 1934 1.
629 1911 655 1933 1.
679 1903 721 1933 de
737 1902 836 1942 Ling.

133 1955 268 1987 Latina.

172 2008 213 2036 89
239 2006 369 2043 Cantas,
381 2014 460 2042 cum,
475 2002 544 2043 fixa]
557 2002 587 2034 O
600 2001 700 2042 Pedi,
715 2000 837 2032 florido

131 2056 166 2087 in
196 2064 351 2086 sermone
375 2054 460 2085 ludis
486 2059 520 2084 et
542 2054 773 2092 exultaS‚cltn1
790 2058 839 2083 ta-

131 2116 210 2138 men
238 2116 315 2137 mox
340 2107 382 2136 ob
404 2105 546 2136 crimina
567 2104 777 2135 damnandus
794 2104 839 2135 sis

134 2161 171 2189 et
201 2155 385 2187 movendus
411 2156 553 2194 Senatu,
578 2160 647 2186 tam
662 2156 785 2186 stultus
803 2164 839 2186 es

132 2208 300 2247 nimirum,
327 2216 429 2247 quam
452 2206 508 2246 qui
530 2211 668 2246 portans
693 2206 743 2236 sui
759 2216 840 2236 nau-

132 2258 232 2299 fragii
259 2263 353 2290 notas
371 2262 487 2288 cantat
500 2257 674 2287 hilariter:
702 2261 736 2287 et
755 2261 803 2295 tu,
821 2266 839 2287 ο

135 2309 258 2350 Poeta,
274 2309 330 2350 qui
355 2317 486 2338 omnem
514 2306 682 2339 Carminis
704 2307 840 2337 laudem

135 2360 271 2402 reponis
289 2359 322 2390 in
347 2358 478 2389 levibus
501 2357 707 2388 ornamentis
723 2356 842 2398 figura-

136 2421 224 2451 rum,
236 2415 358 2442 neutro
370 2410 504 2440 illorum
520 2418 556 2439 es
571 2408 694 2438 sanior.

179 2463 220 2494 In
239 2462 340 2503 trabe]
366 2460 462 2492 Tr'abs
490 2470 550 2501 pro
571 2459 696 2491 tabella
719 2459 844 2501 accipi-

139 2518 204 2545 tur.

181 2564 321 2605 Pictum]
344 2563 447 2605 Apud
458 2561 672 2603 veteres,qui
688 2559 844 2592 fecerant

140 2614 362 2656 naufragium,
390 2615 452 2645 hoc
491 2613 524 2644 in
557 2611 683 2643 tabella
717 2611 845 2651 pictum

141 2664 438 2704 circumferebant,
467 2668 506 2694 ut
535 2663 659 2703 stipem
690 2671 845 2701 corroga-

140 2720 228 2747 rent.
260 2714 433 2746 Tabellam
456 2723 540 2745 vero
559 2718 677 2754 postea
700 2711 734 2743 in
752 2711 845 2752 Nep-

884 1241 958 1273 tuni
974 1240 1160 1272 alteriusve
1178 1240 1247 1272 Dei
1270 1239 1487 1280 opitulatoris
1512 1244 1597 1270 tem-

885 1294 940 1334 plo
958 1292 1224 1333 suspendebant.
1270 1291 1393 1323 Horat.
1426 1290 1494 1322 Od.
1511 1300 1537 1321 1.
1563 1295 1595 1322 5.

884 1345 893 1360 ‘
912 1344 970 1374 Me
987 1343 1103 1375 tabula
1120 1352 1217 1374 sacer
1240 1342 1368 1373 Votiva
1382 1341 1493 1382 paries
1513 1341 1598 1372 indi-

885 1399 954 1434 cat,
973 1394 1073 1425 nvida
1092 1393 1316 1434 Suspendisse
1334 1393 1469 1434 potenti
1485 1392 1600 1423 Vesti-

883 1451 1001 1477 menta
1018 1446 1119 1477 maris
1133 1445 1231 1477 Deo.’

929 1500 970 1527 90
1000 1497 1125 1536 Verum,
1150 1496 1218 1536 Syru]
1263 1496 1405 1536 Supple,
1425 1497 1597 1536 ploratum

887 1548 1034 1589 piorabit
1049 1558 1056 1585 3
1071 1549 1159 1578 sicut
1177 1547 1331 1587 dicimus,
1347 1548 1454 1578 vitam
1470 1547 1597 1580 vivere.

933 1599 1030 1628 Nocte
1043 1597 1205 1638 paratum]
1240 1597 1447 1628 Meditatum
1469 1603 1505 1628 et
1526 1602 1600 1629 arte

889 1649 1087 1681 confictum.

931 1704 970 1732 91
999 1701 1066 1736 Qui
1097 1710 1142 1731 me
1170 1700 1262 1739 volet,
1290 1699 1360 1740 ξω]
1405 1699 1515 1730 Poe'ta
1545 1693 1603 1739 q'ui

888 1752 1038 1783 voluerit
1061 1751 1208 1781 lectores
1236 1759 1387 1789 movere,
1426 1759 1468 1780 ne
1501 1748 1603 1780 falsos

890 1806 1024 1833 tantum
1039 1801 1170 1832 colores
1189 1805 1224 1831 et
1237 1810 1325 1830 vana
1340 1800 1491 1831 Carmini
1509 1810 1605 1831 orna·

889 1857 1015 1892 menta,
1041 1852 1082 1882 de,
1115 1851 1237 1892 quibus
1270 1855 1364 1889 ante,
1393 1850 1453 1881 sed
1485 1860 1601 1881 verum

892 1913 1029 1934 succum
1046 1912 1085 1933 ac
1112 1901 1214 1932 robur
1242 1901 1348 1931 indat.
1375 1900 1542 1931 Horatius
1570 1901 1604 1931 in

892 1953 978 1984 Arte
996 1964 1003 1984 z
1027 1954 1036 1970 ‘
1051 1953 1086 1984 Si
1103 1953 1152 1983 vis
1168 1961 1219 1982 me
1235 1950 1332 1991 flere,
1351 1951 1534 1982 dolendum
1552 1955 1607 1982 est

893 2005 1039 2045 primuni
1056 2003 1121 2044 ipsi
1141 2002 1226 2033 tibi!

937 2058 978 2087 92
1003 2055 1065 2086 Sed
1100 2053 1234 2084 numeris
1256 2054 1347 2084 decor
1376 2051 1438 2092 est]
1483 2052 1606 2083 Retor-

896 2110 977 2147 quet
994 2105 1102 2136 malus
1119 2104 1250 2135 Po'e'ta:
1284 2107 1437 2134 attamen
1454 2102 1487 2132 in
1506 2102 1545 2133 iis
1558 2103 1608 2143 ip-

895 2157 938 2187 sis
970 2155 1122 2186 versibus
1153 2164 1236 2196 quos
1259 2153 1492 2195 reprehendis,
1519 2153 1607 2184 inest

895 2206 1119 2246 concinnitas,
1144 2206 1233 2236 inest
1250 2204 1376 2246 aliquid
1406 2209 1546 2235 ornatus
1570 2209 1607 2234 et

896 2257 1045 2295 artificii,
1057 2265 1247 2297 quanquam
1261 2260 1298 2286 tu
1309 2254 1432 2285 crudos
1449 2264 1561 2285 vocas.

938 2306 1075 2346 Addita]
1101 2307 1237 2346 Legunt
1260 2305 1412 2347 quidam,
1436 2305 1557 2345 abdita,
1573 2305 1608 2337 id

898 2362 962 2396 est,
976 2357 1143 2396 abstrusa,
1160 2357 1310 2394 occulta,
1334 2360 1407 2387 arte
1425 2360 1459 2386 et
1473 2355 1608 2396 iugenio

898 2408 1100 2449 conquisita.

944 2458 1076 2499 Crudis]
1115 2457 1278 2489 Versibus
1309 2467 1375 2488 non
1400 2461 1453 2487 sat
1475 2460 1610 2487 matura

899 2510 1125 2542 meditatione
1150 2508 1330 2551 perfectis,
1355 2508 1421 2546 vel,
1439 2505 1539 2537 factis
1554 2515 1611 2536 ex-

900 2567 1066 2602 tempore,
1089 2566 1124 2592 et
1143 2569 1262 2600 magno
1277 2568 1430 2596 numero,
1454 2557 1525 2587 sine
1543 2556 1610 2587 ullo

899 2613 1028 2651 labore,
1055 2611 1213 2652 nullaque
1237 2607 1416 2649 diligentia
1440 2610 1476 2636 et
1498 2604 1612 2636 indus-

901 2664 967 2695 tria
983 2661 1141 2704 profusis.

943 2715 984 2745 93
1011 2713 1162 2744 claudere
1186 2709 1230 2741 sic
1252 2716 1384 2747 tersum,
1399 2704 1468 2746 ἔξω]
1501 2705 1612 2747 Repo-
