1888 3032
734 150 917 182 SATmA
953 150 1016 181 Vl.

1539 142 1622 183 iso

160 246 230 287 Sit
248 245 433 299 reliqua,
456 247 523 285 ast
546 244 607 285 illi
631 239 783 285 tremat
802 248 974 285 omento
996 256 1118 298 popa
1137 248 1280 286 venter
1296 244 1314 285 ’ἰ

211 312 366 354 Vende
389 314 577 353 animam
600 313 744 352 lucro:
779 325 982 360 mercare,
1006 316 1134 365 atque
1154 315 1313 353 excute
1335 311 1471 352 solers

1559 310 1619 353 75

157 380 295 423 Omne
316 380 430 420 latus
450 379 614 428 mundi,
636 392 687 419 ne
711 380 768 419 sit
789 379 1062 431 praestantior
1083 380 1189 420 alter

156 447 451 501 Cappadocas
472 446 612 500 rigida
634 446 819 499 pingues
842 447 1055 498 plausisse
1075 450 1259 488 catasta.

153 568 395 610 tramaefigura,
417 567 463 599 illi
484 578 553 598 vero
574 566 680 597 obesus
701 570 808 598 venter
830 567 959 607 palpitet
984 577 1056 607 prae
1076 567 1294 608 pinguedine?
1344 567 1499 599 Vennmda
1523 566 1624 597 vitam

155 620 217 651 pro
233 615 362 651 quaestu,
379 614 582 641 mercaturam
596 620 716 647 exerce,
733 613 762 640 et
779 611 912 649 diligens
925 611 1082 650 perlustra
1098 622 1200 641 omnus
1211 611 1294 641 orbis
1306 614 1425 651 partes,
1435 620 1472 641 ne
1486 609 1526 640 sit
1541 609 1623 640 alius

150 655 282 694 peritior
303 653 490 694 applausisse
510 654 702 694 corpulentos
724 654 924 693 Cappadocas
950 654 982 684 in
1003 654 1080 684 duro
1105 658 1261 694 pegmate.
1309 654 1441 684 Gemina
1458 652 1624 693 peculium.

771 736 884 748 eeeeee

889 736 1004 747 cccccc

707 796 748 824 7ss
772 803 825 824 nec
835 793 877 824 sit
895 792 962 824 Ms.
980 792 1061 825 Gal.

826 905 967 937 NOTAE

150 981 263 1015 meat3
290 987 333 1008 ex
356 978 510 1010 Varrone
526 988 577 1011 ιν.
605 979 648 1010 de
664 980 763 1020 Ling.
781 981 857 1011 Lat.

153 1028 217 1059 Vel
234 1028 330 1068 cujus
347 1039 435 1067 ossa,
453 1039 561 1069 venae,
577 1030 673 1061 nervi
690 1030 738 1061 sic
755 1040 858 1071 appa-

151 1082 240 1118 rent,
256 1083 294 1109 ut
310 1078 343 1109 in
357 1078 487 1110 detrito
502 1089 611 1119 panno
620 1083 733 1112 trama.
757 1080 858 1111 Unde

152 1130 327 1169 eleganter
344 1130 551 1161 Prudentius
566 1136 687 1161 contra
711 1131 858 1162 Manich.

152 1188 312 1210 nervorum
327 1183 486 1211 texturam
502 1181 665 1221 appellat.

193 1233 236 1262 74
260 1231 319 1268 Ast
335 1232 381 1261 illi
403 1231 534 1271 tremat]
574 1231 716 1262 Haeredi
743 1236 859 1262 autem

151 1281 320 1312 distentus
335 1287 453 1313 venter
470 1286 506 1313 et
522 1281 645 1313 obesus
656 1281 829 1313 subsiliat.

197 1331 344 1371 Omento]
369 1331 512 1372 Proprie
528 1336 582 1363 est
598 1332 799 1373 panniculus
815 1333 859 1363 iu-

153 1382 276 1413 testina
299 1382 449 1413 ambiens
468 1387 504 1414 et
520 1388 720 1422 contegens,
736 1388 773 1413 ut
789 1383 860 1414 dixi

151 1433 224 1464 Sat.
241 1441 282 1464 n.
300 1433 353 1463 hic
371 1433 510 1474 ponitur
527 1442 590 1472 pro
606 1433 719 1473 adipe,
735 1438 771 1464 et
788 1433 860 1472 pin-

154 1483 221 1524 gui.

194 1532 299 1573 Popa]
326 1533 458 1563 Venter
482 1532 630 1571 gulosus,
646 1533 752 1573 lurco,
766 1534 862 1574 popi-

150 1593 205 1624 no,
220 1583 276 1615 vel
302 1582 409 1615 fartus
436 1583 535 1623 popis
562 1593 620 1614 seu
643 1585 798 1625 popanis,
825 1585 859 1616 id

150 1638 216 1672 est,
240 1633 495 1665 delicatioribus
519 1634 617 1665 escis.
665 1635 752 1665 Nam
770 1644 861 1675 popa

150 1690 203 1716 est
231 1685 400 1725 placenta.
452 1685 514 1715 Est
541 1685 646 1715 etiam
677 1685 859 1726 aliquando

151 1736 375 1776 victimarius,
389 1735 424 1766 id
445 1739 511 1774 est,
527 1735 726 1766 Sacerdotis
747 1736 861 1767 minis-

150 1791 205 1816 ter
221 1785 262 1816 ad
281 1785 478 1816 mactandas
493 1785 661 1817 victimas.

193 1839 233 1867 '75
267 1837 370 1868 Vende
392 1837 528 1868 animam
550 1837 648 1876 lucro]
675 1837 859 1868 Concludit

151 1886 311 1918 Persius:
340 1895 420 1925 ergo
446 1891 523 1926 post
551 1885 624 1916 haec
648 1887 760 1917 omnia
784 1897 859 1928 quae

151 1938 224 1970 dixi
246 1938 408 1970 adversus
435 1938 586 1969 avaritiae
612 1939 743 1978 sordes,
758 1939 787 1970 si
810 1944 860 1970 ta-

150 1999 228 2021 men
255 1989 365 2029 lubet,
389 1989 466 2020 huic
488 1990 565 2029 lita,
588 1994 626 2020 et
651 1989 732 2020 vitae
755 1990 859 2021 etiam

151 2039 303 2079 periculo
334 2039 473 2070 divitias
510 2049 671 2080 congere,
708 2050 771 2081 per
806 2039 859 2072 fas

152 2089 255 2123 etiam
272 2093 308 2121 et
323 2089 429 2121 nefas.

196 2139 356 2180 Biercare]
400 2139 617 2181 Longinquas
656 2146 859 2173 mercaturae

153 2200 256 2222 causa
271 2200 334 2232 per
349 2200 439 2222 mare
457 2200 519 2231 per
535 2195 644 2222 terras
669 2193 862 2233 peregrina-

153 2241 262 2273 tiones
287 2242 439 2282 institue,
460 2245 500 2272 ut
525 2241 652 2273 dictum
670 2244 742 2274 Sat.
757 2253 791 2274 v.
809 2254 859 2276 vs.

154 2293 227 2323 135.
255 2295 290 2323 et
321 2291 554 2332 sequentibus,
599 2292 689 2324 Ibid.
713 2303 762 2326 vs.
786 2297 859 2326 137.

151 2347 166 2367 'v
177 2341 287 2372 Verte
304 2341 444 2382 aliquid,
457 2341 561 2382 jura‚’
577 2344 640 2374 &c.

196 2392 320 2423 Excute
333 2393 427 2423 solers
441 2402 529 2424 omne
543 2393 626 2423 latus
637 2393 760 2434 mundi]
779 2394 862 2425 Per·

154 2452 237 2483 agra
252 2447 362 2474 totum
375 2443 505 2484 orbem,
517 2452 633 2474 omues
650 2443 740 2474 orbis
757 2453 860 2486 angu-

153 2493 203 2526 los
217 2498 386 2531 scrutare,
406 2497 444 2524 ut
466 2503 596 2525 merces
613 2503 718 2525 novas
735 2499 771 2526 et
787 2495 860 2527 aliis

153 2544 336 2584 irrepertas
351 2553 528 2584 compares
552 2548 588 2576 et
608 2544 673 2576 huc
689 2544 836 2577 advehas
850 2556 860 2585 ;

156 2598 195 2623 et
218 2594 266 2626 sic
295 2595 441 2626 ditescas
471 2595 577 2627 brevi.
622 2594 739 2636 Solem,
763 2596 860 2637 quasi

155 2642 244 2673 :olus
259 2644 293 2674 in
309 2649 385 2676 arte
401 2648 566 2685 praestans
582 2649 619 2676 et
635 2645 790 2678 callidus.

199 2694 242 2725 76
257 2692 308 2726 Ne
321 2694 365 2728 sit
373 2695 576 2739 proestantior
586 2696 678 2738 alter,
695 2696 766 2738 fisa]
783 2696 860 2729 Nec

912 978 957 1010 sit
988 978 1153 1020 quispiam
1190 983 1225 1009 te
1261 978 1406 1019 peritior
1440 977 1624 1009 exercendi

912 1030 1096 1070 mangonu,
1113 1029 1145 1060 id
1165 1034 1229 1070 est,
1245 1028 1425 1059 coemendi
1440 1028 1624 1068 mancipia,

915 1087 951 1110 et
980 1081 1065 1112 bene
1097 1085 1216 1111 curata
1258 1079 1479 1120 saginataqne
1514 1079 1625 1110 carius

915 1131 1098 1161 vendendi.

957 1185 998 1213 77
1022 1182 1221 1222 Cappadocas
1232 1180 1381 1222 pingues]
1395 1180 1505 1211 Vetus
1520 1179 1623 1210 Scho-

915 1232 1032 1263 liastes
1049 1232 1203 1273 explicat
1215 1233 1256 1263 de
1274 1231 1538 1272 gladiatoribus:
1564 1230 1624 1262 sed

915 1292 991 1313 cum
1007 1283 1080 1324 ipso
1095 1288 1194 1314 textu
1204 1283 1393 1313 reclamant
1405 1286 1439 1313 et
1452 1280 1625 1322 refragan-

915 1336 972 1364 tur
1002 1333 1066 1364 viri
1096 1333 1297 1372 doctissimi,
1326 1338 1362 1364 et
1395 1332 1574 1363 venalitios
1606 1341 1625 1362 e

917 1384 1138 1425 Cappadocia
1154 1393 1266 1415 servos
1284 1383 1493 1423 intelligunt,
1510 1381 1625 1413 robus-

917 1438 970 1465 tos
987 1435 1123 1475 quidem
1142 1440 1177 1466 et
1193 1434 1352 1475 grandes.
1392 1434 1463 1465 Cic.
1481 1437 1557 1474 post
1573 1442 1626 1464 re.-

916 1484 1023 1515 ditum
1036 1485 1071 1515 in
1084 1486 1229 1516 Senatu:
1247 1487 1256 1502 ‘
1271 1485 1514 1525 Cappadocem
1523 1484 1624 1515 modo

916 1533 1098 1575 abreptum
1112 1535 1155 1566 de
1171 1544 1275 1576 grege
1289 1536 1456 1566 venalium
1469 1535 1627 1566 diceres!

915 1585 1040 1617 Horat.
1064 1586 1177 1626 Epist.
1196 1595 1221 1616 1.
1238 1589 1270 1618 6.
1298 1586 1307 1602 ‘
1324 1586 1509 1626 Mancipiis
1534 1586 1627 1617 locu-

915 1636 987 1676 ples
1015 1641 1098 1676 eget
1139 1637 1214 1667 aeris
1253 1636 1496 1677 Cappadocum
1525 1635 1627 1669 Rex?

914 1685 1025 1717 Porro
1051 1686 1273 1727 Cappadocia
1293 1691 1346 1717 est
1367 1686 1462 1718 Asiae.
1488 1687 1628 1719 minoris

914 1737 1023 1777 regio,
1044 1737 1142 1777 cujus
1166 1737 1285 1778 populi
1311 1736 1344 1767 id
1370 1737 1543 1777 peculiare
1568 1738 1626 1768 ha-

914 1786 1076 1825 buerunt,
1107 1787 1198 1828 quod
1237 1786 1436 1817 servitutem
1472 1787 1625 1819 libertati

914 1836 1141 1876 praetulerint.
1188 1837 1279 1868 Nam
1302 1846 1323 1866 a
1349 1836 1510 1868 Romanis
1526 1837 1625 1869 liber·

915 1889 1022 1916 tatem
1037 1885 1226 1927 deprecati,
1249 1887 1314 1917 illis
1331 1887 1626 1929 permittentibus,

915 1934 1181 1966 Ariobarzanem
1194 1937 1322 1976 Regem
1332 1937 1522 1977 elegerunt.
1533 1937 1624 1969 Vide

916 1983 1014 2017 Alex.
1030 1985 1071 2015 ab
1088 1985 1189 2016 Alex.
1204 1994 1247 2016 ιι.
1263 1988 1316 2017 27.

958 2035 1135 2076 Plausisse]
1154 2037 1289 2077 Legunt
1302 2037 1357 2068 alii
1375 2037 1541 2069 clausisse.-
1567 2039 1626 2071 alii

912 2086 1045 2126 pavisse,
1073 2086 1109 2117 id
1125 2090 1191 2127 est,
1213 2086 1300 2118 bene
1325 2097 1461 2119 curasse
1484 2093 1520 2121 et
1544 2099 1625 2121 enu—

916 2137 1064 2176 trivisse,
1099 2142 1137 2168 ut
1172 2136 1303 2169 facilius
1339 2145 1484 2170 emtores
1532 2140 1625 2172 inve-

915 2189 1012 2220 niant
1029 2188 1170 2229 pingues
1184 2192 1219 2220 et
1228 2189 1432 2229 corpulenti.
1460 2189 1626 2222 Attamen

915 2243 1031 2270 amant
1043 2238 1229 2278 doctiores,
1241 2244 1278 2270 et
1291 2240 1453 2281 retinent,
1465 2242 1626 2283 plausisse,

916 2288 1076 2329 ambigua
1092 2288 1228 2330 quidem
1240 2290 1297 2320 sed
1311 2290 1446 2322 erudita
1457 2291 1626 2333 significa-

916 2338 1010 2370 tione
1035 2343 1071 2370 et
1095 2338 1232 2380 ingenio
1250 2340 1389 2371 Satirici
1411 2342 1520 2373 nostri
1542 2343 1624 2375 satis

917 2397 1080 2430 congrua.
1138 2388 1261 2431 Itaque
1295 2390 1459 2431 plausisse,
1488 2392 1542 2423 vel
1571 2398 1624 2424 est

916 2438 1073 2479 palpasse
1110 2448 1211 2470 manu
1245 2449 1420 2472 servorum
1456 2443 1624 2474 venalium

914 2490 1077 2532 membra,
1098 2489 1141 2521 ad
1168 2490 1406 2522 ostentandam
1438 2491 1623 2523 emturien-

915 2540 1004 2572 tibus
1020 2540 1144 2573 bonam
1160 2541 1313 2582 corporis
1335 2541 1567 2572 habitudinem
1581 2551 1622 2574 ac

913 2592 1059 2624 nitorem
1073 2602 1081 2624 ε
1115 2593 1182 2632 vel,
1195 2601 1309 2623 servos
1324 2590 1494 2622 laudando
1510 2594 1547 2624 et
1562 2601 1622 2632 ap.

914 2643 1108 2684 plaudendo
1125 2642 1290 2674 incitasse
1309 2639 1352 2671 ad
1368 2639 1561 2672 saltandum
1576 2651 1622 2673 ex

915 2692 1184 2731 consuctudiue3
1212 2690 1313 2722 immo
1330 2693 1365 2721 et
1382 2689 1492 2731 patrio
1523 2700 1620 2726 more
