1888 3032
740 118 924 149 SATIRA
959 118 1033 148 111.

206 217 234 259 J
240 230 310 258 arn
329 217 452 265 liber,
474 218 516 255 et
537 214 704 255 bicolor
724 214 881 268 positis
910 213 1160 254 membrana
1177 213 1366 267 capillis,

1564 106 1622 148 71

1562 211 1618 252 10

156 285 294 338 Inque
314 296 469 324 manus
492 282 654 324 chartae
675 282 932 336 nodosaque
952 282 1071 324 venit
1089 281 1272 323 arundo.

153 351 278 392 Tunc
301 351 507 404 queritur,
530 362 703 390 crassus
725 350 895 390 calamo
916 349 1035 402 quod
1056 349 1245 403 pendeat
1263 349 1442 402 humor;

151 418 290 471 Nigra
312 417 433 471 quod
449 418 591 458 infusa
611 421 819 458 vanescat
839 418 964 470 sepia
985 418 1187 471 lympha3

151 486 327 526 Dilutas
350 486 541 539 queritur
565 486 750 537 geminet
770 484 887 537 quod
908 482 1055 525 fi'stula
1076 490 1236 537 guttas.

211 553 250 594 Ο
274 554 417 603 miser,
437 553 566 605 inque
587 551 682 592 dies
702 551 814 592 ultra
834 552 988 592 miser!
1021 552 1203 593 huccine
1225 565 1366 593 rerum

1555 553 1614 595 15

146 679 177 706 et
189 684 410 716 pergamenum
433 674 551 714 duplici
574 674 683 713 colore,
704 674 779 714 pilis
793 674 952 715 depositis,
967 678 997 705 et
1010 684 1158 716 papyrus,
1185 677 1215 705 et
1237 675 1371 705 calamus
1395 674 1487 705 nodos
1502 672 1616 706 hahens

148 718 290 748 manibus
313 718 502 748 inseruntur.
552 717 628 748 Tum
654 717 852 758 conqueritur
875 719 954 758 quod
981 718 1098 758 spissus
1122 718 1223 758 liquor
1238 717 1355 748 haereat
1370 717 1403 748 in
1415 727 1537 757 penna:
1559 717 1617 748 de-

151 760 242 797 inde,
257 761 337 800 quod
348 764 417 791 ater
432 760 524 800 sepioe
545 760 665 790 humor
688 770 782 790 vanus
795 760 873 802 fiat,
897 771 975 800 aqua
998 761 1171 791 instillata:
1194 766 1315 801 postea
1329 760 1525 800 conqueritur
1536 761 1616 800 quod

150 804 285 834 calamus
299 803 433 843 duplicet
448 803 551 833 stillas
561 803 709 843 liquidas.
758 804 786 833 0
802 803 938 841 infelix!
961 811 991 835 ec
1006 803 1115 834 indies
1137 802 1272 834 futurus
1301 804 1402 842 magis
1426 802 1551 844 infelix,
1574 813 1614 834 an

760 888 797 900 σθ
803 888 995 900 eceteooaeaee

145 940 317 972 Casaubon.
349 942 477 982 findor,
506 945 539 973 ut
554 942 722 973 Archadiae
753 943 880 974 C.——10
903 943 1014 983 positis
1039 942 1152 973 bicolor
1176 941 1243 973 Ms.
1261 942 1303 972 R.
1328 945 1363 972 et
1394 941 1460 972 Ms.
1488 940 1612 972 Gal.—

145 986 184 1014 12
211 984 302 1015 Nunc
330 986 469 1024 queritur
492 986 558 1016 Ms.
589 986 627 1016 R.
666 985 822 1025 querimur
849 986 978 1017 C.—13
1005 986 1109 1025 Nigra
1123 986 1175 1016 sed
1192 985 1318 1016 C.—14
1341 985 1498 1024 querimur
1514 983 1610 1016 Edit.

807 1069 946 1102 NOTAE

187 1144 227 1173 10
250 1142 359 1183 Liber]
405 1143 553 1184 Proprie
594 1148 646 1174 est
689 1144 849 1176 arborum

143 1198 276 1231 cortex,
294 1194 327 1224 in
355 1203 420 1234 quo
437 1194 539 1225 scribi
556 1194 688 1226 solebat
705 1200 783 1227 ante
800 1196 848 1226 in-

142 1250 282 1275 ventum
300 1245 425 1276 chartae
444 1255 551 1276 usum.
576 1246 665 1277 Vide
682 1246 784 1278 infra.

183 1296 328 1337 Bicolor]
383 1297 470 1329 Quia
500 1297 697 1330 membrana
727 1309 848 1330 crocea

141 1352 216 1378 erat
232 1357 272 1378 ea
288 1352 386 1388 parte
414 1358 480 1388 qua
505 1348 589 1388 pilos
606 1349 723 1389 habet,
739 1351 849 1382 altera

141 1406 221 1428 vero
249 1407 315 1438 qua
332 1397 486 1430 adhaeret
502 1399 634 1439 visceri,
649 1400 847 1431 candidior:

140 1447 148 1463 ‘
166 1447 305 1486 bicolor,
325 1447 412 1488 quod
431 1458 508 1488 pars
535 1458 668 1489 crocea,
684 1460 762 1490 pars
778 1451 849 1491 glu-

139 1497 249 1528 tinata
264 1498 356 1538 apud
374 1499 533 1539 antiquos
561 1499 660 1539 erat‚’
686 1502 733 1532 ait
751 1506 850 1533 vetus

139 1548 325 1589 Interpres.
363 1551 476 1581 Variis
494 1551 596 1582 etiam
614 1552 785 1583 coloribus
802 1553 850 1583 in-

136 1597 341 1630 ficiebantur
358 1601 578 1641 membranae,
600 1602 760 1644 inquiunt
782 1604 848 1636 alii.

139 1650 207 1681 Sed
236 1652 424 1682 cavendum
450 1662 491 1684 ne
516 1652 730 1684 confundant
751 1664 850 1694 oper-

137 1701 248 1732 culum
282 1702 359 1733 libri
390 1713 466 1734 cum
498 1703 695 1735 membrana
718 1705 751 1735 in
780 1715 847 1747 qua

135 1752 359 1793 scribebatur,
375 1759 411 1784 ut
428 1761 542 1785 monet
561 1754 792 1787 Casaubonus.

179 1802 298 1834 Positis
312 1803 488 1834 membrana
509 1804 644 1844 capillis]
684 1806 762 1836 Non
786 1805 844 1837 de-

138 1857 218 1883 sunt
254 1853 311 1893 qui
340 1854 608 1893 interpretentur
638 1854 680 1885 de
712 1856 843 1896 capillis

137 1900 364 1933 adolescentis
388 1903 483 1934 istius
509 1905 603 1944 pexis
625 1909 660 1936 et
691 1906 813 1937 comtis
833 1917 840 1937 :

135 1952 195 1982 sed
213 1951 432 1994 refragantur
448 1954 583 1994 plurimi
611 1955 700 1996 iique
717 1956 843 1987 doctis-

135 2001 222 2041 simi,
236 2008 269 2033 et
283 2003 481 2044 intelligunt
492 2005 534 2036 de
546 2005 621 2045 pilis
637 2006 842 2037 membranae

135 2052 260 2083 abrasis
288 2055 434 2094 pumice,
458 2061 562 2097 atque
580 2057 664 2088 adeo
681 2057 844 2098 depositis

134 2106 170 2133 et
208 2102 343 2135 demtis.
390 2106 494 2137 Certe
526 2112 641 2138 textus
668 2108 742 2149 ipse
769 2119 842 2140 sen-

135 2162 206 2183 sum
224 2154 312 2185 hunc
329 2155 482 2196 adjuvat.

178 2206 216 2234 ll
244 2204 385 2246 Chartae]
410 2207 582 2246 Repertus
613 2209 740 2240 chartae
764 2220 840 2241 usus

135 2252 197 2284 sub
214 2253 424 2294 Alexandro,
454 2261 543 2288 teste
567 2258 734 2290 Varrone.
770 2258 840 2290 An-

134 2307 191 2335 tea
204 2305 401 2337 scribebant
419 2307 451 2337 in
466 2306 553 2338 foliis
571 2308 729 2340 arborum
754 2315 788 2340 ct
805 2310 839 2341 in

133 2354 338 2387 corticibus:
377 2357 499 2388 deinde
537 2359 569 2389 in
610 2360 734 2391 chartis
762 2370 837 2402 quae

136 2403 265 2436 fiebant
280 2415 298 2436 e
316 2406 403 2437 foliis
430 2408 552 2448 papyri
576 2409 704 2440 arboris
732 2410 764 2440 iu
784 2411 838 2441 ΙΕ-

133 2460 239 2496 gypto
263 2458 459 2489 crescentis,
506 2460 654 2490 Demum
683 2460 746 2492 sub
770 2462 838 2492 Eu-

131 2514 229 2537 mene
259 2506 356 2548 Rege
388 2508 536 2541 inventae
566 2515 647 2542 sunt
676 2511 838 2552 Pergami

133 2558 350 2598 membranae‚
382 2570 458 2601 quae
500 2561 578 2593 inde
613 2563 836 2604 Pergamenae

136 2604 237 2637 dictae
250 2613 339 2641 sunt.

173 2654 321 2699 Arunda]
346 2659 491 2693 Veteres
522 2662 688 2695 arundine
717 2664 838 2705 pinge·

905 1145 999 1176 bant.
1059 1145 1198 1176 Persius
1236 1144 1376 1176 variatis
1408 1144 1612 1185 nominibus,

903 1196 1097 1236 arundinem,
1109 1196 1432 1238 calamum,fistulam‚
1448 1200 1559 1227 vocat.

948 1249 988 1277 12
1014 1246 1167 1287 Pendeat]
1190 1246 1267 1277 Non
1282 1245 1366 1277 fluat
1384 1251 1611 1278 atramentum

904 1306 922 1327 e
939 1297 1080 1336 calamo,
1096 1302 1131 1328 et
1157 1298 1250 1338 quasi
1275 1298 1460 1337 pendulum
1476 1298 1609 1330 haereat

904 1348 948 1379 ob
963 1348 1100 1379 nimiam
1115 1348 1313 1379 crassitiem.

947 1402 987 1429 13
1015 1400 1119 1438 Nigra
1146 1400 1236 1439 quud,
1262 1400 1329 1440 ὅγε]
1356 1398 1461 1430 Modo
1491 1408 1610 1440 quere·

905 1449 1006 1480 batur
1033 1450 1123 1490 quod
1148 1455 1374 1480 atramentum
1401 1449 1498 1480 nimis
1524 1450 1608 1490 spis-

903 1509 975 1530 sum
995 1505 1099 1538 esset,
1122 1499 1196 1540 jam
1215 1500 1298 1531 dicit
1315 1500 1453 1530 dilutius
1469 1509 1556 1539 esse,
1573 1505 1609 1532 et

904 1549 1109 1590 scripturam
1138 1560 1205 1581 non
1233 1559 1411 1590 apparere,
1430 1554 1490 1581 aut
1511 1560 1607 1581 suum

904 1600 1016 1640 potius
1032 1610 1098 1632 non
1114 1601 1239 1632 habere
1255 1602 1416 1632 colorem.

947 1650 1056 1691 Sepia]
1081 1652 1304 1693 Metonymia,
1329 1661 1404 1692 pro,
1420 1651 1524 1692 sepiae
1542 1651 1607 1693 pis-

903 1701 951 1733 cis
965 1702 1104 1733 humore
1129 1707 1215 1743 atro,
1233 1702 1289 1744 qui
1311 1707 1503 1734 atramento
1519 1703 1608 1734 simi-

900 1752 960 1782 lis:
986 1762 1086 1793 quem
1103 1753 1205 1783 etiam
1221 1763 1282 1793 pro
1296 1757 1487 1784 atramento
1502 1752 1606 1784 fuisse

899 1802 989 1842 apud
1006 1802 1123 1840 Afros,
1137 1804 1187 1833 ait
1205 1807 1301 1834 vetus
1317 1803 1505 1844 Interpres.
1547 1805 1605 1835 De

899 1852 1003 1892 sepiae
1022 1858 1145 1884 natura
1161 1858 1196 1884 et
1218 1853 1397 1893 industria,
1420 1854 1499 1885 vide
1515 1855 1606 1886 Ptin.

898 1905 1018 1933 1x.·29.
1037 1909 1070 1933 et
1086 1911 1205 1934 xxxii.
1225 1906 1274 1934 10.
1292 1904 1326 1934 in
1343 1904 1419 1934 fine.

941 1954 980 1982 14
1004 1952 1136 1983 Dilatas
1150 1953 1304 1993 queritur]
1328 1953 1437 1984 Addit
1453 1958 1489 1985 et
1501 1964 1604 1996 prop-

899 2006 952 2033 ter
965 2001 1104 2033 affusam
1118 2012 1239 2044 aquam
1256 2003 1341 2035 adeo
1355 2004 1520 2046 liquidum
1537 2005 1605 2037 fac-

899 2057 971 2084 tum
998 2064 1070 2085 esse
1099 2060 1340 2095 atramentum,
1365 2061 1402 2087 ut
1432 2066 1604 2098 papyrum

897 2107 1060 2146 maculet,
1089 2106 1225 2138 uberius
1249 2106 1390 2139 effluens
1414 2118 1514 2150 quam
1540 2118 1602 2150 par

894 2157 950 2188 sit.

939 2213 978 2241 15
1005 2211 1034 2240 0
1050 2210 1158 2251 miser]
1181 2211 1250 2242 Qui
1277 2215 1331 2242 tot
1355 2216 1390 2241 et
1413 2215 1482 2242 tam
1500 2220 1601 2242 vanas

894 2259 1043 2301 pigritiae
1054 2261 1290 2291 excusationes
1301 2261 1602 2304 praetendit,qua1n

893 2310 995 2340 miser
1010 2311 1078 2340 est!

937 2359 1080 2390 Huc-cine
1115 2370 1217 2391 rerum
1247 2361 1400 2402 venimus]
1455 2360 1599 2393 Adeone

892 2409 959 2440 vile
985 2414 1039 2440 est
1064 2410 1244 2450 sapientiae
1272 2410 1433 2451 studium,
1464 2417 1500 2442 ut
1529 2417 1598 2443 tam

890 2461 983 2492 lente
1006 2467 1042 2492 et
1069 2461 1255 2494 oscitanter
1281 2464 1462 2503 captetur?
1486 2462 1597 2493 Porro

892 2510 1053 2542 observat
1081 2511 1303 2544 Casaubonus
1327 2514 1473 2554 juvenes
1512 2521 1596 2553 quos

891 2561 947 2592 hic
973 2563 1149 2604 redarguit
1179 2563 1343 2603 magister
1367 2564 1433 2601 ille,
1452 2571 1519 2592 non
1546 2561 1596 2593 fu-

891 2606 957 2643 isse
981 2621 1022 2644 ea
1048 2618 1164 2653 aetate‚
1180 2620 1218 2644 ut
1236 2615 1300 2644 ista
1324 2613 1468 2654 puerilia
1482 2621 1598 2644 causa-

892 2668 1026 2705 rentur,
1041 2664 1103 2696 sed
1118 2664 1201 2695 alias
1218 2664 1334 2695 solitos
1355 2661 1479 2695 afferre
1501 2663 1595 2706 igna-
