1888 3032
754 139 801 170 A.
834 137 1013 169 pensu.
1531 132 1617 174 291

160 238 262 278 1494-
289 234 436 271 Veneta
458 245 522 272 ix.
546 234 614 273 fol.
637 234 789 273 Persius
811 247 846 272 c.
865 247 901 271 n.
922 235 985 272 Jo.
1010 233 1105 272 Brit.
1124 240 1165 273 et
1185 234 1230 272 B.
1251 233 1620 273 Fontii.—Venetiis

210 298 430 348 sumptibus
449 300 511 336 Jo.
533 299 581 337 de
597 299 784 344 Ti·i‹lino;
821 299 953 349 castig.
974 311 997 336 a
1019 300 1149 337 Barth.
1171 299 1338 338 Merula.

159 365 258 405 1495
289 362 435 400 Veneta
454 375 499 400 x.
517 363 582 401 fol.
605 364 772 408 Persius,
793 377 828 401 c.
850 365 1004 401 Comm.
1029 364 1072 400 B.
1092 363 1230 401 Fontii.

160 430 260 469 1497
289 426 438 464 Veneta
456 438 520 465 XI.
536 427 601 466 fol.
624 427 792 465 Persius.

770 535 917 573 AETAS
948 535 1000 573 Il.

154 627 335 666 PERSII
360 634 620 674 1499—1585
639 630 825 668 auctioris
846 630 1008 668 scholiis
1022 630 1230 676 veteribus,
1254 644 1341 681 quae
1368 632 1441 669 sub
1457 631 1622 670 Cornuti

209 692 364 729 nomine
403 692 587 730 feruntur.
662 694 720 731 Ea
765 694 943 731 nimirum
996 700 1109 739 1499.
1158 694 1301 744 primus
1348 695 1510 744 protulit
1555 695 1617 732 J0.

208 754 410 794 Bonardus
445 756 625 794 sacerdos
653 757 897 802 Veronensis,
933 757 1021 795 dein
1060 758 1229 795 curatius
1264 758 1363 796 Rob.
1395 759 1617 808 Stephanus

212 825 326 859 1544.
365 820 619 871 locupletiora
661 827 789 859 autem
832 821 934 858 Elias
973 821 1133 859 vinetus
1176 820 1290 860 1560.
1347 822 1496 859 Textus
1526 835 1618 859 vero

207 883 294 921 inde
322 890 361 922 et
397 885 446 922 ab
485 884 627 923 Aldina
670 890 783 923 1501.
820 885 949 934 (cujus
985 885 1063 923 filia
1100 885 1251 923 videtur
1285 886 1445 924 Juntina
1480 889 1614 931 1513.)

204 959 226 984 a
268 948 437 986 Parisina
481 949 654 994 Colinaei,
703 948 1025 999 Lugdunensibus
1073 948 1163 986 Seb.
1213 949 1378 998 Gryphii
1427 954 1540 986 1534.
1578 956 1620 987 et

206 1016 320 1052 1533.
376 1013 548 1051 Parisina
604 1014 650 1051 R.
707 1013 892 1063 Stephani
954 1018 1067 1052 1544.
1123 1012 1320 1049 Basiliensi
1371 1013 1613 1050 Frobeniana

205 1076 314 1114 Caelii
343 1079 429 1116 Sec.
453 1078 630 1116 Curionis
664 1082 779 1116 1551.
808 1076 1042 1115 Pictaviensi
1070 1076 1212 1114 Vineti.
1237 1075 1352 1120 1560,
1375 1076 1615 1114 plantiniana

206 1140 406 1180 Pulmanni
431 1142 544 1187 1565,
566 1148 604 1179 et
621 1141 736 1179 Basil.
758 1140 836 1178 Th.
854 1139 990 1189 Freigii
1009 1139 1349 1190 profecit.—-Novi
1368 1140 1616 1178 Commenta-

204 1208 306 1242 tores
345 1219 540 1244 accessere
574 1206 643 1243 Ph.
680 1204 904 1249 Beroaldus,
945 1211 984 1242 et
1020 1205 1121 1254 Aug.
1151 1203 1365 1241 Politianus
1402 1209 1514 1248 1507.
1549 1204 1617 1241 Jo..

202 1268 443 1306 Murmellins
482 1268 816 1313 Ruremundanus,
850 1275 889 1306 et
918 1268 981 1306 Jo.
1016 1268 1131 1318 Bapt.
1162 1267 1338 1306 Plautius
1373 1266 1486 1305 1516.
1520 1267 1614 1306 Jod.

202 1331 345 1370 Badius
377 1333 583 1371 Ascensius
621 1336 737 1372 1523.
772 1331 839 1382 (Ῑυί
873 1337 912 1369 et
943 1331 1097 1377 Plautii,
1134 1331 1354 1376 Mnrmellii,
1386 1331 1614 1377 Britannici,

205 1395 289 1432 AElii
309 1398 404 1433 Ant.
425 1396 689 1434 Nebrissensis
721 1409 766 1434 ac
798 1397 861 1434 Jo.
893 1397 1062 1445 Scoppae
1089 1395 1191 1432 curis
1227 1407 1314 1432 suas
1343 1395 1502 1432 leviores
1524 1408 1617 1432 con-

197 1458 414 1507 junctiores
434 1460 569 1504 edidit,
599 1466 637 1497 et
665 1460 715 1497 ab
746 1472 809 1496 an.
843 1463 943 1496 1525
966 1459 1100 1496 Herm.
1123 1458 1326 1502 Buschius‚
1357 1459 1471 1508 cujus
1504 1459 1613 1496 obss.

202 1523 239 1559 in
262 1524 340 1560 Sat.
365 1535 395 1561 1.
418 1524 700 1561 Murmellianae
729 1522 819 1561 edd.
852 1523 925 1560 sibi
953 1521 1208 1568 vindicarunt,
1242 1529 1282 1559 et
1315 1523 1408 1560 Des.
1430 1522 1614 1559 Erasmus

201 1587 388 1625 Roterod.
419 1587 666 1625 Ascensianae
686 1586 763 1624 filia
782 1587 917 1625 melior
935 1592 995 1624 est
1016 1586 1253 1624 Frobeniana
1272 1586 1472 1631 Curionis;
1495 1599 1614 1636 quem.

200 1652 356 1701 excepit
379 1664 503 1688 novus
539 1653 832 1689 Commentator
867 1652 959 1688 Ant.
995 1650 1244 1701 Foquelinus.
1289 1650 1468 1700 Denique
1502 1662 1615 1699 para·

199 1715 368 1765 phrastae
390 1729 528 1753 munus
543 1716 613 1753 sibi
631 1716 766 1754 sumsit
787 1715 875 1753 Nic.
897 1715 1145 1753 Frisclilinus.
1174 1715 1372 1752 Tacemns
1392 1714 1500 1751 alios.

154 1785 254 1825 1499
284 1781 426 1817 Veneta
448 1779 839 1829 x11.cumpicturis,
862 1778 931 1816 fol.
959 1778 1110 1815 Persius
1142 1790 1233 1815 cum
1266 1778 1419 1815 Comm.
1449 1777 1617 1815 Cornuti·

200 1843 431 1893 philosophi,
452 1845 516 1882 Jo.
538 1843 748 1880 Britannici
764 1849 803 1880 et
822 1842 957 1879 Barth.
981 1841 1174 1879 Pontii-⁸
1195 1842 1427 1890 Impressum
1444 1840 1616 1878 Venetiis

200 1914 358 1957 sumptu
390 1907 666 1957 diligentissimi
697 1907 765 1944 viri
796 1906 955 1945 Joannis
994 1905 1042 1942 de
1074 1904 1363 1943 Tridin0.’-In
1395 1903 1512 1953 hujus
1551 1904 1616 1950 ed·

201 1971 330 2020 capite
351 1978 408 2008 est
428 1970 539 2021 epist.
560 1971 623 2008 Jo.
644 1970 824 2014 Bonardi,
845 1968 1059 2007 sacerdotis
1078 1967 1313 2005 Veronensis
1343 1967 1392 2004 ad
1421 1968 1612 2016 Angelum

199 2034 442 2078 Marcellum,
465 2033 675 2071 Patricium
696 2035 887 2071 Venetum
904 2045 912 2070 :
942 2032 980 2069 in
1000 2045 1076 2081 qua
1097 2045 1138 2069 se
1157 2031 1253 2069 dicit
1273 2030 1435 2070 Cornuti
1455 2031 1616 2068 Comm.

201 2096 268 2134 diu
289 2098 455 2135 lacerum
477 2104 515 2134 et
536 2097 648 2135 valde
661 2097 913 2147 depravatum
929 2109 1093 2146 operosa
1113 2095 1302 2133 industria
1316 2082 1610 2133 sua⁴restituisse

200 2167 239 2197 et
258 2161 433 2198 Tacuino
454 2160 748 2210 exprimendum
770 2159 933 2197 dedisse.
981 2159 1149 2198 Extabat
1165 2159 1225 2196 bis
1245 2159 1282 2196 in
1304 2158 1397 2196 clar.
1419 2159 1483 2196 Jo.
1506 2159 1611 2208 Aug.

203 2223 371 2262 Ernestii
392 2224 494 2261 Bibl.
515 2231 613 2261 teste
635 2225 759 2262 catal.
780 2237 820 2274 p.
847 2230 934 2268 172.
956 2237 994 2262 n.
1015 2223 1133 2262 2565.
1154 2229 1194 2260 et
1214 2228 1334 2268 2595.

153 2294 255 2327 1500
283 2288 461 2338 Lugdun.
485 2293 522 2325 4.
544 2288 697 2326 Persius
717 2303 753 2326 c.
778 2290 930 2326 Comm.
951 2289 1013 2326 Jo.
1044 2288 1270 2327 Britannici.
1319 2288 1437 2325 Extat
1454 2286 1489 2324 in
1511 2285 1612 2324 Bibl.

201 2352 404 2401 Archipal.
426 2353 645 2390 Manhem.'

145 2437 198 2443 —
217 2415 423 2453 Brixiensis
444 2426 505 2452 1v.
526 2415 594 2453 fol.
616 2415 767 2453 Persius
796 2429 831 2453 c.
853 2417 1007 2454 Comm.
1038 2417 1100 2455 Jo.
1136 2414 1348 2454 Britannici
1378 2421 1417 2453 et
1447 2428 1492 2452 ex
1523 2413 1609 2463 ejus

203 2479 488 2529 recognitione:
520 2493 588 2529 pei·
606 2481 692 2518 JaC.
714 2480 993 2519 Britannicum.

151 2548 252 2582 1502
281 2544 440 2593 Lipsiae,
475 2543 543 2581 fol.
576 2545 745 2582 Persius.
786 2545 873 2583 Vid.
917 2546 1059 2583 Goetze
1096 2541 1495 2592 Merku¹iirdigkeiten
1541 2537 1610 2574 der

201 2607 393 2645 Dresdner
407 2608 509 2646 Bibl.
529 2609 580 2646 T.
601 2618 673 2647 111.
696 2621 736 2659 p.
759 2614 845 2654 179.
868 2622 906 2645 n.
930 2614 1021 2653 219.

151 2669 253 2708 1506
281 2671 402 2720 Lugd.
426 2678 462 2709 S.
483 2672 634 2710 Persius
654 2687 690 2711 c.
711 2673 865 2724 interpr.
900 2674 964 2712 Jo.
990 2671 1216 2711 Britannici.
1259 2668 1428 2706 Extabat
1447 2665 1484 2703 iu
1506 2663 1608 2703 Bibl.
