1888 3032
765 160 950 191 SATIRA
984 161 1045 192 lv.

1554 149 1639 197 ‚103

176 256 336 311 Caepe3
369 260 412 297 et
430 257 603 306 farrata,
626 257 773 310 pueris
792 257 1114 310 plaudentibus,
1135 256 1222 298 olla

179 326 428 366 Pannosam
447 325 603 366 saecem
624 325 847 365 morientis
871 325 1018 364 sorbet
1037 323 1178 364 aceti?

231 391 293 432 At
312 394 349 432 si
371 397 526 434 unctus
552 404 713 441 cesses,
734 394 776 431 et
798 391 906 443 figas
930 391 973 430 in
993 395 1089 431 cute
1110 391 1262 440 Solem,

175 459 254 500 Est
275 473 408 513 prope
429 465 469 500 te
490 461 676 512 ignotus,
699 458 847 499 cubito
870 458 945 510 qui
965 462 1128 510 tangat,
1152 463 1195 499 et
1216 471 1316 499 acre

175 590 292 620 tunicis
306 591 369 621 suis
384 592 561 627 involutum,
581 593 611 620 et
627 591 751 620 ollulam
764 599 779 619 e
783 588 876 627 sar-re
891 589 1070 630 conflatum,
1087 590 1217 628 familia
1233 594 1420 631 astrepente,
1435 590 1510 621 bibit
1529 591 1640 632 floccis

176 632 336 663 obductam
355 633 469 670 foecem
492 635 570 663 aceti
599 633 835 671 languescentis.

886 633 997 663 Verum
1014 633 1041 662 si
1063 635 1137 664 oleo
1153 634 1307 664 delibutus
1328 634 1474 673 quiescas,
1500 637 1528 664 et
1544 635 1637 664 solem

175 675 350 706 introducas
364 677 397 706 in
417 676 546 716 pellem;
570 676 668 706 homo
686 675 823 716 quidam
847 684 906 705 non
931 679 1019 706 notus
1044 677 1128 706 haud
1153 678 1259 716 procul
1283 677 1337 706 abs
1362 681 1392 707 te
1413 678 1562 716 occurrit,
1583 676 1637 717 qui

783 749 922 760 eeeeeee

925 749 1022 760 eeeee

176 807 214 834 ut
231 807 266 834 et
281 804 470 845 Bongarsii.
497 805 752 837 &manbota—33
768 804 873 845 fricas
891 805 956 837 Ms.
971 805 1102 836 R.-35
1126 804 1166 835 In
1185 806 1222 836 C.
1239 805 1327 836 hunc
1344 815 1477 836 versum
1494 805 1543 836 ita
1559 814 1637 836 exa-

834 914 978 946 NOTAE

177 986 232 1018 Ad
249 997 347 1028 quem
375 988 489 1019 Plauti
516 990 629 1020 locum
645 989 765 1020 doctus
781 991 878 1021 Lam-

176 1039 272 1070 binus
301 1039 343 1070 (le
374 1041 482 1071 veteri
513 1042 571 1072 illa
599 1042 685 1072 bene
717 1042 880 1082 precandi

177 1088 320 1120 invicem
350 1090 385 1120 in
423 1091 588 1121 conviviis
619 1092 879 1131 consuetudine,

177 1140 301 1181 aliique
317 1141 437 1172 multa.

221 1190 553 1224 Tunicatummm·‹lens
566 1192 660 1233 coepe]
675 1193 777 1233 Caepe
791 1202 881 1224 com-

177 1239 248 1270 edit
271 1250 334 1271 nec
366 1241 490 1272 tunicis
521 1243 657 1283 quidem
685 1244 878 1275 rudioribus

176 1294 212 1320 et
229 1290 410 1321 involucris
428 1298 622 1332 purgatum,
648 1304 687 1325 ac
707 1294 800 1325 velut
822 1294 880 1324 ali-

177 1340 258 1381 quid
297 1342 504 1382 exquisitum
544 1344 642 1374 avide
689 1343 879 1375 admon-det.

176 1390 350 1422 Juvenalis
381 1392 453 1422 Sat.
485 1402 543 1424 xv.
577 1394 715 1433 egregie
746 1394 881 1424 deridet

178 1439 371 1480 AEgyptios,
398 1442 530 1482 quibus,
559 1448 595 1473 ut
624 1445 684 1482 ait,
712 1443 881 1473 ‘I'orrum

178 1498 214 1524 et
244 1503 340 1534 caepe
378 1493 474 1525 nefas
503 1496 628 1526 violare
657 1501 691 1527 et
722 1494 881 1536 frangere

178 1554 303 1575 morsu.
337 1545 366 1575 0
385 1551 520 1576 sanctas
534 1552 652 1586 gentes
671 1546 792 1587 quibus
809 1546 882 1577 liaec

178 1600 361 1625 nascuntur
376 1595 409 1625 in
427 1595 533 1627 bortis
554 1597 702 1627 Numina
715 1596 732 1626 !'

220 1648 259 1677 31
301 1646 437 1677 Far-rata
461 1646 536 1687 olla]
598 1648 700 1678 Pulte
738 1657 757 1678 e
795 1646 882 1678 farre

177 1701 278 1728 cocta
294 1697 326 1728 in
343 1698 420 1729 olla.
466 1699 599 1738 Legunt
625 1697 694 1736 alii,
709 1697 883 1738 farratam,

176 1750 229 1788 δῖε.
273 1749 431 1781 Juvenal.
446 1750 520 1782 Sat.
537 1759 614 1781 xiv.
630 1752 639 1767 ‘
657 1750 814 1782 Grandes
831 1749 883 1780 fu-

178 1799 315 1831 mabant
332 1801 486 1840 pultibus
503 1800 602 1831 ouaess

223 1849 337 1879 Pueris
349 1849 578 1890 plaudentilms]
615 1850 709 1880 Filiis
725 1859 764 1880 ac
776 1850 882 1880 servis

178 1899 411 1930 exultantibus
427 1899 468 1930 ad
486 1900 636 1929 insolitas
659 1899 758 1930 hasce
785 1900 884 1930 lauti—

180 1948 254 1987 tias,
270 1948 301 1978 iu
316 1949 416 1988 epulo
434 1948 723 1989 Compitaliorum.
748 1949 880 1990 Ecqua-

181 1999 222 2030 lis
251 2004 326 2030 erat
353 1999 461 2040 igitur
495 1998 711 2040 quotidianus
746 1999 883 2030 miscro-

181 2060 255 2081 rum
274 2051 407 2081 illorum
424 2051 532 2082 victus
548 2051 554 2080 !

224 2102 265 2131 32
289 2100 465 2131 Pannosam
482 2100 611 2140 faecem]
647 2100 799 2132 Adverte
816 2109 883 2132 em-

181 2150 310 2190 phasim
337 2151 371 2180 in
399 2151 536 2191 singulis
561 2151 714 2182 vocibus.
760 2151 884 2182 Sensus

182 2204 248 2239 est,
277 2199 365 2231 bibit
390 2210 547 2240 vappam,
573 2211 632 2232 seu
654 2202 769 2232 vinum
794 2202 884 2242 vapi-

183 2248 274 2287 dum,
304 2249 338 2280 in
366 2249 448 2280 dolii
478 2249 584 2281 fundo
607 2251 680 2291 jam
711 2261 883 2282 mucorem

183 2300 397 2340 contrahens,
423 2311 489 2341 quo
506 2301 613 2332 veluti
638 2311 751 2342 panno
779 2300 883 2333 faeces

182 2350 380 2390 operiuntur
396 2361 467 2391 prae
485 2351 587 2381 nimia
603 2357 790 2383 vetustate.

225 2400 351 2440 Sorbet]
373 2401 489 2432 Veluti
507 2407 622 2442 potum
647 2402 810 2444 exquisiti
837 2412 887 2433 sa-

183 2450 286 2491 poris,

226 2500 395 2530 Morientis
428 2501 525 2541 aceti]
569 2502 649 2532 vini
680 2503 886 2543 acescentis,

178 2549 249 2588 jam
279 2551 379 2589 acidi,
394 2552 445 2582 vel
462 2553 615 2593 corrupti
631 2552 745 2584 etiam.
801 2554 889 2584 Sunt

184 2599 241 2639 qui
277 2611 394 2632 verum
431 2607 566 2634 acetum
603 2603 808 2644 intelligant,
847 2613 888 2635 eo

185 2648 274 2688 quod
302 2651 445 2682 Romani
459 2652 600 2691 milites,
615 2652 739 2693 aliique
755 2663 774 2684 e
788 2653 889 2694 plebe

185 2702 283 2730 aceto
307 2703 519 2739 potarentur.
566 2702 620 2734 Ita
649 2702 887 2735 Casaubonus:

933 990 1110 1031 additque,
1137 999 1218 1029 ergo
1256 988 1375 1019 canina
1410 987 1512 1018 fuisse
1552 987 1642 1018 illius

935 1041 1027 1071 avari
1042 1041 1182 1081 prandia
1195 1039 1313 1070 diebus
1329 1038 1502 1079 profestis,
1518 1048 1535 1068 c
1554 1047 1640 1078 pane

935 1091 1065 1121 scilicet
1083 1095 1117 1121 et
1131 1099 1229 1130 aqua.

979 1143 1018 1171 33
1042 1141 1087 1171 At
1101 1140 1127 1170 si
1143 1142 1253 1170 mactus
1266 1138 1376 1178 cesses]
1393 1138 1639 1170 Recriminatio

937 1194 990 1222 est
1004 1190 1163 1221 adversus
1181 1190 1329 1230 priorem
1345 1189 1435 1219 illum
1453 1189 1640 1220 alienorum

937 1241 1096 1272 vitiorum
1129 1241 1381 1280 castigatorem.
1441 1239 1517 1280 Age
1550 1249 1641 1277 vero,

936 1291 979 1322 sit
1009 1290 1190 1322 Vectidius
1216 1300 1348 1329 avarus,
1388 1296 1422 1320 at
1449 1290 1638 1320 laboriosus

935 1346 1000 1380 est,
1022 1341 1170 1383 (inquiet
1195 1341 1282 1371 alter
1300 1340 1374 1379 tibi,
1390 1341 1439 1370 tui
1463 1340 1579 1371 similis
1604 1340 1637 1370 in

935 1392 1113 1432 carpendis
1130 1391 1202 1421 aliis
1220 1390 1326 1430 aeer,)
1345 1395 1380 1420 tu
1397 1400 1478 1420 vero
1496 1395 1532 1420 et
1548 1389 1640 1427 effoe-

936 1443 1082 1473 minatus
1101 1447 1134 1473 et
1149 1442 1260 1480 deses,
1277 1447 1310 1472 et
1327 1442 1530 1472 luxuriosus.
1577 1442 1638 1472 Er-

937 1501 978 1531 go
991 1492 1048 1533 qui
1065 1497 1133 1523 tam
1148 1492 1273 1523 diserte
1286 1492 1410 1522 alienas
1426 1502 1531 1523 noxas
1548 1503 1643 1533 carp-

937 1541 1022 1581 sisti,
1047 1552 1131 1573 cave
1148 1552 1190 1573 ne
1205 1542 1355 1572 vicissim
1380 1543 1529 1582 graviter
1544 1552 1645 1583 vapu-

937 1592 998 1630 les,
1015 1601 1054 1622 ac
1071 1592 1170 1632 longe
1189 1592 1245 1622 illo
1261 1592 1403 1633 nequior
1419 1593 1518 1623 immo
1530 1592 1644 1623 nefan-

941 1644 1004 1674 dus
1022 1645 1214 1674 ostendare.
1260 1645 1444 1675 Enimvero
1459 1644 1487 1674 si
1512 1645 1645 1676 cuticu-

937 1695 1003 1725 lam
1031 1695 1138 1726 otiose
1169 1704 1300 1734 curans,
1329 1694 1510 1735 unguentis
1540 1695 1644 1725 etiam

937 1745 1096 1785 pretiosis
1123 1751 1157 1776 te
1180 1744 1402 1786 perfundens,
1418 1745 1563 1786 ignaviae
1580 1747 1645 1786 pri-

936 1806 1039 1836 mum,
1062 1795 1184 1827 deinde
1210 1795 1347 1837 flagitiis
1366 1806 1405 1827 ac
1431 1795 1588 1828 nefandae
1609 1797 1646 1828 li-

937 1846 1044 1877 bidini
1074 1856 1213 1887 operam
1230 1846 1300 1887 daS,
1326 1846 1406 1888 quid
1433 1846 1475 1878 de
1502 1852 1535 1878 te
1554 1847 1646 1878 dice-

937 1900 992 1927 tur
1004 1897 1015 1926 ?

980 1946 1080 1986 figas
1095 1947 1124 1977 in
1141 1949 1210 1978 cute
1233 1946 1342 1986 sulem]
1382 1947 1490 1978 Paulo
1506 1952 1586 1979 ante
1602 1947 1645 1980 de

936 1995 1136 2027 insolatione
1155 1997 1328 2027 veteribus
1342 2002 1479 2028 assueta
1495 1997 1642 2030 dictum:

938 2051 973 2077 et
999 2047 1219 2079 Casaubonus
1247 2048 1302 2079 hic
1330 2047 1372 2078 de
1401 2048 1458 2078 illa
1489 2048 1646 2081 Persium

937 2107 1005 2128 non
1022 2098 1115 2138 loqui
1141 2098 1225 2138 vult,
1249 2097 1308 2128 sed
1326 2097 1368 2127 de
1392 2102 1488 2129 certa
1503 2099 1648 2130 lascivo-

939 2157 1013 2178 rum
1044 2147 1215 2178 hominum
1240 2148 1497 2180 consuetudine,
1554 2149 1646 2181 Huic

939 2208 1018 2229 sane
1035 2197 1151 2230 favent
1174 2209 1249 2239 quae
1267 2204 1468 2240 sequuntur.
1512 2199 1580 2230 Sed
1605 2209 1647 2231 ea

938 2249 1051 2280 omnia
1075 2255 1177 2280 castae
1203 2259 1301 2280 aures
1327 2254 1528 2291 mentesque
1555 2250 1645 2281 haud

938 2298 1076 2331 ferunt:
1101 2298 1225 2340 quibus
1251 2299 1324 2340 peti
1347 2299 1518 2332 Neronem
1541 2301 1646 2332 mani-

938 2347 1062 2380 festum
1079 2353 1143 2380 est.

984 2402 1025 2430 34
1051 2400 1108 2430 Est
1118 2409 1215 2440 prope
1230 2402 1260 2430 te
1276 2399 1413 2439 ignotus]
1435 2399 1557 2431 Aderit
1574 2399 1648 2441 qui-

943 2449 1018 2480 dam
1037 2460 1135 2491 quem
1153 2460 1216 2481 uon
1229 2450 1333 2489 noris,
1347 2449 1405 2480 sed
1422 2451 1479 2491 qui
1493 2456 1527 2480 te
1540 2450 1647 2490 probe

942 2501 1045 2539 norit,
1071 2505 1232 2541 tuamque
1259 2499 1343 2530 adeo
1361 2500 1466 2530 vitam
1483 2499 1649 2529 occultas-

943 2561 1009 2593 que
1025 2550 1184 2581 libidines
1198 2554 1389 2590 expromet.

988 2601 1102 2632 Cubita
1129 2601 1182 2641 qui
1208 2601 1334 2640 tangat]
1367 2599 1472 2631 Quasi
1499 2598 1648 2631 latenter

944 2651 1139 2689 admoneat,
1152 2655 1188 2682 et
1199 2651 1354 2690 increpet
1368 2649 1455 2679 latus
1469 2652 1563 2679 tunm
1577 2650 1650 2689 pul-

945 2701 1064 2733 nando.
1121 2701 1248 2733 Horat.
1271 2699 1341 2730 Sat·
1365 2706 1406 2728 ιι.
1431 2701 1464 2729 5.
1491 2697 1648 2741 ‘Aliquis
