<?xml version="1.0" encoding="UTF-8"?>
<!DOCTYPE html PUBLIC "-//W3C//DTD XHTML 1.0 Transitional//EN"
    "http://www.w3.org/TR/xhtml1/DTD/xhtml1-transitional.dtd">
<html xmlns="http://www.w3.org/1999/xhtml" xml:lang="en" lang="en">
 <head>
  <title>
</title>
<meta http-equiv="Content-Type" content="text/html;charset=utf-8" />
  <meta name='ocr-system' content='tesseract 3.04.00' />
  <meta name='ocr-capabilities' content='ocr_page ocr_carea ocr_par ocr_line ocrx_word'/>
</head>
<body>
  <div class='ocr_page' id='page_1' title='image "./operaomnia00persuoft_0225.png"; bbox 0 0 1888 3032; ppageno 0'>
   <div class='ocr_carea' id='block_1_1' title="bbox 660 151 1027 183">
    <p class='ocr_par' dir='ltr' id='par_1_1' title="bbox 660 151 1027 183">
     <span class='ocr_line' id='line_1_1' title="bbox 660 151 1027 183; baseline 0.003 -1"><span class='ocrx_word' id='word_1_1' title='bbox 660 151 821 182; x_wconf 74' lang='lat' dir='ltr'>PuRSlI</span> <span class='ocrx_word' id='word_1_2' title='bbox 857 151 961 182; x_wconf 79' lang='lat' dir='ltr'>SAT.</span> <span class='ocrx_word' id='word_1_3' title='bbox 994 153 1027 183; x_wconf 85' lang='lat' dir='ltr'>l.</span> 
     </span>
    </p>
   </div>
   <div class='ocr_carea' id='block_1_2' title="bbox 110 242 830 2758">
    <p class='ocr_par' dir='ltr' id='par_1_2' title="bbox 110 242 814 530">
     <span class='ocr_line' id='line_1_2' title="bbox 110 242 811 287; baseline 0.004 -13"><span class='ocrx_word' id='word_1_4' title='bbox 110 242 162 274; x_wconf 89' lang='lat' dir='ltr'>his</span> <span class='ocrx_word' id='word_1_5' title='bbox 178 244 382 275; x_wconf 77' lang='lat' dir='ltr'>ornamentis</span> <span class='ocrx_word' id='word_1_6' title='bbox 401 245 497 275; x_wconf 84' lang='lat' dir='ltr'>simul</span> <span class='ocrx_word' id='word_1_7' title='bbox 515 250 549 276; x_wconf 85' lang='lat' dir='ltr'>et</span> <span class='ocrx_word' id='word_1_8' title='bbox 567 253 633 276; x_wconf 87' lang='lat' dir='ltr'>una</span> <span class='ocrx_word' id='word_1_9' title='bbox 655 257 760 287; x_wconf 89' lang='lat' dir='ltr'>opera</span> <span class='ocrx_word' id='word_1_10' title='bbox 777 251 811 277; x_wconf 91' lang='lat' dir='ltr'>et</span> 
     </span>
     <span class='ocr_line' id='line_1_3' title="bbox 113 294 812 327; baseline 0.004 -3"><span class='ocrx_word' id='word_1_11' title='bbox 113 294 356 326; x_wconf 81' lang='lat' dir='ltr'>ahsolutionem</span> <span class='ocrx_word' id='word_1_12' title='bbox 383 300 417 326; x_wconf 89' lang='lat' dir='ltr'>et</span> <span class='ocrx_word' id='word_1_13' title='bbox 448 295 582 326; x_wconf 82' lang='lat' dir='ltr'>laudem</span> <span class='ocrx_word' id='word_1_14' title='bbox 611 301 812 327; x_wconf 84' lang='lat' dir='ltr'>consecutu-</span> 
     </span>
     <span class='ocr_line' id='line_1_4' title="bbox 112 345 814 386; baseline 0.003 -11"><span class='ocrx_word' id='word_1_15' title='bbox 112 345 354 385; x_wconf 77' lang='lat' dir='ltr'>1·un1.--Rasis]</span> <span class='ocrx_word' id='word_1_16' title='bbox 399 346 535 385; x_wconf 81' lang='lat' dir='ltr'>Ingenti</span> <span class='ocrx_word' id='word_1_17' title='bbox 572 355 651 377; x_wconf 81' lang='lat' dir='ltr'>cura</span> <span class='ocrx_word' id='word_1_18' title='bbox 677 346 814 386; x_wconf 87' lang='lat' dir='ltr'>limatis,</span> 
     </span>
     <span class='ocr_line' id='line_1_5' title="bbox 113 393 813 435; baseline 0.004 -11"><span class='ocrx_word' id='word_1_19' title='bbox 113 395 290 435; x_wconf 79' lang='lat' dir='ltr'>perpolitis</span> <span class='ocrx_word' id='word_1_20' title='bbox 307 406 435 427; x_wconf 77' lang='lat' dir='ltr'>sumnia</span> <span class='ocrx_word' id='word_1_21' title='bbox 452 393 627 427; x_wconf 84' lang='lat' dir='ltr'>industria.</span> <span class='ocrx_word' id='word_1_22' title='bbox 666 398 729 427; x_wconf 85' lang='lat' dir='ltr'>Est</span> <span class='ocrx_word' id='word_1_23' title='bbox 745 406 813 427; x_wconf 78' lang='lat' dir='ltr'>nie-</span> 
     </span>
     <span class='ocr_line' id='line_1_6' title="bbox 114 445 814 488; baseline 0.003 -13"><span class='ocrx_word' id='word_1_24' title='bbox 114 445 255 487; x_wconf 86' lang='lat' dir='ltr'>taphora</span> <span class='ocrx_word' id='word_1_25' title='bbox 286 447 466 487; x_wconf 80' lang='lat' dir='ltr'>desumpta</span> <span class='ocrx_word' id='word_1_26' title='bbox 492 448 533 478; x_wconf 90' lang='lat' dir='ltr'>ab</span> <span class='ocrx_word' id='word_1_27' title='bbox 565 447 741 488; x_wconf 80' lang='lat' dir='ltr'>eborariis,</span> <span class='ocrx_word' id='word_1_28' title='bbox 779 452 814 478; x_wconf 89' lang='lat' dir='ltr'>et</span> 
     </span>
     <span class='ocr_line' id='line_1_7' title="bbox 112 497 459 530; baseline 0.009 -4"><span class='ocrx_word' id='word_1_29' title='bbox 112 497 296 527; x_wconf 79' lang='lat' dir='ltr'>statuariis.</span> <span class='ocrx_word' id='word_1_30' title='bbox 326 498 459 530; x_wconf 70' lang='lat' dir='ltr'>Casaub.</span> 
     </span>
    </p>

    <p class='ocr_par' dir='ltr' id='par_1_3' title="bbox 111 547 820 1400">
     <span class='ocr_line' id='line_1_8' title="bbox 155 547 813 588; baseline 0.005 -12"><span class='ocrx_word' id='word_1_31' title='bbox 155 549 196 577; x_wconf 82' lang='grc'>86</span> <span class='ocrx_word' id='word_1_32' title='bbox 212 547 415 588; x_wconf 72' lang='lat' dir='ltr'>Lib1·at‚3‚·c.]</span> <span class='ocrx_word' id='word_1_33' title='bbox 438 548 618 580; x_wconf 85' lang='lat' dir='ltr'>Antitbeta</span> <span class='ocrx_word' id='word_1_34' title='bbox 632 552 710 579; x_wconf 87' lang='lat' dir='ltr'>suut</span> <span class='ocrx_word' id='word_1_35' title='bbox 723 548 813 579; x_wconf 78' lang='lat' dir='ltr'>haec:</span> 
     </span>
     <span class='ocr_line' id='line_1_9' title="bbox 111 596 815 640; baseline 0.004 -13"><span class='ocrx_word' id='word_1_36' title='bbox 111 596 120 613; x_wconf 94' lang='lat'>‘</span> <span class='ocrx_word' id='word_1_37' title='bbox 139 597 254 628; x_wconf 83' lang='lat' dir='ltr'>Fortia</span> <span class='ocrx_word' id='word_1_38' title='bbox 270 600 419 640; x_wconf 85' lang='lat' dir='ltr'>neglecti</span> <span class='ocrx_word' id='word_1_39' title='bbox 432 599 592 631; x_wconf 87' lang='lat' dir='ltr'>velabant</span> <span class='ocrx_word' id='word_1_40' title='bbox 607 601 694 631; x_wconf 81' lang='lat' dir='ltr'>colla</span> <span class='ocrx_word' id='word_1_41' title='bbox 710 600 815 640; x_wconf 89' lang='lat' dir='ltr'>capil-</span> 
     </span>
     <span class='ocr_line' id='line_1_10' title="bbox 111 648 816 690; baseline 0.004 -12"><span class='ocrx_word' id='word_1_42' title='bbox 111 648 158 679; x_wconf 91' lang='lat' dir='ltr'>li:</span> <span class='ocrx_word' id='word_1_43' title='bbox 189 650 233 679; x_wconf 90' lang='lat' dir='ltr'>Et</span> <span class='ocrx_word' id='word_1_44' title='bbox 261 659 322 690; x_wconf 90' lang='lat' dir='ltr'>per</span> <span class='ocrx_word' id='word_1_45' title='bbox 347 650 495 689; x_wconf 82' lang='lat' dir='ltr'>neglecti</span> <span class='ocrx_word' id='word_1_46' title='bbox 517 651 708 682; x_wconf 83' lang='lat' dir='ltr'>volitabant</span> <span class='ocrx_word' id='word_1_47' title='bbox 730 651 816 682; x_wconf 87' lang='lat' dir='ltr'>colla</span> 
     </span>
     <span class='ocr_line' id='line_1_11' title="bbox 114 701 815 743; baseline 0.001 -12"><span class='ocrx_word' id='word_1_48' title='bbox 114 701 253 740; x_wconf 87' lang='lat' dir='ltr'>capilli.’</span> <span class='ocrx_word' id='word_1_49' title='bbox 297 703 306 719; x_wconf 87' lang='lat'>‘</span> <span class='ocrx_word' id='word_1_50' title='bbox 327 701 396 732; x_wconf 85' lang='lat' dir='ltr'>Aut</span> <span class='ocrx_word' id='word_1_51' title='bbox 421 703 576 743; x_wconf 88' lang='lat' dir='ltr'>quotiens</span> <span class='ocrx_word' id='word_1_52' title='bbox 604 702 723 733; x_wconf 85' lang='lat' dir='ltr'>umbra</span> <span class='ocrx_word' id='word_1_53' title='bbox 739 712 815 743; x_wconf 86' lang='lat' dir='ltr'>por-</span> 
     </span>
     <span class='ocr_line' id='line_1_12' title="bbox 112 751 815 794; baseline 0.004 -13"><span class='ocrx_word' id='word_1_54' title='bbox 112 752 184 781; x_wconf 83' lang='lat' dir='ltr'>rexi</span> <span class='ocrx_word' id='word_1_55' title='bbox 204 751 340 783; x_wconf 83' lang='lat' dir='ltr'>brachia</span> <span class='ocrx_word' id='word_1_56' title='bbox 356 757 462 784; x_wconf 85' lang='lat' dir='ltr'>mota:</span> <span class='ocrx_word' id='word_1_57' title='bbox 489 753 559 784; x_wconf 89' lang='lat' dir='ltr'>Aut</span> <span class='ocrx_word' id='word_1_58' title='bbox 575 754 731 794; x_wconf 83' lang='lat' dir='ltr'>quotiens</span> <span class='ocrx_word' id='word_1_59' title='bbox 747 763 815 784; x_wconf 91' lang='lat' dir='ltr'>um-</span> 
     </span>
     <span class='ocr_line' id='line_1_13' title="bbox 113 799 817 834; baseline 0.004 -4"><span class='ocrx_word' id='word_1_60' title='bbox 113 799 174 831; x_wconf 91' lang='lat' dir='ltr'>bra</span> <span class='ocrx_word' id='word_1_61' title='bbox 190 801 309 832; x_wconf 82' lang='lat' dir='ltr'>reduxi</span> <span class='ocrx_word' id='word_1_62' title='bbox 327 802 463 834; x_wconf 88' lang='lat' dir='ltr'>brachia</span> <span class='ocrx_word' id='word_1_63' title='bbox 476 803 591 834; x_wconf 89' lang='lat' dir='ltr'>mota.&#39;</span> <span class='ocrx_word' id='word_1_64' title='bbox 637 803 817 834; x_wconf 84' lang='lat' dir='ltr'>Antitheta</span> 
     </span>
     <span class='ocr_line' id='line_1_14' title="bbox 113 852 816 894; baseline 0.004 -13"><span class='ocrx_word' id='word_1_65' title='bbox 113 855 226 882; x_wconf 88' lang='lat' dir='ltr'>autem</span> <span class='ocrx_word' id='word_1_66' title='bbox 243 852 308 882; x_wconf 89' lang='lat' dir='ltr'>ista</span> <span class='ocrx_word' id='word_1_67' title='bbox 320 859 408 891; x_wconf 85' lang='lat' dir='ltr'>sunt,</span> <span class='ocrx_word' id='word_1_68' title='bbox 423 864 496 894; x_wconf 73' lang='lat' dir='ltr'>quae</span> <span class='ocrx_word' id='word_1_69' title='bbox 508 858 628 885; x_wconf 88' lang='lat' dir='ltr'>contra</span> <span class='ocrx_word' id='word_1_70' title='bbox 642 863 676 884; x_wconf 88' lang='lat' dir='ltr'>se</span> <span class='ocrx_word' id='word_1_71' title='bbox 689 863 816 894; x_wconf 90' lang='lat' dir='ltr'>ponun-</span> 
     </span>
     <span class='ocr_line' id='line_1_15' title="bbox 114 903 814 945; baseline 0.003 -13"><span class='ocrx_word' id='word_1_72' title='bbox 114 906 190 933; x_wconf 86' lang='lat' dir='ltr'>tur:</span> <span class='ocrx_word' id='word_1_73' title='bbox 217 903 353 942; x_wconf 86' lang='lat' dir='ltr'>ut‚l1inc</span> <span class='ocrx_word' id='word_1_74' title='bbox 366 904 484 944; x_wconf 87' lang='lat' dir='ltr'>pudor,</span> <span class='ocrx_word' id='word_1_75' title='bbox 495 905 586 935; x_wconf 90' lang='lat' dir='ltr'>illinc</span> <span class='ocrx_word' id='word_1_76' title='bbox 602 904 792 945; x_wconf 82' lang='lat' dir='ltr'>petulantia</span> <span class='ocrx_word' id='word_1_77' title='bbox 808 915 814 934; x_wconf 92' lang='lat'><strong>:</strong></span> 
     </span>
     <span class='ocr_line' id='line_1_16' title="bbox 112 953 816 996; baseline 0.004 -13"><span class='ocrx_word' id='word_1_78' title='bbox 112 953 189 984; x_wconf 85' lang='lat' dir='ltr'>bine</span> <span class='ocrx_word' id='word_1_79' title='bbox 207 954 384 995; x_wconf 81' lang='lat' dir='ltr'>pudicitia,</span> <span class='ocrx_word' id='word_1_80' title='bbox 401 956 494 986; x_wconf 81' lang='lat' dir='ltr'>illinc</span> <span class='ocrx_word' id='word_1_81' title='bbox 519 960 691 996; x_wconf 85' lang='lat' dir='ltr'>stuprum:</span> <span class='ocrx_word' id='word_1_82' title='bbox 717 955 816 986; x_wconf 91' lang='lat' dir='ltr'>istinc</span> 
     </span>
     <span class='ocr_line' id='line_1_17' title="bbox 112 1003 819 1044; baseline 0.003 -10"><span class='ocrx_word' id='word_1_83' title='bbox 112 1003 296 1044; x_wconf 81' lang='lat' dir='ltr'>fraudatio,</span> <span class='ocrx_word' id='word_1_84' title='bbox 313 1006 404 1036; x_wconf 89' lang='lat' dir='ltr'>illinc</span> <span class='ocrx_word' id='word_1_85' title='bbox 422 1006 516 1037; x_wconf 82' lang='lat' dir='ltr'>fides.</span> <span class='ocrx_word' id='word_1_86' title='bbox 545 1007 614 1038; x_wconf 78' lang='lat' dir='ltr'>Vet.</span> <span class='ocrx_word' id='word_1_87' title='bbox 633 1005 819 1038; x_wconf 59' lang='lat' dir='ltr'>Solu—An-</span> 
     </span>
     <span class='ocr_line' id='line_1_18' title="bbox 113 1054 817 1097; baseline 0.006 -13"><span class='ocrx_word' id='word_1_88' title='bbox 113 1054 250 1094; x_wconf 72' lang='lat' dir='ltr'>tithetz&#39;s]</span> <span class='ocrx_word' id='word_1_89' title='bbox 292 1055 333 1086; x_wconf 89' lang='lat' dir='ltr'>Id</span> <span class='ocrx_word' id='word_1_90' title='bbox 365 1062 430 1095; x_wconf 87' lang='lat' dir='ltr'>est,</span> <span class='ocrx_word' id='word_1_91' title='bbox 460 1057 591 1097; x_wconf 81' lang='lat' dir='ltr'>Figuris</span> <span class='ocrx_word' id='word_1_92' title='bbox 621 1062 657 1088; x_wconf 89' lang='lat' dir='ltr'>et</span> <span class='ocrx_word' id='word_1_93' title='bbox 683 1061 817 1088; x_wconf 89' lang='lat' dir='ltr'>contra-</span> 
     </span>
     <span class='ocr_line' id='line_1_19' title="bbox 113 1107 819 1148; baseline 0.003 -11"><span class='ocrx_word' id='word_1_94' title='bbox 113 1107 424 1148; x_wconf 80' lang='lat' dir='ltr'>positis.-Doctas]</span> <span class='ocrx_word' id='word_1_95' title='bbox 451 1108 626 1139; x_wconf 79' lang='lat' dir='ltr'>Laudatur</span> <span class='ocrx_word' id='word_1_96' title='bbox 642 1119 661 1139; x_wconf 92' lang='lat' dir='ltr'>a</span> <span class='ocrx_word' id='word_1_97' title='bbox 678 1109 819 1140; x_wconf 87' lang='lat' dir='ltr'>circum—</span> 
     </span>
     <span class='ocr_line' id='line_1_20' title="bbox 114 1157 819 1199; baseline 0.001 -12"><span class='ocrx_word' id='word_1_98' title='bbox 114 1160 228 1188; x_wconf 79' lang='lat' dir='ltr'>stante</span> <span class='ocrx_word' id='word_1_99' title='bbox 243 1167 381 1197; x_wconf 88' lang='lat' dir='ltr'>eorona,</span> <span class='ocrx_word' id='word_1_100' title='bbox 404 1159 493 1199; x_wconf 92' lang='lat' dir='ltr'>quod</span> <span class='ocrx_word' id='word_1_101' title='bbox 519 1159 694 1190; x_wconf 85' lang='lat' dir='ltr'>verborum</span> <span class='ocrx_word' id='word_1_102' title='bbox 717 1157 819 1190; x_wconf 87' lang='lat' dir='ltr'>flores</span> 
     </span>
     <span class='ocr_line' id='line_1_21' title="bbox 113 1207 820 1246; baseline 0.004 -9"><span class='ocrx_word' id='word_1_103' title='bbox 113 1210 149 1237; x_wconf 89' lang='lat' dir='ltr'>et</span> <span class='ocrx_word' id='word_1_104' title='bbox 161 1207 314 1246; x_wconf 76' lang='lat' dir='ltr'>picturas</span> <span class='ocrx_word' id='word_1_105' title='bbox 330 1209 477 1240; x_wconf 86' lang='lat' dir='ltr'>orationi</span> <span class='ocrx_word' id='word_1_106' title='bbox 489 1220 556 1240; x_wconf 84' lang='lat' dir='ltr'>suae</span> <span class='ocrx_word' id='word_1_107' title='bbox 572 1209 674 1240; x_wconf 89' lang='lat' dir='ltr'>docte</span> <span class='ocrx_word' id='word_1_108' title='bbox 692 1210 820 1240; x_wconf 88' lang='lat' dir='ltr'>inseru-</span> 
     </span>
     <span class='ocr_line' id='line_1_22' title="bbox 115 1256 820 1299; baseline 0.004 -13"><span class='ocrx_word' id='word_1_109' title='bbox 115 1256 192 1288; x_wconf 84' lang='lat' dir='ltr'>erit.</span> <span class='ocrx_word' id='word_1_110' title='bbox 239 1256 309 1287; x_wconf 85' lang='lat' dir='ltr'>Alii</span> <span class='ocrx_word' id='word_1_111' title='bbox 355 1259 422 1298; x_wconf 81' lang='lat' dir='ltr'>leg.</span> <span class='ocrx_word' id='word_1_112' title='bbox 460 1259 582 1290; x_wconf 80' lang='lat' dir='ltr'>Doctus</span> <span class='ocrx_word' id='word_1_113' title='bbox 608 1259 759 1299; x_wconf 78' lang='lat' dir='ltr'>posuisse,</span> <span class='ocrx_word' id='word_1_114' title='bbox 786 1259 820 1289; x_wconf 85' lang='lat' dir='ltr'>id</span> 
     </span>
     <span class='ocr_line' id='line_1_23' title="bbox 115 1308 820 1351; baseline 0.004 -14"><span class='ocrx_word' id='word_1_115' title='bbox 115 1312 180 1347; x_wconf 89' lang='lat' dir='ltr'>est,</span> <span class='ocrx_word' id='word_1_116' title='bbox 218 1308 394 1339; x_wconf 87' lang='lat' dir='ltr'>Laudatur</span> <span class='ocrx_word' id='word_1_117' title='bbox 432 1313 592 1351; x_wconf 80' lang='lat' dir='ltr'>tanquam</span> <span class='ocrx_word' id='word_1_118' title='bbox 623 1310 674 1340; x_wconf 91' lang='lat' dir='ltr'>vir</span> <span class='ocrx_word' id='word_1_119' title='bbox 699 1309 820 1340; x_wconf 89' lang='lat' dir='ltr'>doctus</span> 
     </span>
     <span class='ocr_line' id='line_1_24' title="bbox 115 1358 820 1400; baseline 0.003 -11"><span class='ocrx_word' id='word_1_120' title='bbox 115 1358 148 1388; x_wconf 87' lang='lat' dir='ltr'>in</span> <span class='ocrx_word' id='word_1_121' title='bbox 165 1360 332 1399; x_wconf 88' lang='lat' dir='ltr'>ponendo,</span> <span class='ocrx_word' id='word_1_122' title='bbox 347 1360 400 1390; x_wconf 80' lang='lat' dir='ltr'>vel</span> <span class='ocrx_word' id='word_1_123' title='bbox 417 1360 459 1390; x_wconf 88' lang='lat' dir='ltr'>ad</span> <span class='ocrx_word' id='word_1_124' title='bbox 476 1360 680 1400; x_wconf 88' lang='lat' dir='ltr'>ponendum.</span> <span class='ocrx_word' id='word_1_125' title='bbox 700 1360 820 1391; x_wconf 83' lang='lat' dir='ltr'>Lubin.</span> 
     </span>
    </p>

    <p class='ocr_par' dir='ltr' id='par_1_4' title="bbox 116 1409 828 2494">
     <span class='ocr_line' id='line_1_25' title="bbox 159 1409 822 1450; baseline 0.005 -12"><span class='ocrx_word' id='word_1_126' title='bbox 159 1411 198 1439; x_wconf 76' lang='grc'>87</span> <span class='ocrx_word' id='word_1_127' title='bbox 224 1409 346 1439; x_wconf 81' lang='lat' dir='ltr'>Bellum</span> <span class='ocrx_word' id='word_1_128' title='bbox 371 1410 441 1449; x_wconf 87' lang='lat' dir='ltr'>hoc]</span> <span class='ocrx_word' id='word_1_129' title='bbox 474 1410 592 1441; x_wconf 82' lang='lat' dir='ltr'>Verba</span> <span class='ocrx_word' id='word_1_130' title='bbox 616 1410 822 1450; x_wconf 90' lang='lat' dir='ltr'>auditorum,</span> 
     </span>
     <span class='ocr_line' id='line_1_26' title="bbox 116 1459 823 1499; baseline 0.001 -10"><span class='ocrx_word' id='word_1_131' title='bbox 116 1459 217 1490; x_wconf 87' lang='lat' dir='ltr'>Pedii</span> <span class='ocrx_word' id='word_1_132' title='bbox 231 1459 418 1491; x_wconf 88' lang='lat' dir='ltr'>orationem</span> <span class='ocrx_word' id='word_1_133' title='bbox 429 1459 720 1499; x_wconf 87' lang='lat' dir='ltr'>impudentissime</span> <span class='ocrx_word' id='word_1_134' title='bbox 734 1469 823 1490; x_wconf 87' lang='lat' dir='ltr'>com-</span> 
     </span>
     <span class='ocr_line' id='line_1_27' title="bbox 116 1508 822 1550; baseline 0.003 -11"><span class='ocrx_word' id='word_1_135' title='bbox 116 1508 346 1549; x_wconf 81' lang='lat' dir='ltr'>probantium,</span> <span class='ocrx_word' id='word_1_136' title='bbox 365 1514 526 1550; x_wconf 85' lang='lat' dir='ltr'>tanquam</span> <span class='ocrx_word' id='word_1_137' title='bbox 542 1509 716 1541; x_wconf 85' lang='lat' dir='ltr'>dicerent:</span> <span class='ocrx_word' id='word_1_138' title='bbox 744 1510 822 1541; x_wconf 87' lang='lat' dir='ltr'>Hoc</span> 
     </span>
     <span class='ocr_line' id='line_1_28' title="bbox 116 1559 822 1600; baseline 0 -10"><span class='ocrx_word' id='word_1_139' title='bbox 116 1559 243 1590; x_wconf 86' lang='lat' dir='ltr'>Pedius</span> <span class='ocrx_word' id='word_1_140' title='bbox 267 1559 355 1589; x_wconf 88' lang='lat' dir='ltr'>belle</span> <span class='ocrx_word' id='word_1_141' title='bbox 371 1559 468 1597; x_wconf 86' lang='lat' dir='ltr'>dicit,</span> <span class='ocrx_word' id='word_1_142' title='bbox 493 1559 556 1591; x_wconf 85' lang='lat' dir='ltr'>hoc</span> <span class='ocrx_word' id='word_1_143' title='bbox 575 1564 628 1591; x_wconf 90' lang='lat' dir='ltr'>est</span> <span class='ocrx_word' id='word_1_144' title='bbox 654 1561 822 1600; x_wconf 87' lang='lat' dir='ltr'>pulcrum,</span> 
     </span>
     <span class='ocr_line' id='line_1_29' title="bbox 116 1609 822 1650; baseline 0.004 -11"><span class='ocrx_word' id='word_1_145' title='bbox 116 1610 179 1640; x_wconf 88' lang='lat' dir='ltr'>hoc</span> <span class='ocrx_word' id='word_1_146' title='bbox 211 1609 501 1641; x_wconf 65' lang='lat' dir='ltr'>decorum—Hoc</span> <span class='ocrx_word' id='word_1_147' title='bbox 531 1610 659 1650; x_wconf 81' lang='lat' dir='ltr'>bellum]</span> <span class='ocrx_word' id='word_1_148' title='bbox 704 1610 822 1642; x_wconf 73' lang='lat' dir='ltr'>Verba</span> 
     </span>
     <span class='ocr_line' id='line_1_30' title="bbox 119 1659 822 1700; baseline 0.003 -11"><span class='ocrx_word' id='word_1_149' title='bbox 119 1659 230 1690; x_wconf 80' lang='lat' dir='ltr'>Persii</span> <span class='ocrx_word' id='word_1_150' title='bbox 246 1669 322 1690; x_wconf 88' lang='lat' dir='ltr'>cum</span> <span class='ocrx_word' id='word_1_151' title='bbox 346 1659 579 1700; x_wconf 82' lang='lat' dir='ltr'>indignatione</span> <span class='ocrx_word' id='word_1_152' title='bbox 597 1665 634 1691; x_wconf 89' lang='lat' dir='ltr'>et</span> <span class='ocrx_word' id='word_1_153' title='bbox 648 1661 822 1692; x_wconf 84' lang='lat' dir='ltr'>stomacho</span> 
     </span>
     <span class='ocr_line' id='line_1_31' title="bbox 119 1709 819 1750; baseline 0.006 -11"><span class='ocrx_word' id='word_1_154' title='bbox 119 1709 274 1740; x_wconf 77' lang='lat' dir='ltr'>vultuose</span> <span class='ocrx_word' id='word_1_155' title='bbox 292 1710 530 1750; x_wconf 86' lang='lat' dir='ltr'>pronunciata.</span> <span class='ocrx_word' id='word_1_156' title='bbox 575 1711 681 1743; x_wconf 82' lang='lat' dir='ltr'>Quasi</span> <span class='ocrx_word' id='word_1_157' title='bbox 705 1711 819 1743; x_wconf 86' lang='lat' dir='ltr'>dicat:</span> 
     </span>
     <span class='ocr_line' id='line_1_32' title="bbox 121 1759 823 1802; baseline 0.003 -12"><span class='ocrx_word' id='word_1_158' title='bbox 121 1759 227 1790; x_wconf 84' lang='lat' dir='ltr'>Estne</span> <span class='ocrx_word' id='word_1_159' title='bbox 241 1759 302 1790; x_wconf 90' lang='lat' dir='ltr'>hoc</span> <span class='ocrx_word' id='word_1_160' title='bbox 322 1760 470 1790; x_wconf 85' lang='lat' dir='ltr'>bellum?</span> <span class='ocrx_word' id='word_1_161' title='bbox 488 1760 555 1792; x_wconf 88' lang='lat' dir='ltr'>imo</span> <span class='ocrx_word' id='word_1_162' title='bbox 572 1765 623 1792; x_wconf 88' lang='lat' dir='ltr'>est</span> <span class='ocrx_word' id='word_1_163' title='bbox 639 1761 737 1802; x_wconf 84' lang='lat' dir='ltr'>longe</span> <span class='ocrx_word' id='word_1_164' title='bbox 755 1766 823 1792; x_wconf 88' lang='lat' dir='ltr'>tnr-</span> 
     </span>
     <span class='ocr_line' id='line_1_33' title="bbox 120 1808 823 1851; baseline 0.006 -14"><span class='ocrx_word' id='word_1_165' title='bbox 120 1808 307 1850; x_wconf 86' lang='lat' dir='ltr'>pissimum.</span> <span class='ocrx_word' id='word_1_166' title='bbox 345 1810 556 1841; x_wconf 75' lang='lat' dir='ltr'>Lubiu.-An</span> <span class='ocrx_word' id='word_1_167' title='bbox 586 1811 731 1851; x_wconf 73' lang='lat' dir='ltr'>Romule]</span> <span class='ocrx_word' id='word_1_168' title='bbox 769 1811 823 1841; x_wconf 89' lang='lat' dir='ltr'>An</span> 
     </span>
     <span class='ocr_line' id='line_1_34' title="bbox 120 1858 824 1899; baseline 0.006 -11"><span class='ocrx_word' id='word_1_169' title='bbox 120 1858 228 1890; x_wconf 85' lang='lat' dir='ltr'>adbuc</span> <span class='ocrx_word' id='word_1_170' title='bbox 244 1860 295 1890; x_wconf 89' lang='lat' dir='ltr'>vir</span> <span class='ocrx_word' id='word_1_171' title='bbox 312 1869 347 1890; x_wconf 85' lang='lat' dir='ltr'>es</span> <span class='ocrx_word' id='word_1_172' title='bbox 362 1861 372 1890; x_wconf 70' lang='grc' dir='ltr'><strong><em>ἓ</em></strong></span> <span class='ocrx_word' id='word_1_173' title='bbox 396 1860 534 1891; x_wconf 88' lang='lat' dir='ltr'>minime</span> <span class='ocrx_word' id='word_1_174' title='bbox 550 1869 645 1899; x_wconf 79' lang='lat' dir='ltr'>vern,</span> <span class='ocrx_word' id='word_1_175' title='bbox 670 1861 729 1891; x_wconf 87' lang='lat' dir='ltr'>sed</span> <span class='ocrx_word' id='word_1_176' title='bbox 745 1862 824 1892; x_wconf 91' lang='lat' dir='ltr'>mol—</span> 
     </span>
     <span class='ocr_line' id='line_1_35' title="bbox 119 1908 825 1953; baseline 0.004 -14"><span class='ocrx_word' id='word_1_177' title='bbox 119 1909 160 1940; x_wconf 87' lang='lat' dir='ltr'>lis</span> <span class='ocrx_word' id='word_1_178' title='bbox 176 1914 211 1940; x_wconf 87' lang='lat' dir='ltr'>et</span> <span class='ocrx_word' id='word_1_179' title='bbox 228 1908 465 1941; x_wconf 80' lang='lat' dir='ltr'>effoeminatus.</span> <span class='ocrx_word' id='word_1_180' title='bbox 513 1911 661 1941; x_wconf 80' lang='lat' dir='ltr'>Romulus</span> <span class='ocrx_word' id='word_1_181' title='bbox 675 1915 728 1942; x_wconf 86' lang='lat' dir='ltr'>est</span> <span class='ocrx_word' id='word_1_182' title='bbox 754 1912 825 1953; x_wconf 90' lang='lat' dir='ltr'>qui-</span> 
     </span>
     <span class='ocr_line' id='line_1_36' title="bbox 119 1958 825 1992; baseline 0.004 -3"><span class='ocrx_word' id='word_1_183' title='bbox 119 1958 168 1990; x_wconf 82' lang='lat' dir='ltr'>vis</span> <span class='ocrx_word' id='word_1_184' title='bbox 185 1960 412 1990; x_wconf 88' lang='lat' dir='ltr'>Romanorum</span> <span class='ocrx_word' id='word_1_185' title='bbox 429 1971 435 1990; x_wconf 95' lang='lat'><strong>:</strong></span> <span class='ocrx_word' id='word_1_186' title='bbox 460 1960 575 1990; x_wconf 90' lang='lat' dir='ltr'>mollia</span> <span class='ocrx_word' id='word_1_187' title='bbox 605 1959 699 1991; x_wconf 86' lang='lat' dir='ltr'>facta</span> <span class='ocrx_word' id='word_1_188' title='bbox 717 1961 825 1992; x_wconf 91' lang='lat' dir='ltr'>dicta-</span> 
     </span>
     <span class='ocr_line' id='line_1_37' title="bbox 119 2010 826 2051; baseline 0.004 -12"><span class='ocrx_word' id='word_1_189' title='bbox 119 2019 196 2050; x_wconf 78' lang='lat' dir='ltr'>que,</span> <span class='ocrx_word' id='word_1_190' title='bbox 225 2019 287 2040; x_wconf 90' lang='lat' dir='ltr'>nec</span> <span class='ocrx_word' id='word_1_191' title='bbox 305 2010 457 2041; x_wconf 85' lang='lat' dir='ltr'>Romano</span> <span class='ocrx_word' id='word_1_192' title='bbox 482 2020 546 2041; x_wconf 90' lang='lat' dir='ltr'>nee</span> <span class='ocrx_word' id='word_1_193' title='bbox 573 2011 714 2042; x_wconf 90' lang='lat' dir='ltr'>masculi</span> <span class='ocrx_word' id='word_1_194' title='bbox 731 2011 826 2051; x_wconf 89' lang='lat' dir='ltr'>spiri-</span> 
     </span>
     <span class='ocr_line' id='line_1_38' title="bbox 119 2059 826 2093; baseline 0.001 -3"><span class='ocrx_word' id='word_1_195' title='bbox 119 2065 172 2090; x_wconf 91' lang='lat' dir='ltr'>tus</span> <span class='ocrx_word' id='word_1_196' title='bbox 190 2059 261 2090; x_wconf 87' lang='lat' dir='ltr'>viro</span> <span class='ocrx_word' id='word_1_197' title='bbox 278 2059 496 2091; x_wconf 87' lang='lat' dir='ltr'>conveniunt.</span> <span class='ocrx_word' id='word_1_198' title='bbox 512 2059 684 2091; x_wconf 76' lang='lat' dir='ltr'>casaubon.</span> <span class='ocrx_word' id='word_1_199' title='bbox 720 2060 826 2093; x_wconf 83' lang='lat' dir='ltr'>Quasi</span> 
     </span>
     <span class='ocr_line' id='line_1_39' title="bbox 119 2108 826 2141; baseline 0.003 -2"><span class='ocrx_word' id='word_1_200' title='bbox 119 2109 213 2140; x_wconf 88' lang='lat' dir='ltr'>dicat</span> <span class='ocrx_word' id='word_1_201' title='bbox 228 2120 234 2138; x_wconf 93' lang='lat'><strong>:</strong></span> <span class='ocrx_word' id='word_1_202' title='bbox 262 2108 402 2139; x_wconf 87' lang='lat' dir='ltr'>Adeone</span> <span class='ocrx_word' id='word_1_203' title='bbox 418 2120 478 2140; x_wconf 79' lang='lat' dir='ltr'>vos</span> <span class='ocrx_word' id='word_1_204' title='bbox 495 2110 640 2141; x_wconf 89' lang='lat' dir='ltr'>Romani</span> <span class='ocrx_word' id='word_1_205' title='bbox 657 2110 788 2141; x_wconf 85' lang='lat' dir='ltr'>nobiles</span> <span class='ocrx_word' id='word_1_206' title='bbox 806 2121 826 2141; x_wconf 87' lang='lat' dir='ltr'>a</span> 
     </span>
     <span class='ocr_line' id='line_1_40' title="bbox 119 2159 827 2200; baseline 0.004 -12"><span class='ocrx_word' id='word_1_207' title='bbox 119 2159 245 2189; x_wconf 85' lang='lat' dir='ltr'>virtute</span> <span class='ocrx_word' id='word_1_208' title='bbox 264 2164 299 2189; x_wconf 92' lang='lat' dir='ltr'>et</span> <span class='ocrx_word' id='word_1_209' title='bbox 320 2159 500 2198; x_wconf 88' lang='lat' dir='ltr'>prudentia</span> <span class='ocrx_word' id='word_1_210' title='bbox 516 2160 679 2200; x_wconf 88' lang='lat' dir='ltr'>majorum</span> <span class='ocrx_word' id='word_1_211' title='bbox 698 2166 827 2192; x_wconf 86' lang='lat' dir='ltr'>vestro-</span> 
     </span>
     <span class='ocr_line' id='line_1_41' title="bbox 122 2209 826 2250; baseline 0.004 -10"><span class='ocrx_word' id='word_1_212' title='bbox 122 2219 195 2240; x_wconf 89' lang='lat' dir='ltr'>rum</span> <span class='ocrx_word' id='word_1_213' title='bbox 212 2209 460 2250; x_wconf 76' lang='lat' dir='ltr'>degenerastis,</span> <span class='ocrx_word' id='word_1_214' title='bbox 473 2215 511 2241; x_wconf 92' lang='lat' dir='ltr'>ut</span> <span class='ocrx_word' id='word_1_215' title='bbox 526 2211 715 2250; x_wconf 88' lang='lat' dir='ltr'>impudenti</span> <span class='ocrx_word' id='word_1_216' title='bbox 731 2212 826 2243; x_wconf 86' lang='lat' dir='ltr'>rabu-</span> 
     </span>
     <span class='ocr_line' id='line_1_42' title="bbox 121 2261 827 2300; baseline 0.001 -9"><span class='ocrx_word' id='word_1_217' title='bbox 121 2261 163 2291; x_wconf 81' lang='lat' dir='ltr'>1ae</span> <span class='ocrx_word' id='word_1_218' title='bbox 180 2265 214 2291; x_wconf 88' lang='lat' dir='ltr'>et</span> <span class='ocrx_word' id='word_1_219' title='bbox 229 2261 420 2300; x_wconf 87' lang='lat' dir='ltr'>impostori,</span> <span class='ocrx_word' id='word_1_220' title='bbox 438 2271 560 2291; x_wconf 88' lang='lat' dir='ltr'>canum</span> <span class='ocrx_word' id='word_1_221' title='bbox 581 2271 673 2291; x_wconf 89' lang='lat' dir='ltr'>more</span> <span class='ocrx_word' id='word_1_222' title='bbox 689 2261 827 2292; x_wconf 86' lang='lat' dir='ltr'>adblan-</span> 
     </span>
     <span class='ocr_line' id='line_1_43' title="bbox 122 2310 828 2350; baseline 0.003 -10"><span class='ocrx_word' id='word_1_223' title='bbox 122 2310 261 2341; x_wconf 88' lang='lat' dir='ltr'>diamiui</span> <span class='ocrx_word' id='word_1_224' title='bbox 277 2311 444 2350; x_wconf 61' lang='lat' dir='ltr'>ff—Ceces]</span> <span class='ocrx_word' id='word_1_225' title='bbox 490 2312 552 2342; x_wconf 88' lang='lat' dir='ltr'>Est</span> <span class='ocrx_word' id='word_1_226' title='bbox 581 2316 693 2342; x_wconf 84' lang='lat' dir='ltr'>autem</span> <span class='ocrx_word' id='word_1_227' title='bbox 723 2322 828 2343; x_wconf 73' lang='lat' dir='ltr'>cet-ere</span> 
     </span>
     <span class='ocr_line' id='line_1_44' title="bbox 123 2361 828 2402; baseline 0 -10"><span class='ocrx_word' id='word_1_228' title='bbox 123 2362 298 2402; x_wconf 88' lang='lat' dir='ltr'>proprium</span> <span class='ocrx_word' id='word_1_229' title='bbox 336 2371 468 2400; x_wconf 88' lang='lat' dir='ltr'>canum,</span> <span class='ocrx_word' id='word_1_230' title='bbox 503 2362 619 2392; x_wconf 80' lang='lat' dir='ltr'>clunes</span> <span class='ocrx_word' id='word_1_231' title='bbox 659 2361 828 2392; x_wconf 86' lang='lat' dir='ltr'>adulando</span> 
     </span>
     <span class='ocr_line' id='line_1_45' title="bbox 123 2412 828 2451; baseline 0 -8"><span class='ocrx_word' id='word_1_232' title='bbox 123 2412 336 2451; x_wconf 84' lang='lat' dir='ltr'>agitantium.</span> <span class='ocrx_word' id='word_1_233' title='bbox 381 2412 466 2443; x_wconf 89' lang='lat' dir='ltr'>Inde</span> <span class='ocrx_word' id='word_1_234' title='bbox 483 2412 586 2443; x_wconf 89' lang='lat' dir='ltr'>etiam</span> <span class='ocrx_word' id='word_1_235' title='bbox 603 2412 646 2443; x_wconf 87' lang='lat' dir='ltr'>ad</span> <span class='ocrx_word' id='word_1_236' title='bbox 659 2421 711 2443; x_wconf 84' lang='lat' dir='ltr'>res</span> <span class='ocrx_word' id='word_1_237' title='bbox 729 2422 828 2443; x_wconf 85' lang='lat' dir='ltr'>vene-</span> 
     </span>
     <span class='ocr_line' id='line_1_46' title="bbox 123 2462 570 2494; baseline 0.002 -2"><span class='ocrx_word' id='word_1_238' title='bbox 123 2471 197 2493; x_wconf 87' lang='lat' dir='ltr'>reas</span> <span class='ocrx_word' id='word_1_239' title='bbox 212 2462 426 2494; x_wconf 83' lang='lat' dir='ltr'>transfertur.</span> <span class='ocrx_word' id='word_1_240' title='bbox 456 2463 570 2493; x_wconf 76' lang='lat' dir='ltr'>Lubin.</span> 
     </span>
    </p>

    <p class='ocr_par' dir='ltr' id='par_1_5' title="bbox 124 2515 830 2758">
     <span class='ocr_line' id='line_1_47' title="bbox 167 2515 830 2555; baseline 0.005 -11"><span class='ocrx_word' id='word_1_241' title='bbox 167 2518 208 2545; x_wconf 88' lang='grc'>88</span> <span class='ocrx_word' id='word_1_242' title='bbox 232 2515 466 2555; x_wconf 64' lang='grc' dir='ltr'>ΠῙεη’11101·εαι]</span> <span class='ocrx_word' id='word_1_243' title='bbox 491 2516 595 2548; x_wconf 76' lang='lat' dir='ltr'>Quasi</span> <span class='ocrx_word' id='word_1_244' title='bbox 617 2515 730 2547; x_wconf 89' lang='lat' dir='ltr'>dicat:</span> <span class='ocrx_word' id='word_1_245' title='bbox 757 2517 830 2547; x_wconf 86' lang='lat' dir='ltr'>Me-</span> 
     </span>
     <span class='ocr_line' id='line_1_48' title="bbox 125 2566 828 2605; baseline 0.006 -12"><span class='ocrx_word' id='word_1_246' title='bbox 125 2573 166 2594; x_wconf 88' lang='lat' dir='ltr'>ne</span> <span class='ocrx_word' id='word_1_247' title='bbox 181 2566 222 2594; x_wconf 88' lang='lat' dir='ltr'>ad</span> <span class='ocrx_word' id='word_1_248' title='bbox 235 2566 497 2599; x_wconf 87' lang='lat' dir='ltr'>misericordiam</span> <span class='ocrx_word' id='word_1_249' title='bbox 516 2576 591 2597; x_wconf 80' lang='lat' dir='ltr'>reus</span> <span class='ocrx_word' id='word_1_250' title='bbox 604 2571 828 2605; x_wconf 78' lang='lat' dir='ltr'>commoveat,</span> 
     </span>
     <span class='ocr_line' id='line_1_49' title="bbox 124 2613 829 2658; baseline 0.006 -16"><span class='ocrx_word' id='word_1_251' title='bbox 124 2613 152 2643; x_wconf 87' lang='lat' dir='ltr'>si</span> <span class='ocrx_word' id='word_1_252' title='bbox 168 2614 352 2654; x_wconf 83' lang='lat' dir='ltr'>magnificis</span> <span class='ocrx_word' id='word_1_253' title='bbox 380 2622 416 2646; x_wconf 90' lang='lat' dir='ltr'>et</span> <span class='ocrx_word' id='word_1_254' title='bbox 443 2616 738 2658; x_wconf 83' lang='lat' dir='ltr'>sesquipedalibus</span> <span class='ocrx_word' id='word_1_255' title='bbox 755 2626 829 2647; x_wconf 87' lang='lat' dir='ltr'>ver-</span> 
     </span>
     <span class='ocr_line' id='line_1_50' title="bbox 128 2665 830 2708; baseline 0.004 -14"><span class='ocrx_word' id='word_1_256' title='bbox 128 2665 193 2704; x_wconf 87' lang='lat' dir='ltr'>bis,</span> <span class='ocrx_word' id='word_1_257' title='bbox 215 2666 392 2698; x_wconf 88' lang='lat' dir='ltr'>ambitiosa</span> <span class='ocrx_word' id='word_1_258' title='bbox 407 2667 561 2698; x_wconf 88' lang='lat' dir='ltr'>oratione</span> <span class='ocrx_word' id='word_1_259' title='bbox 578 2671 706 2707; x_wconf 88' lang='lat' dir='ltr'>utatur,</span> <span class='ocrx_word' id='word_1_260' title='bbox 730 2676 830 2708; x_wconf 88' lang='lat' dir='ltr'>quem</span> 
     </span>
     <span class='ocr_line' id='line_1_51' title="bbox 130 2716 830 2758; baseline 0.003 -12"><span class='ocrx_word' id='word_1_261' title='bbox 130 2719 306 2757; x_wconf 83' lang='lat' dir='ltr'>oporteret</span> <span class='ocrx_word' id='word_1_262' title='bbox 342 2716 530 2748; x_wconf 82' lang='lat' dir='ltr'>miserabili</span> <span class='ocrx_word' id='word_1_263' title='bbox 566 2727 650 2749; x_wconf 82' lang='lat' dir='ltr'>voce</span> <span class='ocrx_word' id='word_1_264' title='bbox 677 2717 830 2758; x_wconf 87' lang='lat' dir='ltr'>judicum</span> 
     </span>
    </p>
   </div>
   <div class='ocr_carea' id='block_1_3' title="bbox 1483 143 1569 185">
    <p class='ocr_par' dir='ltr' id='par_1_6' title="bbox 1483 143 1569 185">
     <span class='ocr_line' id='line_1_52' title="bbox 1483 143 1569 185; baseline 0 0"><span class='ocrx_word' id='word_1_265' title='bbox 1483 143 1569 185; x_wconf 70' lang='lat'>213</span> 
     </span>
    </p>
   </div>
   <div class='ocr_carea' id='block_1_4' title="bbox 865 246 1587 2755">
    <p class='ocr_par' dir='ltr' id='par_1_7' title="bbox 865 246 1579 1186">
     <span class='ocr_line' id='line_1_53' title="bbox 865 246 1570 288; baseline 0 -11"><span class='ocrx_word' id='word_1_266' title='bbox 865 246 1192 279; x_wconf 85' lang='lat' dir='ltr'>commiserationem</span> <span class='ocrx_word' id='word_1_267' title='bbox 1221 247 1426 288; x_wconf 87' lang='lat' dir='ltr'>implorare?</span> <span class='ocrx_word' id='word_1_268' title='bbox 1473 246 1570 278; x_wconf 89' lang='lat' dir='ltr'>Nun-</span> 
     </span>
     <span class='ocr_line' id='line_1_54' title="bbox 866 297 1576 338; baseline 0.003 -11"><span class='ocrx_word' id='word_1_269' title='bbox 866 307 965 337; x_wconf 82' lang='lat' dir='ltr'>quam</span> <span class='ocrx_word' id='word_1_270' title='bbox 981 297 1147 338; x_wconf 87' lang='lat' dir='ltr'>profecto.</span> <span class='ocrx_word' id='word_1_271' title='bbox 1193 298 1283 329; x_wconf 87' lang='lat' dir='ltr'>Hinc</span> <span class='ocrx_word' id='word_1_272' title='bbox 1302 298 1421 329; x_wconf 87' lang='lat' dir='ltr'>Horat.</span> <span class='ocrx_word' id='word_1_273' title='bbox 1438 297 1547 338; x_wconf 85' lang='lat' dir='ltr'>inquit</span> <span class='ocrx_word' id='word_1_274' title='bbox 1562 308 1576 329; x_wconf 73' lang='lat' dir='ltr'>:v</span> 
     </span>
     <span class='ocr_line' id='line_1_55' title="bbox 865 347 1571 387; baseline 0.003 -11"><span class='ocrx_word' id='word_1_275' title='bbox 865 348 874 363; x_wconf 78' lang='lat'><em>⁴</em></span> <span class='ocrx_word' id='word_1_276' title='bbox 893 347 926 376; x_wconf 69' lang='lat' dir='ltr'>si</span> <span class='ocrx_word' id='word_1_277' title='bbox 954 348 1002 377; x_wconf 76' lang='lat' dir='ltr'>vis</span> <span class='ocrx_word' id='word_1_278' title='bbox 1019 358 1071 378; x_wconf 91' lang='lat' dir='ltr'>me</span> <span class='ocrx_word' id='word_1_279' title='bbox 1094 347 1189 387; x_wconf 88' lang='lat' dir='ltr'>tlerc,</span> <span class='ocrx_word' id='word_1_280' title='bbox 1216 348 1395 379; x_wconf 84' lang='lat' dir='ltr'>dolendum</span> <span class='ocrx_word' id='word_1_281' title='bbox 1421 348 1571 379; x_wconf 82' lang='lat' dir='ltr'>Primum</span> 
     </span>
     <span class='ocr_line' id='line_1_56' title="bbox 866 399 1572 438; baseline 0.001 -9"><span class='ocrx_word' id='word_1_282' title='bbox 866 399 929 438; x_wconf 79' lang='lat' dir='ltr'>ipsi</span> <span class='ocrx_word' id='word_1_283' title='bbox 946 399 1250 438; x_wconf 71' lang='lat' dir='ltr'>tibi.‘—-13tcautet]</span> <span class='ocrx_word' id='word_1_284' title='bbox 1275 399 1572 432; x_wconf 79' lang='lat' dir='ltr'>Quemadmodum</span> 
     </span>
     <span class='ocr_line' id='line_1_57' title="bbox 867 448 1576 489; baseline 0.001 -11"><span class='ocrx_word' id='word_1_285' title='bbox 867 448 1047 489; x_wconf 81' lang='lat' dir='ltr'>naufragus</span> <span class='ocrx_word' id='word_1_286' title='bbox 1074 450 1101 479; x_wconf 87' lang='lat' dir='ltr'>si</span> <span class='ocrx_word' id='word_1_287' title='bbox 1126 450 1247 489; x_wconf 83' lang='lat' dir='ltr'>stipem</span> <span class='ocrx_word' id='word_1_288' title='bbox 1267 460 1285 480; x_wconf 90' lang='lat' dir='ltr'>a</span> <span class='ocrx_word' id='word_1_289' title='bbox 1301 459 1353 480; x_wconf 89' lang='lat' dir='ltr'>me</span> <span class='ocrx_word' id='word_1_290' title='bbox 1369 449 1576 488; x_wconf 66' lang='lat' dir='ltr'>emendices,</span> 
     </span>
     <span class='ocr_line' id='line_1_58' title="bbox 868 499 1574 540; baseline 0.001 -11"><span class='ocrx_word' id='word_1_291' title='bbox 868 503 903 529; x_wconf 86' lang='lat' dir='ltr'>et</span> <span class='ocrx_word' id='word_1_292' title='bbox 921 499 1014 529; x_wconf 83' lang='lat' dir='ltr'>vultu</span> <span class='ocrx_word' id='word_1_293' title='bbox 1029 500 1127 529; x_wconf 84' lang='lat' dir='ltr'>hilari</span> <span class='ocrx_word' id='word_1_294' title='bbox 1146 506 1247 540; x_wconf 83' lang='lat' dir='ltr'>atque</span> <span class='ocrx_word' id='word_1_295' title='bbox 1266 500 1344 531; x_wconf 72' lang='lat' dir='ltr'>laeto</span> <span class='ocrx_word' id='word_1_296' title='bbox 1361 503 1493 538; x_wconf 85' lang='lat' dir='ltr'>cantet,</span> <span class='ocrx_word' id='word_1_297' title='bbox 1511 508 1574 530; x_wconf 87' lang='lat' dir='ltr'>nec</span> 
     </span>
     <span class='ocr_line' id='line_1_59' title="bbox 867 550 1576 590; baseline 0.003 -12"><span class='ocrx_word' id='word_1_298' title='bbox 867 550 1040 579; x_wconf 89' lang='lat' dir='ltr'>numulum</span> <span class='ocrx_word' id='word_1_299' title='bbox 1058 550 1194 590; x_wconf 89' lang='lat' dir='ltr'>quidem</span> <span class='ocrx_word' id='word_1_300' title='bbox 1212 550 1264 580; x_wconf 83' lang='lat' dir='ltr'>vel</span> <span class='ocrx_word' id='word_1_301' title='bbox 1287 560 1392 580; x_wconf 88' lang='lat' dir='ltr'>assem</span> <span class='ocrx_word' id='word_1_302' title='bbox 1419 560 1435 580; x_wconf 88' lang='lat' dir='ltr'>a</span> <span class='ocrx_word' id='word_1_303' title='bbox 1453 559 1505 580; x_wconf 87' lang='lat' dir='ltr'>me</span> <span class='ocrx_word' id='word_1_304' title='bbox 1522 559 1576 580; x_wconf 88' lang='lat' dir='ltr'>ac-</span> 
     </span>
     <span class='ocr_line' id='line_1_60' title="bbox 868 598 1576 640; baseline 0.003 -12"><span class='ocrx_word' id='word_1_305' title='bbox 868 598 996 638; x_wconf 83' lang='lat' dir='ltr'>cipiet:</span> <span class='ocrx_word' id='word_1_306' title='bbox 1022 599 1069 629; x_wconf 90' lang='lat' dir='ltr'>ita</span> <span class='ocrx_word' id='word_1_307' title='bbox 1095 608 1158 630; x_wconf 89' lang='lat' dir='ltr'>nec</span> <span class='ocrx_word' id='word_1_308' title='bbox 1186 608 1274 636; x_wconf 88' lang='lat' dir='ltr'>reus,</span> <span class='ocrx_word' id='word_1_309' title='bbox 1300 598 1487 640; x_wconf 73' lang='lat' dir='ltr'>magnificis</span> <span class='ocrx_word' id='word_1_310' title='bbox 1504 608 1576 630; x_wconf 84' lang='lat' dir='ltr'>ver-</span> 
     </span>
     <span class='ocr_line' id='line_1_61' title="bbox 868 649 1574 689; baseline 0 -9"><span class='ocrx_word' id='word_1_311' title='bbox 868 649 920 680; x_wconf 88' lang='lat' dir='ltr'>bis</span> <span class='ocrx_word' id='word_1_312' title='bbox 953 650 980 680; x_wconf 88' lang='lat' dir='ltr'>si</span> <span class='ocrx_word' id='word_1_313' title='bbox 1011 655 1136 689; x_wconf 90' lang='lat' dir='ltr'>utatur,</span> <span class='ocrx_word' id='word_1_314' title='bbox 1164 660 1216 681; x_wconf 92' lang='lat' dir='ltr'>me</span> <span class='ocrx_word' id='word_1_315' title='bbox 1241 650 1283 680; x_wconf 83' lang='lat' dir='ltr'>ad</span> <span class='ocrx_word' id='word_1_316' title='bbox 1308 649 1574 680; x_wconf 61' lang='lat' dir='ltr'>misericordiam</span> 
     </span>
     <span class='ocr_line' id='line_1_62' title="bbox 868 700 1574 732; baseline -0.003 -1"><span class='ocrx_word' id='word_1_317' title='bbox 868 701 1107 732; x_wconf 86' lang='lat' dir='ltr'>commovebit.</span> <span class='ocrx_word' id='word_1_318' title='bbox 1153 700 1318 732; x_wconf 89' lang='lat' dir='ltr'>Solebant</span> <span class='ocrx_word' id='word_1_319' title='bbox 1350 705 1463 730; x_wconf 87' lang='lat' dir='ltr'>autem</span> <span class='ocrx_word' id='word_1_320' title='bbox 1494 709 1574 730; x_wconf 87' lang='lat' dir='ltr'>nau-</span> 
     </span>
     <span class='ocr_line' id='line_1_63' title="bbox 868 749 1576 790; baseline -0.001 -10"><span class='ocrx_word' id='word_1_321' title='bbox 868 749 954 790; x_wconf 81' lang='lat' dir='ltr'>fragi</span> <span class='ocrx_word' id='word_1_322' title='bbox 969 749 1181 790; x_wconf 85' lang='lat' dir='ltr'>naufragium</span> <span class='ocrx_word' id='word_1_323' title='bbox 1196 760 1291 781; x_wconf 83' lang='lat' dir='ltr'>suum</span> <span class='ocrx_word' id='word_1_324' title='bbox 1305 749 1444 790; x_wconf 78' lang='lat' dir='ltr'>depingi</span> <span class='ocrx_word' id='word_1_325' title='bbox 1455 757 1576 780; x_wconf 84' lang='lat' dir='ltr'>curare</span> 
     </span>
     <span class='ocr_line' id='line_1_64' title="bbox 868 800 1575 842; baseline -0.003 -11"><span class='ocrx_word' id='word_1_326' title='bbox 868 801 901 831; x_wconf 91' lang='lat' dir='ltr'>in</span> <span class='ocrx_word' id='word_1_327' title='bbox 919 801 1044 832; x_wconf 88' lang='lat' dir='ltr'>tabella</span> <span class='ocrx_word' id='word_1_328' title='bbox 1071 800 1228 842; x_wconf 84' lang='lat' dir='ltr'>quadam,</span> <span class='ocrx_word' id='word_1_329' title='bbox 1255 808 1290 831; x_wconf 88' lang='lat' dir='ltr'>et</span> <span class='ocrx_word' id='word_1_330' title='bbox 1316 800 1407 831; x_wconf 88' lang='lat' dir='ltr'>illam</span> <span class='ocrx_word' id='word_1_331' title='bbox 1435 800 1575 838; x_wconf 79' lang='lat' dir='ltr'>humero</span> 
     </span>
     <span class='ocr_line' id='line_1_65' title="bbox 869 849 1576 891; baseline -0.006 -9"><span class='ocrx_word' id='word_1_332' title='bbox 869 855 1021 891; x_wconf 78' lang='lat' dir='ltr'>portare,</span> <span class='ocrx_word' id='word_1_333' title='bbox 1048 857 1083 882; x_wconf 83' lang='lat' dir='ltr'>et</span> <span class='ocrx_word' id='word_1_334' title='bbox 1101 851 1216 881; x_wconf 89' lang='lat' dir='ltr'>obvios</span> <span class='ocrx_word' id='word_1_335' title='bbox 1231 850 1415 880; x_wconf 76' lang='lat' dir='ltr'>miserabili</span> <span class='ocrx_word' id='word_1_336' title='bbox 1434 849 1488 879; x_wconf 89' lang='lat' dir='ltr'>illa</span> <span class='ocrx_word' id='word_1_337' title='bbox 1505 849 1576 889; x_wconf 90' lang='lat' dir='ltr'>pic-</span> 
     </span>
     <span class='ocr_line' id='line_1_66' title="bbox 869 898 1575 939; baseline -0.006 -7"><span class='ocrx_word' id='word_1_338' title='bbox 869 906 946 932; x_wconf 83' lang='lat' dir='ltr'>tura</span> <span class='ocrx_word' id='word_1_339' title='bbox 973 906 1008 932; x_wconf 92' lang='lat' dir='ltr'>et</span> <span class='ocrx_word' id='word_1_340' title='bbox 1034 901 1249 932; x_wconf 85' lang='lat' dir='ltr'>lamentabili</span> <span class='ocrx_word' id='word_1_341' title='bbox 1275 910 1357 931; x_wconf 74' lang='lat' dir='ltr'>voce</span> <span class='ocrx_word' id='word_1_342' title='bbox 1387 900 1428 929; x_wconf 86' lang='lat' dir='ltr'>ad</span> <span class='ocrx_word' id='word_1_343' title='bbox 1451 898 1575 939; x_wconf 80' lang='lat' dir='ltr'>stipem</span> 
     </span>
     <span class='ocr_line' id='line_1_67' title="bbox 869 950 1574 991; baseline -0.003 -9"><span class='ocrx_word' id='word_1_344' title='bbox 869 952 932 982; x_wconf 83' lang='lat' dir='ltr'>sibi</span> <span class='ocrx_word' id='word_1_345' title='bbox 951 952 1154 991; x_wconf 75' lang='lat' dir='ltr'>erogandam</span> <span class='ocrx_word' id='word_1_346' title='bbox 1180 956 1215 982; x_wconf 92' lang='lat' dir='ltr'>et</span> <span class='ocrx_word' id='word_1_347' title='bbox 1243 950 1574 981; x_wconf 86' lang='lat' dir='ltr'>commiserationem</span> 
     </span>
     <span class='ocr_line' id='line_1_68' title="bbox 869 1000 1577 1042; baseline -0.004 -10"><span class='ocrx_word' id='word_1_348' title='bbox 869 1002 1045 1042; x_wconf 88' lang='lat' dir='ltr'>impellere</span> <span class='ocrx_word' id='word_1_349' title='bbox 1071 1007 1107 1032; x_wconf 83' lang='lat' dir='ltr'>ct</span> <span class='ocrx_word' id='word_1_350' title='bbox 1135 1010 1363 1032; x_wconf 84' lang='lat' dir='ltr'>commovere.</span> <span class='ocrx_word' id='word_1_351' title='bbox 1412 1000 1511 1030; x_wconf 89' lang='lat' dir='ltr'>Hanc</span> <span class='ocrx_word' id='word_1_352' title='bbox 1529 1004 1577 1030; x_wconf 86' lang='lat' dir='ltr'>ta-</span> 
     </span>
     <span class='ocr_line' id='line_1_69' title="bbox 869 1051 1578 1094; baseline -0.007 -9"><span class='ocrx_word' id='word_1_353' title='bbox 869 1054 982 1085; x_wconf 87' lang='lat' dir='ltr'>bulam</span> <span class='ocrx_word' id='word_1_354' title='bbox 999 1054 1126 1094; x_wconf 85' lang='lat' dir='ltr'>pictam</span> <span class='ocrx_word' id='word_1_355' title='bbox 1144 1056 1264 1094; x_wconf 86' lang='lat' dir='ltr'>postea</span> <span class='ocrx_word' id='word_1_356' title='bbox 1282 1051 1329 1082; x_wconf 88' lang='grc'>1111</span> <span class='ocrx_word' id='word_1_357' title='bbox 1346 1052 1424 1082; x_wconf 82' lang='lat' dir='ltr'>Deo</span> <span class='ocrx_word' id='word_1_358' title='bbox 1439 1060 1578 1091; x_wconf 88' lang='lat' dir='ltr'>suspen·</span> 
     </span>
     <span class='ocr_line' id='line_1_70' title="bbox 871 1101 1579 1144; baseline -0.006 -9"><span class='ocrx_word' id='word_1_359' title='bbox 871 1104 1009 1144; x_wconf 87' lang='lat' dir='ltr'>debant,</span> <span class='ocrx_word' id='word_1_360' title='bbox 1020 1104 1116 1144; x_wconf 87' lang='lat' dir='ltr'>cujus</span> <span class='ocrx_word' id='word_1_361' title='bbox 1130 1113 1193 1144; x_wconf 89' lang='lat' dir='ltr'>ope</span> <span class='ocrx_word' id='word_1_362' title='bbox 1212 1112 1246 1133; x_wconf 88' lang='lat' dir='ltr'>se</span> <span class='ocrx_word' id='word_1_363' title='bbox 1262 1101 1440 1142; x_wconf 82' lang='lat' dir='ltr'>naufragio</span> <span class='ocrx_word' id='word_1_364' title='bbox 1456 1101 1579 1132; x_wconf 84' lang='lat' dir='ltr'>libera-</span> 
     </span>
     <span class='ocr_line' id='line_1_71' title="bbox 871 1153 1276 1186; baseline -0.01 0"><span class='ocrx_word' id='word_1_365' title='bbox 871 1158 922 1186; x_wconf 87' lang='lat' dir='ltr'>tos</span> <span class='ocrx_word' id='word_1_366' title='bbox 938 1154 1137 1186; x_wconf 82' lang='lat' dir='ltr'>credebant.</span> <span class='ocrx_word' id='word_1_367' title='bbox 1163 1153 1276 1184; x_wconf 74' lang='lat' dir='ltr'>Lubz‘n.</span> 
     </span>
    </p>

    <p class='ocr_par' dir='ltr' id='par_1_8' title="bbox 872 1198 1583 2053">
     <span class='ocr_line' id='line_1_72' title="bbox 913 1198 1576 1244; baseline -0.003 -8"><span class='ocrx_word' id='word_1_368' title='bbox 913 1198 955 1236; x_wconf 86' lang='grc'>89</span> <span class='ocrx_word' id='word_1_369' title='bbox 981 1206 1111 1244; x_wconf 75' lang='lat' dir='ltr'>Cantas,</span> <span class='ocrx_word' id='word_1_370' title='bbox 1127 1204 1198 1243; x_wconf 47' lang='grc' dir='ltr'>ξφ]</span> <span class='ocrx_word' id='word_1_371' title='bbox 1223 1204 1263 1234; x_wconf 89' lang='grc'>111</span> <span class='ocrx_word' id='word_1_372' title='bbox 1281 1203 1399 1234; x_wconf 88' lang='lat' dir='ltr'>eadem</span> <span class='ocrx_word' id='word_1_373' title='bbox 1423 1202 1576 1234; x_wconf 85' lang='lat' dir='ltr'>similitu-</span> 
     </span>
     <span class='ocr_line' id='line_1_73' title="bbox 872 1253 1577 1295; baseline -0.001 -10"><span class='ocrx_word' id='word_1_374' title='bbox 872 1255 950 1285; x_wconf 92' lang='lat' dir='ltr'>dine</span> <span class='ocrx_word' id='word_1_375' title='bbox 985 1259 1194 1295; x_wconf 84' lang='lat' dir='ltr'>perseverat.</span> <span class='ocrx_word' id='word_1_376' title='bbox 1252 1255 1356 1286; x_wconf 80' lang='lat' dir='ltr'>Quasi</span> <span class='ocrx_word' id='word_1_377' title='bbox 1388 1254 1502 1284; x_wconf 78' lang='lat' dir='ltr'>dicat:</span> <span class='ocrx_word' id='word_1_378' title='bbox 1542 1253 1577 1284; x_wconf 80' lang='lat' dir='ltr'>Si</span> 
     </span>
     <span class='ocr_line' id='line_1_74' title="bbox 872 1304 1578 1337; baseline -0.003 -1"><span class='ocrx_word' id='word_1_379' title='bbox 872 1315 966 1337; x_wconf 87' lang='lat' dir='ltr'>reum</span> <span class='ocrx_word' id='word_1_380' title='bbox 983 1305 1099 1336; x_wconf 89' lang='lat' dir='ltr'>videro</span> <span class='ocrx_word' id='word_1_381' title='bbox 1121 1305 1181 1335; x_wconf 90' lang='lat' dir='ltr'>tali</span> <span class='ocrx_word' id='word_1_382' title='bbox 1198 1305 1379 1335; x_wconf 87' lang='lat' dir='ltr'>verborum</span> <span class='ocrx_word' id='word_1_383' title='bbox 1406 1304 1578 1335; x_wconf 84' lang='lat' dir='ltr'>lenocinio</span> 
     </span>
     <span class='ocr_line' id='line_1_75' title="bbox 872 1353 1578 1394; baseline -0.003 -8"><span class='ocrx_word' id='word_1_384' title='bbox 872 1364 907 1386; x_wconf 88' lang='lat' dir='ltr'>se</span> <span class='ocrx_word' id='word_1_385' title='bbox 942 1358 1107 1394; x_wconf 86' lang='lat' dir='ltr'>tuentem,</span> <span class='ocrx_word' id='word_1_386' title='bbox 1144 1353 1285 1394; x_wconf 82' lang='lat' dir='ltr'>perinde</span> <span class='ocrx_word' id='word_1_387' title='bbox 1317 1354 1360 1384; x_wconf 86' lang='lat' dir='ltr'>ad</span> <span class='ocrx_word' id='word_1_388' title='bbox 1389 1354 1578 1385; x_wconf 79' lang='lat' dir='ltr'>misericor-</span> 
     </span>
     <span class='ocr_line' id='line_1_76' title="bbox 873 1405 1578 1447; baseline -0.004 -8"><span class='ocrx_word' id='word_1_389' title='bbox 873 1409 964 1440; x_wconf 88' lang='lat' dir='ltr'>diam</span> <span class='ocrx_word' id='word_1_390' title='bbox 991 1407 1166 1446; x_wconf 90' lang='lat' dir='ltr'>movebor,</span> <span class='ocrx_word' id='word_1_391' title='bbox 1192 1412 1296 1447; x_wconf 85' lang='lat' dir='ltr'>atque</span> <span class='ocrx_word' id='word_1_392' title='bbox 1322 1407 1350 1437; x_wconf 87' lang='lat' dir='ltr'>si</span> <span class='ocrx_word' id='word_1_393' title='bbox 1380 1405 1578 1446; x_wconf 85' lang='lat' dir='ltr'>naufragum</span> 
     </span>
     <span class='ocr_line' id='line_1_77' title="bbox 873 1457 1579 1497; baseline -0.003 -8"><span class='ocrx_word' id='word_1_394' title='bbox 873 1468 969 1489; x_wconf 87' lang='lat' dir='ltr'>casus</span> <span class='ocrx_word' id='word_1_395' title='bbox 985 1467 1061 1489; x_wconf 89' lang='lat' dir='ltr'>suos</span> <span class='ocrx_word' id='word_1_396' title='bbox 1076 1458 1111 1488; x_wconf 90' lang='grc'>111</span> <span class='ocrx_word' id='word_1_397' title='bbox 1129 1457 1243 1488; x_wconf 85' lang='lat' dir='ltr'>tabula</span> <span class='ocrx_word' id='word_1_398' title='bbox 1266 1457 1420 1497; x_wconf 89' lang='lat' dir='ltr'>depictos</span> <span class='ocrx_word' id='word_1_399' title='bbox 1436 1457 1579 1488; x_wconf 87' lang='lat' dir='ltr'>circum-</span> 
     </span>
     <span class='ocr_line' id='line_1_78' title="bbox 872 1506 1579 1546; baseline -0.004 -7"><span class='ocrx_word' id='word_1_400' title='bbox 872 1507 1054 1545; x_wconf 87' lang='lat' dir='ltr'>ferentem,</span> <span class='ocrx_word' id='word_1_401' title='bbox 1070 1512 1208 1538; x_wconf 88' lang='lat' dir='ltr'>cantare</span> <span class='ocrx_word' id='word_1_402' title='bbox 1226 1506 1579 1546; x_wconf 81' lang='lat' dir='ltr'>audirem.—Pictum]</span> 
     </span>
     <span class='ocr_line' id='line_1_79' title="bbox 874 1556 1580 1598; baseline -0.003 -9"><span class='ocrx_word' id='word_1_403' title='bbox 874 1559 963 1589; x_wconf 79' lang='lat' dir='ltr'>Nam</span> <span class='ocrx_word' id='word_1_404' title='bbox 1002 1568 1044 1589; x_wconf 88' lang='lat' dir='ltr'>ue</span> <span class='ocrx_word' id='word_1_405' title='bbox 1073 1558 1195 1598; x_wconf 74' lang='lat' dir='ltr'>s‘aepius</span> <span class='ocrx_word' id='word_1_406' title='bbox 1234 1558 1267 1587; x_wconf 93' lang='lat' dir='ltr'>in</span> <span class='ocrx_word' id='word_1_407' title='bbox 1294 1557 1462 1597; x_wconf 84' lang='lat' dir='ltr'>eroganda</span> <span class='ocrx_word' id='word_1_408' title='bbox 1491 1556 1580 1596; x_wconf 88' lang='lat' dir='ltr'>stipe</span> 
     </span>
     <span class='ocr_line' id='line_1_80' title="bbox 873 1608 1582 1646; baseline -0.004 -7"><span class='ocrx_word' id='word_1_409' title='bbox 873 1618 966 1639; x_wconf 86' lang='lat' dir='ltr'>suam</span> <span class='ocrx_word' id='word_1_410' title='bbox 994 1608 1225 1639; x_wconf 87' lang='lat' dir='ltr'>calamitatem</span> <span class='ocrx_word' id='word_1_411' title='bbox 1252 1616 1393 1637; x_wconf 81' lang='lat' dir='ltr'>narrare</span> <span class='ocrx_word' id='word_1_412' title='bbox 1422 1616 1582 1646; x_wconf 82' lang='lat' dir='ltr'>cogeren-</span> 
     </span>
     <span class='ocr_line' id='line_1_81' title="bbox 874 1656 1581 1700; baseline -0.006 -9"><span class='ocrx_word' id='word_1_413' title='bbox 874 1665 942 1700; x_wconf 85' lang='lat' dir='ltr'>tur,</span> <span class='ocrx_word' id='word_1_414' title='bbox 965 1658 1179 1699; x_wconf 82' lang='lat' dir='ltr'>naufragium</span> <span class='ocrx_word' id='word_1_415' title='bbox 1197 1668 1291 1688; x_wconf 89' lang='lat' dir='ltr'>suum</span> <span class='ocrx_word' id='word_1_416' title='bbox 1319 1658 1352 1688; x_wconf 90' lang='lat' dir='ltr'>in</span> <span class='ocrx_word' id='word_1_417' title='bbox 1381 1657 1498 1688; x_wconf 89' lang='lat' dir='ltr'>tabula</span> <span class='ocrx_word' id='word_1_418' title='bbox 1521 1656 1581 1687; x_wconf 87' lang='lat' dir='ltr'>ali-</span> 
     </span>
     <span class='ocr_line' id='line_1_82' title="bbox 874 1707 1582 1752; baseline -0.004 -11"><span class='ocrx_word' id='word_1_419' title='bbox 874 1721 940 1752; x_wconf 87' lang='lat' dir='ltr'>qua</span> <span class='ocrx_word' id='word_1_420' title='bbox 956 1711 1130 1751; x_wconf 86' lang='lat' dir='ltr'>depictum</span> <span class='ocrx_word' id='word_1_421' title='bbox 1152 1718 1193 1739; x_wconf 81' lang='lat' dir='ltr'>ex</span> <span class='ocrx_word' id='word_1_422' title='bbox 1218 1708 1359 1739; x_wconf 80' lang='lat' dir='ltr'>humero</span> <span class='ocrx_word' id='word_1_423' title='bbox 1386 1707 1582 1748; x_wconf 88' lang='lat' dir='ltr'>portabant.</span> 
     </span>
     <span class='ocr_line' id='line_1_83' title="bbox 873 1758 1581 1800; baseline -0.007 -7"><span class='ocrx_word' id='word_1_424' title='bbox 873 1762 988 1793; x_wconf 76' lang='lat' dir='ltr'>Lubin.</span> <span class='ocrx_word' id='word_1_425' title='bbox 1022 1761 1111 1793; x_wconf 82' lang='lat' dir='ltr'>Quia</span> <span class='ocrx_word' id='word_1_426' title='bbox 1124 1760 1229 1800; x_wconf 83' lang='lat' dir='ltr'>magis</span> <span class='ocrx_word' id='word_1_427' title='bbox 1242 1758 1394 1790; x_wconf 88' lang='lat' dir='ltr'>afficiunt</span> <span class='ocrx_word' id='word_1_428' title='bbox 1408 1768 1483 1799; x_wconf 81' lang='lat' dir='ltr'>quae</span> <span class='ocrx_word' id='word_1_429' title='bbox 1500 1768 1581 1788; x_wconf 88' lang='lat' dir='ltr'>ocu-</span> 
     </span>
     <span class='ocr_line' id='line_1_84' title="bbox 873 1809 1578 1853; baseline -0.007 -10"><span class='ocrx_word' id='word_1_430' title='bbox 873 1813 926 1852; x_wconf 90' lang='lat' dir='ltr'>lis,</span> <span class='ocrx_word' id='word_1_431' title='bbox 952 1821 1052 1853; x_wconf 88' lang='lat' dir='ltr'>quam</span> <span class='ocrx_word' id='word_1_432' title='bbox 1069 1821 1144 1852; x_wconf 83' lang='lat' dir='ltr'>quae</span> <span class='ocrx_word' id='word_1_433' title='bbox 1163 1810 1299 1841; x_wconf 83' lang='lat' dir='ltr'>auribus</span> <span class='ocrx_word' id='word_1_434' title='bbox 1325 1809 1578 1849; x_wconf 84' lang='lat' dir='ltr'>percipiuntur:</span> 
     </span>
     <span class='ocr_line' id='line_1_85' title="bbox 873 1859 1581 1902; baseline -0.007 -9"><span class='ocrx_word' id='word_1_435' title='bbox 873 1862 950 1893; x_wconf 91' lang='lat' dir='ltr'>ideo</span> <span class='ocrx_word' id='word_1_436' title='bbox 976 1863 1144 1902; x_wconf 86' lang='lat' dir='ltr'>picturam</span> <span class='ocrx_word' id='word_1_437' title='bbox 1161 1860 1369 1890; x_wconf 83' lang='lat' dir='ltr'>adhibebant</span> <span class='ocrx_word' id='word_1_438' title='bbox 1386 1859 1428 1889; x_wconf 89' lang='lat' dir='ltr'>ad</span> <span class='ocrx_word' id='word_1_439' title='bbox 1444 1867 1581 1889; x_wconf 88' lang='lat' dir='ltr'>moven-</span> 
     </span>
     <span class='ocr_line' id='line_1_86' title="bbox 875 1908 1583 1949; baseline -0.007 -6"><span class='ocrx_word' id='word_1_440' title='bbox 875 1913 951 1943; x_wconf 87' lang='lat' dir='ltr'>dam</span> <span class='ocrx_word' id='word_1_441' title='bbox 975 1911 1254 1949; x_wconf 88' lang='lat' dir='ltr'>misericordiam,</span> <span class='ocrx_word' id='word_1_442' title='bbox 1272 1920 1336 1940; x_wconf 91' lang='lat' dir='ltr'>non</span> <span class='ocrx_word' id='word_1_443' title='bbox 1362 1908 1516 1949; x_wconf 83' lang='lat' dir='ltr'>naufragi</span> <span class='ocrx_word' id='word_1_444' title='bbox 1533 1918 1583 1939; x_wconf 85' lang='lat' dir='ltr'>so-</span> 
     </span>
     <span class='ocr_line' id='line_1_87' title="bbox 875 1958 1582 2003; baseline -0.008 -9"><span class='ocrx_word' id='word_1_445' title='bbox 875 1964 957 2002; x_wconf 90' lang='lat' dir='ltr'>lum,</span> <span class='ocrx_word' id='word_1_446' title='bbox 973 1961 1064 2003; x_wconf 88' lang='lat' dir='ltr'>quod</span> <span class='ocrx_word' id='word_1_447' title='bbox 1081 1960 1178 1991; x_wconf 88' lang='lat' dir='ltr'>multi</span> <span class='ocrx_word' id='word_1_448' title='bbox 1195 1965 1386 1996; x_wconf 83' lang='lat' dir='ltr'>testantur3</span> <span class='ocrx_word' id='word_1_449' title='bbox 1405 1958 1582 1989; x_wconf 88' lang='lat' dir='ltr'>sedetiam</span> 
     </span>
     <span class='ocr_line' id='line_1_88' title="bbox 876 2009 1473 2053; baseline -0.007 -10"><span class='ocrx_word' id='word_1_450' title='bbox 876 2012 1011 2053; x_wconf 91' lang='lat' dir='ltr'>patroni</span> <span class='ocrx_word' id='word_1_451' title='bbox 1027 2011 1161 2052; x_wconf 83' lang='lat' dir='ltr'>qnidam</span> <span class='ocrx_word' id='word_1_452' title='bbox 1177 2011 1211 2041; x_wconf 92' lang='lat' dir='ltr'>in</span> <span class='ocrx_word' id='word_1_453' title='bbox 1229 2009 1316 2041; x_wconf 82' lang='lat' dir='ltr'>foro.</span> <span class='ocrx_word' id='word_1_454' title='bbox 1343 2009 1473 2040; x_wconf 75' lang='lat' dir='ltr'>Casaub.</span> 
     </span>
    </p>

    <p class='ocr_par' dir='ltr' id='par_1_9' title="bbox 878 2060 1587 2545">
     <span class='ocr_line' id='line_1_89' title="bbox 919 2060 1583 2100; baseline -0.006 -7"><span class='ocrx_word' id='word_1_455' title='bbox 919 2066 961 2093; x_wconf 84' lang='lat'>90</span> <span class='ocrx_word' id='word_1_456' title='bbox 991 2063 1114 2098; x_wconf 74' lang='lat' dir='ltr'>Verum,</span> <span class='ocrx_word' id='word_1_457' title='bbox 1130 2061 1199 2100; x_wconf 61' lang='grc' dir='ltr'>ὁγικ]</span> <span class='ocrx_word' id='word_1_458' title='bbox 1223 2060 1263 2090; x_wconf 88' lang='lat' dir='ltr'>Id</span> <span class='ocrx_word' id='word_1_459' title='bbox 1282 2064 1345 2099; x_wconf 86' lang='lat' dir='ltr'>est,</span> <span class='ocrx_word' id='word_1_460' title='bbox 1363 2060 1429 2091; x_wconf 86' lang='lat' dir='ltr'>Qui</span> <span class='ocrx_word' id='word_1_461' title='bbox 1447 2068 1499 2089; x_wconf 93' lang='lat' dir='ltr'>me</span> <span class='ocrx_word' id='word_1_462' title='bbox 1523 2068 1583 2089; x_wconf 85' lang='lat' dir='ltr'>sua</span> 
     </span>
     <span class='ocr_line' id='line_1_90' title="bbox 878 2109 1587 2154; baseline -0.007 -11"><span class='ocrx_word' id='word_1_463' title='bbox 878 2113 1015 2154; x_wconf 72' lang='lat' dir='ltr'>querela</span> <span class='ocrx_word' id='word_1_464' title='bbox 1029 2112 1069 2141; x_wconf 88' lang='lat' dir='ltr'>ad</span> <span class='ocrx_word' id='word_1_465' title='bbox 1082 2109 1347 2141; x_wconf 88' lang='lat' dir='ltr'>misericordiam</span> <span class='ocrx_word' id='word_1_466' title='bbox 1359 2117 1587 2147; x_wconf 88' lang='lat' dir='ltr'>commovere,</span> 
     </span>
     <span class='ocr_line' id='line_1_91' title="bbox 879 2158 1584 2200; baseline -0.009 -6"><span class='ocrx_word' id='word_1_467' title='bbox 879 2168 914 2194; x_wconf 90' lang='lat' dir='ltr'>et</span> <span class='ocrx_word' id='word_1_468' title='bbox 931 2163 972 2193; x_wconf 87' lang='lat' dir='ltr'>ad</span> <span class='ocrx_word' id='word_1_469' title='bbox 991 2161 1236 2193; x_wconf 85' lang='lat' dir='ltr'>sublevandum</span> <span class='ocrx_word' id='word_1_470' title='bbox 1261 2161 1407 2200; x_wconf 87' lang='lat' dir='ltr'>lapsum,</span> <span class='ocrx_word' id='word_1_471' title='bbox 1432 2163 1465 2189; x_wconf 85' lang='lat' dir='ltr'>et</span> <span class='ocrx_word' id='word_1_472' title='bbox 1491 2158 1584 2188; x_wconf 82' lang='lat' dir='ltr'>humi</span> 
     </span>
     <span class='ocr_line' id='line_1_92' title="bbox 879 2207 1584 2253; baseline -0.01 -9"><span class='ocrx_word' id='word_1_473' title='bbox 879 2213 1049 2253; x_wconf 88' lang='lat' dir='ltr'>dejectum</span> <span class='ocrx_word' id='word_1_474' title='bbox 1074 2213 1250 2242; x_wconf 77' lang='lat' dir='ltr'>incurvare</span> <span class='ocrx_word' id='word_1_475' title='bbox 1267 2214 1303 2241; x_wconf 90' lang='lat' dir='ltr'>et</span> <span class='ocrx_word' id='word_1_476' title='bbox 1325 2208 1465 2240; x_wconf 79' lang='lat' dir='ltr'>flectcre</span> <span class='ocrx_word' id='word_1_477' title='bbox 1482 2207 1584 2238; x_wconf 85' lang='lat' dir='ltr'>velit:</span> 
     </span>
     <span class='ocr_line' id='line_1_93' title="bbox 879 2258 1585 2300; baseline -0.007 -7"><span class='ocrx_word' id='word_1_478' title='bbox 879 2264 936 2294; x_wconf 90' lang='lat' dir='ltr'>ille</span> <span class='ocrx_word' id='word_1_479' title='bbox 954 2263 1031 2293; x_wconf 80' lang='lat' dir='ltr'>mihi</span> <span class='ocrx_word' id='word_1_480' title='bbox 1049 2272 1115 2292; x_wconf 88' lang='grc'>11011</span> <span class='ocrx_word' id='word_1_481' title='bbox 1132 2260 1350 2292; x_wconf 85' lang='lat' dir='ltr'>lamentabile</span> <span class='ocrx_word' id='word_1_482' title='bbox 1368 2258 1491 2300; x_wconf 87' lang='lat' dir='ltr'>aliquid</span> <span class='ocrx_word' id='word_1_483' title='bbox 1509 2268 1585 2289; x_wconf 91' lang='lat' dir='ltr'>noc-</span> 
     </span>
     <span class='ocr_line' id='line_1_94' title="bbox 880 2309 1584 2352; baseline -0.009 -8"><span class='ocrx_word' id='word_1_484' title='bbox 880 2318 915 2344; x_wconf 84' lang='lat' dir='ltr'>te</span> <span class='ocrx_word' id='word_1_485' title='bbox 940 2317 1175 2352; x_wconf 81' lang='lat' dir='ltr'>comparatum</span> <span class='ocrx_word' id='word_1_486' title='bbox 1195 2315 1231 2341; x_wconf 91' lang='lat' dir='ltr'>et</span> <span class='ocrx_word' id='word_1_487' title='bbox 1257 2310 1487 2349; x_wconf 76' lang='lat' dir='ltr'>excogitatum</span> <span class='ocrx_word' id='word_1_488' title='bbox 1512 2309 1584 2349; x_wconf 91' lang='lat' dir='ltr'>plo-</span> 
     </span>
     <span class='ocr_line' id='line_1_95' title="bbox 881 2359 1586 2401; baseline -0.007 -7"><span class='ocrx_word' id='word_1_489' title='bbox 881 2363 982 2401; x_wconf 87' lang='lat' dir='ltr'>rabit,</span> <span class='ocrx_word' id='word_1_490' title='bbox 998 2373 1060 2394; x_wconf 87' lang='lat' dir='ltr'>nec</span> <span class='ocrx_word' id='word_1_491' title='bbox 1084 2362 1272 2400; x_wconf 81' lang='lat' dir='ltr'>elaborata,</span> <span class='ocrx_word' id='word_1_492' title='bbox 1295 2365 1329 2391; x_wconf 91' lang='lat' dir='ltr'>et</span> <span class='ocrx_word' id='word_1_493' title='bbox 1346 2359 1586 2400; x_wconf 82' lang='lat' dir='ltr'>praemeditata</span> 
     </span>
     <span class='ocr_line' id='line_1_96' title="bbox 882 2409 1586 2451; baseline -0.009 -6"><span class='ocrx_word' id='word_1_494' title='bbox 882 2414 1049 2451; x_wconf 89' lang='lat' dir='ltr'>oratione,</span> <span class='ocrx_word' id='word_1_495' title='bbox 1069 2412 1128 2443; x_wconf 87' lang='lat' dir='ltr'>sed</span> <span class='ocrx_word' id='word_1_496' title='bbox 1146 2412 1303 2449; x_wconf 79' lang='lat' dir='ltr'>naturali,</span> <span class='ocrx_word' id='word_1_497' title='bbox 1320 2410 1446 2449; x_wconf 90' lang='lat' dir='ltr'>vivida,</span> <span class='ocrx_word' id='word_1_498' title='bbox 1463 2415 1498 2441; x_wconf 91' lang='lat' dir='ltr'>et</span> <span class='ocrx_word' id='word_1_499' title='bbox 1511 2409 1586 2439; x_wconf 86' lang='lat' dir='ltr'>sim·</span> 
     </span>
     <span class='ocr_line' id='line_1_97' title="bbox 881 2459 1586 2505; baseline -0.006 -11"><span class='ocrx_word' id='word_1_500' title='bbox 881 2464 974 2505; x_wconf 83' lang='lat' dir='ltr'>plici,</span> <span class='ocrx_word' id='word_1_501' title='bbox 999 2473 1073 2494; x_wconf 80' lang='lat' dir='ltr'>suas</span> <span class='ocrx_word' id='word_1_502' title='bbox 1091 2463 1170 2493; x_wconf 83' lang='lat' dir='ltr'>milii</span> <span class='ocrx_word' id='word_1_503' title='bbox 1187 2462 1398 2493; x_wconf 83' lang='lat' dir='ltr'>calamitates</span> <span class='ocrx_word' id='word_1_504' title='bbox 1414 2459 1586 2491; x_wconf 85' lang='lat' dir='ltr'>recitabit.</span> 
     </span>
     <span class='ocr_line' id='line_1_98' title="bbox 882 2515 981 2545; baseline -0.01 0"><span class='ocrx_word' id='word_1_505' title='bbox 882 2515 981 2545; x_wconf 82' lang='lat' dir='ltr'>Idem.</span> 
     </span>
    </p>

    <p class='ocr_par' dir='ltr' id='par_1_10' title="bbox 882 2560 1587 2755">
     <span class='ocr_line' id='line_1_99' title="bbox 924 2560 1586 2603; baseline -0.012 -8"><span class='ocrx_word' id='word_1_506' title='bbox 924 2568 963 2596; x_wconf 80' lang='lat'>91</span> <span class='ocrx_word' id='word_1_507' title='bbox 991 2563 1148 2603; x_wconf 74' lang='lat' dir='ltr'>plorabit]</span> <span class='ocrx_word' id='word_1_508' title='bbox 1194 2560 1419 2593; x_wconf 84' lang='lat' dir='ltr'>Lamentabili</span> <span class='ocrx_word' id='word_1_509' title='bbox 1436 2568 1518 2590; x_wconf 79' lang='lat' dir='ltr'>voce</span> <span class='ocrx_word' id='word_1_510' title='bbox 1535 2567 1586 2588; x_wconf 87' lang='lat' dir='ltr'>re-</span> 
     </span>
     <span class='ocr_line' id='line_1_100' title="bbox 883 2608 1584 2650; baseline -0.013 -4"><span class='ocrx_word' id='word_1_511' title='bbox 883 2612 1260 2650; x_wconf 74' lang='lat' dir='ltr'>citabit.—Incurrasse]</span> <span class='ocrx_word' id='word_1_512' title='bbox 1317 2610 1371 2641; x_wconf 83' lang='lat' dir='ltr'>Ad</span> <span class='ocrx_word' id='word_1_513' title='bbox 1410 2608 1584 2647; x_wconf 78' lang='lat' dir='ltr'>dejectum</span> 
     </span>
     <span class='ocr_line' id='line_1_101' title="bbox 882 2656 1587 2700; baseline -0.014 -4"><span class='ocrx_word' id='word_1_514' title='bbox 882 2664 1125 2696; x_wconf 86' lang='lat' dir='ltr'>sublevandum</span> <span class='ocrx_word' id='word_1_515' title='bbox 1137 2667 1171 2693; x_wconf 92' lang='lat' dir='ltr'>et</span> <span class='ocrx_word' id='word_1_516' title='bbox 1185 2660 1380 2700; x_wconf 77' lang='lat' dir='ltr'>erigendum</span> <span class='ocrx_word' id='word_1_517' title='bbox 1393 2656 1587 2696; x_wconf 78' lang='lat' dir='ltr'>inflectere;</span> 
     </span>
     <span class='ocr_line' id='line_1_102' title="bbox 883 2707 1583 2755; baseline -0.011 -8"><span class='ocrx_word' id='word_1_518' title='bbox 883 2715 918 2747; x_wconf 91' lang='lat' dir='ltr'>id</span> <span class='ocrx_word' id='word_1_519' title='bbox 949 2720 1014 2755; x_wconf 88' lang='lat' dir='ltr'>est,</span> <span class='ocrx_word' id='word_1_520' title='bbox 1050 2715 1193 2745; x_wconf 85' lang='lat' dir='ltr'>Movere</span> <span class='ocrx_word' id='word_1_521' title='bbox 1229 2710 1271 2741; x_wconf 83' lang='lat' dir='ltr'>ad</span> <span class='ocrx_word' id='word_1_522' title='bbox 1301 2707 1583 2740; x_wconf 80' lang='lat' dir='ltr'>misericordiam.</span> 
     </span>
    </p>
   </div>
  </div>
 </body>
</html>
