1888 3032
250 129 306 172 ‘28
758 145 799 174 Α.
834 141 995 175 pensu
1033 142 1206 176 FLAccr

309 239 549 280 Scribimus
573 240 743 288 inclusi,
766 252 966 280 numeros
987 240 1074 289 ille,
1097 240 1167 283 hic
1189 241 1300 294 pede
1319 243 1443 293 liber,

250 305 429 348 Grande
450 307 629 359 aliquid,
653 306 768 359 quod
790 307 938 359 pulmo
959 309 1115 348 animae
1138 309 1378 361 praelargus
1396 311 1575 352 anhelet.

251 373 425 414 Scilicet
448 376 543 414 lure
566 374 748 427 populo,
771 379 1003 428 pexusque
1025 379 1215 430 togaque
1236 379 1411 427 recenti,

251 441 305 481 Et
327 443 519 481 natalitia.
542 442 714 481 tandem
736 455 836 482 cum
858 442 1141 497 sardonyche,
1164 444 1292 484 albus

250 507 365 548 Sede
387 509 500 559 leges
524 510 657 558 celsa,
680 509 849 563 liquido
871 523 969 550 cuni
990 511 1206 563 plasmate
1228 514 1373 563 guttur

1655 377 1713 419 15

247 661 346 701 Atqui
361 671 429 692 sum
451 662 563 692 irrisor
579 663 622 694 ob
638 664 748 695 lienem
769 674 939 704 procacem.
988 664 1203 704 Componimas
1218 664 1328 704 clausi,
1351 664 1432 695 alius
1454 663 1606 701 carmina,
1632 665 1714 696 alius

246 705 361 735 solutus
377 708 487 743 metro,
509 715 667 745 operosum
680 707 837 746 quiddam,
851 709 929 747 qaod
941 708 1044 747 pulmo
1057 708 1232 747 peramplus
1251 708 1381 747 spiritus
1394 706 1546 747 proserat-
1594 708 1714 747 Nempe

247 750 276 777 et
293 751 441 787 comptus,
465 752 495 778 et
512 752 593 779 reste
616 760 705 788 nora,
719 753 749 779 et
766 750 914 780 candidus
930 750 1068 789 denique,
1084 760 1152 779 cnm
1174 760 1298 787 gemma
1312 750 1426 780 natalis
1450 750 1524 787 diei,
1549 750 1610 780 ista
1630 750 1713 790 plebi

247 790 391 821 recitabis
407 801 422 821 e
437 791 560 822 sublimi
577 792 736 831 cathedra,
760 796 919 832 postquam
932 793 1045 823 laveris
1058 792 1170 830 fauces
1175 791 1337 832 flexibiles
1349 793 1471 832 potione
1485 792 1603 832 fluida,
1616 792 1712 823 disso-

863 888 1097 900 eeeeeeeeeeee

247 972 304 992 mm
315 961 407 994 'J—nt
419 964 472 1004 qui
480 963 536 1002 sas
545 966 647 996 dicere
656 964 670 997 ‚²
696 964 844 1003 Qaifas?
872 966 955 997 Tunc
967 976 1036 996 cum
1051 967 1091 997 ad
1104 966 1250 997 canitiem
1263 969 1292 997 et
1309 970 1446 997 nostrum
1462 967 1494 997 id
1507 966 1609 997 vivere
1622 966 1714 998 triste

246 1005 377 1045 Aspen-i,
393 1010 423 1037 et
438 1008 566 1038 nucibus
583 1007 721 1045 facimus
745 1019 939 1048 quoecumque
965 1009 1082 1040 relictis
1092 1007 1106 1039 ’.θ
1132 1011 1210 1040 Cum
1233 1009 1370 1049 sapimus
1394 1008 1550 1049 patruos?
1576 1009 1619 1039 Et
1640 1009 1713 1040 hinc

245 1048 404 1086 ignoscere
420 1051 497 1080 nolo.
545 1051 629 1085 Quid
646 1051 791 1090 jaciam!
813 1053 867 1082 sed
889 1062 958 1082 sum
978 1052 1134 1091 petulanti
1157 1053 1259 1092 splene
1275 1052 1431 1083 cachinno.
1479 1051 1714 1091 Koenigius.-—

247 1093 286 1120 14
314 1092 382 1126 Quo
406 1103 467 1132 pro
494 1095 573 1132 quod
605 1094 730 1125 C.—16
754 1094 922 1124 Sardouice
939 1094 1062 1125 C.—17
1089 1095 1169 1125 Sede
1191 1096 1305 1134 legens,
1322 1095 1391 1125 Ms.
1407 1095 1449 1125 R.
1475 1099 1511 1125 et
1540 1094 1579 1125 C.
1623 1094 1713 1125 Scri-

247 1132 394 1164 bendum
411 1136 511 1174 leges;
535 1137 598 1166 etsi
626 1137 725 1167 aliter
752 1137 900 1178 antiquae
929 1137 1148 1175 membranae,
1175 1137 1208 1168 in
1236 1138 1358 1178 quibus
1386 1142 1439 1168 est
1466 1139 1587 1177 legens.-
1611 1137 1713 1168 simili

914 1225 1054 1257 NOTAE

245 1287 342 1326 splen
359 1287 520 1328 grandior
535 1288 705 1319 irrisorem
723 1298 789 1327 me,
803 1293 838 1320 et
854 1289 952 1329 Saty-

246 1337 351 1368 ricum
368 1337 460 1369 facit.
506 1339 546 1369 In
574 1339 665 1373 liene
692 1340 822 1371 Medici
850 1339 950 1371 affec-

1004 1289 1123 1329 natali,
1141 1290 1194 1321 vel
1211 1289 1298 1321 dono
1316 1289 1408 1322 data.

1048 1340 1264 1381 Sardmzyche]
1295 1341 1446 1372 Ornatus
1465 1340 1599 1379 annulo,
1614 1339 1712 1379 cujus

245 1393 316 1419 tum
334 1389 417 1419 risus
433 1391 615 1421 collocant.

289 1439 467 1480 Petulanti]
526 1441 693 1472 Petulans
730 1442 855 1474 dicitur
892 1442 949 1483 qui

244 1490 334 1521 hunc
351 1496 387 1522 et
403 1492 497 1523 illum
515 1493 641 1534 absque
659 1494 789 1534 pudore
806 1494 906 1534 petit.

289 1541 461 1582 Cachinno]
520 1543 705 1584 Cachinno,
721 1544 806 1583 onis,
821 1549 872 1574 est
894 1544 951 1575 ho-

244 1600 299 1621 mo
334 1592 417 1623 risus
446 1593 742 1634 Intemperantior‚
773 1595 862 1626 sicut
897 1604 949 1626 ca-

245 1641 386 1672 chinnus
404 1642 505 1673 risum
522 1643 666 1674 effusum
682 1644 863 1685 significat.

288 1695 327 1723 13
352 1693 522 1725 Scribimus
534 1695 658 1735 inclusi]
704 1696 951 1737 Prosopopoeia

245 1748 298 1774 est
325 1744 511 1775 Poetarum
541 1747 735 1786 ineptorum
760 1747 849 1778 illius
866 1752 949 1778 tem—

243 1795 350 1835 poriS,
367 1806 448 1836 quos
465 1796 598 1827 inducit
612 1797 747 1827 Persius
763 1807 856 1828 suam
873 1807 950 1828 cau-

243 1856 314 1876 sam
347 1845 582 1878 defendentes
640 1847 732 1880 Quid
762 1848 842 1878 mali
871 1847 951 1879 faci-

243 1907 327 1936 mus,
353 1897 525 1938 inquiunt,
544 1899 710 1940 siquidem
727 1908 853 1929 musaeo
876 1908 950 1929 nos-

244 1951 296 1978 tro
313 1948 429 1986 clausi,
455 1949 538 1979 alius
567 1949 700 1988 stricta,
728 1949 813 1980 alius
840 1949 950 1979 soluta

245 1998 400 2029 oratione
432 1999 609 2030 scribimus
639 2000 816 2040 egregium
847 2000 950 2041 quod-

245 2047 322 2078 dam
341 2058 424 2087 opus
439 2051 450 2078 ἓ

288 2100 328 2127 14
355 2098 443 2132 Quod
455 2101 559 2138 pulmo
574 2100 701 2140 animae]
746 2101 848 2133 Quod
872 2110 948 2131 cum

244 2148 408 2187 anhelitu,
422 2154 457 2179 et
473 2159 539 2179 non
556 2150 626 2179 sine
654 2151 768 2180 labore
795 2156 828 2181 et
848 2161 947 2181 vexa-

243 2198 335 2229 tione
354 2199 520 2239 pulmonis
536 2199 615 2230 a'ere
639 2204 673 2230 et
691 2205 792 2230 vento
807 2200 948 2231 distenti

243 2249 439 2280 recitemus.
499 2250 646 2281 Videtur
668 2256 780 2281 autem
811 2252 948 2282 Persius

244 2305 364 2330 notare
390 2300 720 2341 grandiloquentiam
737 2300 948 2342 affectatam,

244 2349 460 2389 periodorum
485 2350 744 2391 longitudinem,
768 2356 802 2383 et
819 2353 948 2393 ampul-

244 2399 347 2430 latam
364 2399 602 2440 turgidamque
617 2401 818 2434 orationem.

289 2453 327 2481 15
352 2450 479 2480 Scilicet
495 2450 559 2480 hoec
568 2451 693 2491 populo]
739 2453 879 2493 Excipit
900 2463 948 2484 sa-

245 2499 343 2532 tiriae
370 2500 526 2530 Persius:
552 2509 674 2540 nempe
699 2511 815 2532 auram
840 2512 947 2544 popu-

245 2551 351 2581 larem
368 2554 484 2590 captas
501 2550 728 2590 scriptitando
745 2557 779 2582 et
803 2554 943 2584 recitm

246 2603 301 2640 do,
327 2605 361 2632 et
387 2610 504 2631 vanam
528 2600 729 2632 eruditionis
754 2603 948 2642 opinionem

247 2650 402 2682 affectas.

293 2704 333 2734 16
356 2700 531 2744 Natalitia]
561 2700 626 2737 Vel
639 2701 765 2744 gestari
780 2702 881 2737 solita
896 2703 950 2736 die

1004 1400 1137 1431 gemma
1160 1392 1206 1422 sit
1232 1392 1418 1432 sardonyx,
1434 1391 1569 1430 lapillus
1593 1389 1712 1421 subru-

1005 1443 1059 1473 bei
1076 1443 1171 1473 simul
1188 1447 1224 1474 et
1240 1442 1441 1474 subcandidi
1457 1442 1592 1473 coloris.
1609 1467 1612 1469 .
1633 1441 1712 1472 Vox

1004 1492 1098 1525 facta
1114 1504 1132 1524 e
1151 1494 1264 1525 sardio
1281 1494 1396 1535 lapide
1414 1493 1506 1524 rubri
1523 1493 1660 1532 coloris,
1675 1496 1712 1524 et

1004 1543 1136 1584 onyche
1151 1543 1296 1575 subalbi.

1050 1594 1160 1635 Albus]
1214 1595 1321 1625 Veste
1360 1603 1448 1624 nova
1485 1597 1521 1624 et
1559 1592 1714 1633 pretiosa

1006 1645 1223 1685 splendidus:
1249 1644 1394 1676 fortasse
1423 1644 1538 1682 etiam,
1555 1643 1713 1684 pallidus,

1003 1695 1074 1725 sive
1091 1695 1132 1726 ob
1151 1695 1299 1726 studium
1317 1695 1488 1736 pertinax,
1506 1695 1575 1724 sive
1600 1694 1644 1725 ob
1662 1693 1712 1724 in-

1005 1751 1142 1787 gentem
1159 1756 1288 1785 curam,
1316 1756 1382 1787 qua
1408 1756 1444 1777 se
1472 1746 1520 1776 illi
1537 1753 1712 1785 compara-

1005 1796 1087 1827 bant
1104 1797 1145 1827 ad
1165 1797 1392 1835 recitandum,
1411 1797 1481 1827 sive
1504 1796 1651 1837 denique
1667 1795 1710 1827 ob

1005 1847 1139 1877 anxium
1157 1847 1201 1878 de
1216 1851 1340 1878 eventu
1359 1847 1517 1877 animum.

1048 1901 1087 1929 17
1112 1898 1190 1929 Sede
1206 1899 1289 1938 leges
1303 1898 1397 1937 celsa]
1442 1897 1595 1928 Privatae
1622 1906 1712 1938 quae-

1005 1948 1082 1979 dam
1098 1948 1227 1980 fiebant
1254 1948 1475 1979 recitationes
1494 1948 1610 1978 Romae
1627 1947 1710 1978 satis

1005 1998 1215 2041 frequentes,
1231 2000 1321 2030 inter
1336 1999 1464 2029 amicos
1481 2003 1517 2028 et
1539 1997 1709 2029 convivas.

1005 2050 1087 2081 Hor.
1101 2051 1121 2080 l.
1138 2060 1162 2080 1.
1178 2050 1249 2080 Sat.
1266 2053 1296 2080 4.
1314 2050 1323 2065 ‘
1335 2049 1413 2080 Non
1429 2048 1537 2078 recito
1550 2047 1708 2088 cuiquam

1003 2101 1068 2131 nisi
1084 2100 1221 2140 amicis,'
1238 2103 1302 2130 διο.
1346 2099 1485 2129 Persius
1502 2098 1602 2138 paulo
1618 2102 1710 2139 post,

1001 2152 1010 2167 ⁴
1026 2152 1114 2181 Ecce
1142 2151 1229 2181 inter
1256 2150 1380 2191 pocula
1406 2153 1564 2190 quaerunt
1589 2149 1710 2180 Romu-

1003 2200 1080 2231 lidae
1112 2201 1231 2238 saturi,
1259 2200 1342 2241 quid
1373 2199 1426 2230 dia
1454 2199 1612 2239 poemata
1634 2208 1709 2229 nar-

1002 2251 1102 2282 rent.'
1134 2251 1220 2283 Vide
1239 2251 1328 2281 Plin.
1345 2251 1367 2281 l.
1386 2259 1466 2280 vul.
1483 2249 1637 2289 Epistola
1651 2251 1706 2280 21.

1003 2301 1095 2331 Tull.
1128 2301 1170 2331 ad
1201 2300 1310 2332 Attic.
1341 2301 1363 2331 1.
1392 2308 1460 2331 xxi.
1485 2299 1597 2340 Epist.
1614 2301 1645 2330 4.
1670 2304 1707 2331 et

1003 2352 1025 2382 l.
1045 2361 1102 2384 xv.
1128 2352 1239 2393 Epist.
1263 2355 1294 2383 3.
1338 2350 1426 2382 Aliae
1457 2358 1557 2389 porro
1586 2348 1706 2380 recita-

1003 2402 1112 2433 tiones
1129 2406 1228 2433 erant
1244 2401 1409 2442 publicae:
1433 2399 1533 2430 modo
1549 2399 1583 2430 in
1599 2398 1706 2431 Athe-

1003 2460 1089 2490 naeo,
1105 2451 1204 2482 modo
1220 2452 1255 2481 in
1272 2450 1439 2491 Apollinis
1456 2449 1542 2489 aede,
1568 2449 1611 2480 de
1638 2459 1706 2491 qua

1002 2501 1036 2533 in
1064 2502 1231 2542 Prologo:
1258 2501 1355 2531 modo
1384 2501 1485 2531 etiam
1512 2500 1546 2530 in
1574 2500 1705 2532 aedibus

1002 2563 1065 2584 ceu
1081 2553 1237 2584 mercede
1262 2551 1451 2589 conductis,
1479 2550 1547 2581 sive
1573 2561 1704 2583 accom-

1002 2604 1147 2635 modatis
1165 2606 1206 2634 ab
1225 2604 1333 2644 alique
1363 2602 1434 2632 viro
1457 2601 1574 2641 divite,
1589 2602 1642 2632 cui
1669 2602 1704 2633 id

1002 2653 1222 2684 honorificum
1245 2653 1453 2689 ducebatur;
1479 2656 1514 2681 et
1539 2651 1634 2691 cujus
1661 2661 1702 2685 eo

1003 2705 1147 2736 clientes
1184 2704 1364 2745 applausus
1411 2707 1446 2735 et
1493 2701 1703 2738 celebritatis
