1888 3032
694 141 854 173 PERSlI

179 235 270 267 nitor
291 235 363 275 jum
390 234 641 267 adolescentem
668 235 818 267 insanum
841 239 876 267 et

179 294 305 326 aegrum
333 294 406 316 esse
436 290 471 317 et
502 287 677 326 sapienti-‚n
709 287 877 318 medicina

178 343 260 375 opus
285 335 423 366 habere.
479 337 697 368 Demonstrat
722 338 805 368 illud
833 347 875 367 ex

178 383 299 415 factis:
336 386 424 418 Quia
441 396 479 416 ea
496 386 600 425 dit-ut,
616 392 649 417 et
667 386 782 425 faeiat,
799 397 874 427 quae

177 434 286 465 insani
310 435 451 466 hominis
477 437 555 467 sint.
601 438 698 470 Quod
726 438 875 468 testimo-

178 485 233 515 nio
252 486 383 516 Orestis
400 487 505 517 insani
523 487 709 519 confirmat.
757 488 796 518 ld
813 494 877 528 est,

179 536 229 566 Ea
253 536 337 579 dicis
353 543 388 568 et
411 536 495 567 facis
520 547 593 578 quae
610 538 692 578 ipsis
708 539 812 569 etiam
827 538 876 570 fu-

178 585 274 616 rimis
291 585 417 617 furiosa
432 587 622 619 videantur.
666 588 763 620 Idem.

225 639 284 666 118
311 636 475 676 Νοη,ἱ)”ι·.]
520 636 634 669 Animi
658 639 790 681 aegroti,
813 650 876 672 nec

917 140 1022 172 sA'r.
1056 142 1119 172 ιν.
1547 134 1630 174 247

934 234 1073 266 rationis
1088 235 1424 279 compotis.—Juret]
1443 236 1634 268 Maximum

934 285 1021 315 enim
1040 285 1174 315 insaniae
1191 291 1440 326 argumentum,
1469 286 1560 327 quod
1586 287 1634 319 Ο-

934 340 1042 366 restes
1058 336 1159 366 etiarn
1177 341 1209 366 et
1228 337 1334 367 insani
1355 336 1549 377 juramento
1578 337 1635 368 ad-

933 384 1079 416 firmant.
1095 386 1267 426 ἭΟνεετικες]
1294 387 1358 417 Hic
1374 386 1634 427 Agamemnonis

934 440 968 465 et
986 435 1246 475 Clytenmestrae
1261 436 1362 476 filius,
1389 442 1531 468 matrem
1555 447 1632 469 cum

931 485 1095 525 AEgystho
1134 486 1290 517 adultero
1329 487 1466 525 occidit,
1500 491 1632 527 patrem

931 544 1024 564 suum
1041 536 1216 576 ultus‚qui
1243 534 1321 566 dolo
1348 546 1368 566 a
1395 541 1505 567 matre
1529 541 1565 568 et
1581 536 1636 568 ΛΕ·

933 585 1052 624 gystlio
1081 585 1210 616 occisus
1241 591 1327 617 erat.
1386 586 1439 619 De
1466 587 1529 619 hoc
1554 586 1632 619 vide

932 635 1051 676 Eurip.
1067 635 1101 666 iu
1118 635 1253 667 Oreste.
1300 637 1398 669 Idem.

656 1061 999 1130 SATIRA
1059 1081 1150 1128 IV.

224 1245 238 1272 1
265 1242 343 1272 Rem
355 1240 474 1282 populi,
489 1240 557 1279 δμκ]
595 1239 809 1280 Principium
826 1240 880 1270 ab·

177 1296 328 1333 ruptum,
356 1299 417 1330 per
447 1289 689 1330 Apostrophen
716 1289 758 1320 ad
786 1288 879 1319 Alci-

179 1342 325 1380 biadem,
345 1350 422 1371 cum
438 1339 705 1380 interrogatione
721 1343 754 1370 et
771 1340 878 1369 iucre-

179 1392 329 1432 pafione,
340 1401 401 1431 per
413 1391 670 1421 admirationem
686 1390 878 1429 legendum.

179 1443 317 1479 Quaeso,
337 1450 356 1471 ο
372 1441 484 1478 magni
501 1441 588 1470 illius
604 1439 733 1470 Pericli
750 1440 878 1479 pupille

177 1490 390 1530 Alcibiades,
403 1490 455 1521 (lic
468 1490 545 1520 mihi
563 1490 623 1520 boc
639 1501 646 1520 :
670 1489 767 1520 Tune
777 1489 880 1520 Rem-

178 1541 271 1582 publ.
306 1541 542 1572 administras?
579 1541 672 1571 Tune
702 1540 879 1580 imperium

180 1591 438 1623 Atheniensium
484 1590 667 1631 regendum
712 1590 881 1630 capessis?

180 1644 316 1681 Quaeso,
341 1650 485 1681 quonam
513 1639 637 1680 fretus,
663 1650 726 1681 qua
757 1640 880 1680 fronte,

176 1693 278 1723 talem
295 1696 331 1723 et
346 1696 474 1723 tantam
494 1700 563 1721 rem
578 1691 611 1720 in
624 1698 658 1721 te
673 1690 814 1730 suscipis
826 1690 880 1720 ?—

179 1742 369 1782 Barbatum]
393 1743 516 1772 Sensus
532 1746 602 1772 est:
627 1742 658 1772 0
673 1740 880 1780 Alcibiades,

182 1803 257 1834 quae
274 1793 335 1823 hoc
351 1793 424 1823 loco
443 1793 601 1823 dicuntur
615 1791 688 1830 tibi,
704 1792 879 1821 Socratem

180 1849 275 1874 tuum
321 1842 517 1882 magistrum
563 1842 677 1872 dicere
713 1840 879 1879 existima,

181 1902 281 1934 quem
304 1892 397 1923 ‹lirus
415 1893 536 1922 cicutae
562 1892 700 1921 haustus
727 1900 744 1920 e
768 1890 879 1920 medio

177 1944 312 1974 sustulit
327 1947 363 1974 et
380 1940 771 1983 pereunte—Barbatum]
809 1940 882 1970 Pri-

181 2004 269 2025 mum
287 1994 435 2025 Socratis
450 1992 661 2033 adjunctum.
706 1991 808 2023 Dixit
825 1999 881 2020 au-

182 2051 249 2075 tem
277 2045 476 2075 barbatum:
509 2043 565 2073 vel
590 2041 677 2083 quod
705 2050 785 2071 vere
809 2040 882 2071 bar-

183 2095 270 2132 bam,
300 2099 338 2124 ut
368 2093 488 2134 reliqui
520 2091 728 2132 Philosophi,
745 2090 880 2121 aluerit.

183 2144 296 2174 Lubr'n.
350 2144 426 2183 Vel,
448 2143 535 2183 quod
564 2141 706 2172 Romani
724 2150 798 2171 cum
815 2150 882 2170 ma—

176 2196 271 2235 jores
303 2194 500 2232 laudabant,
530 2193 621 2223 soliti
649 2191 775 2228 dicere,
801 2190 881 2221 casei

180 2245 312 2276 barbati.
336 2241 734 2282 Casaub.—Magislrum]
756 2241 882 2271 Secun-

180 2297 257 2327 dum
276 2296 481 2337 adjunctum.
529 2294 608 2324 Fuit
628 2293 716 2323 enim
733 2291 880 2322 Alcibia-

179 2346 228 2376 dis
243 2346 461 2387 paedagogus.
505 2344 618 2375 Lubin.

223 2399 242 2427 2
281 2395 434 2435 Sor-hitto]
488 2395 642 2425 Tertium
681 2392 880 2433 adjunctum

179 2446 298 2477 mortis
313 2447 444 2486 generis
460 2444 631 2476 efficiente
647 2453 749 2474 causa
769 2442 882 2473 decla·

181 2501 304 2527 ratum.
352 2496 430 2526 Fuit
444 2502 557 2526 autem
574 2495 716 2525 Socrates
739 2492 883 2532 Sophro-

182 2545 265 2575 nisci
291 2552 327 2576 et
354 2546 556 2576 Phanaretae
573 2543 765 2574 obstetricis
779 2541 882 2580 filius,

181 2593 473 2634 Philosophorum,
488 2596 541 2625 vel
568 2593 737 2634 Apollinis
762 2601 880 2623 oracu-

179 2644 226 2682 10,
265 2643 683 2683 sapientissinms.-—Dira]
727 2644 879 2674 Deorum

180 2693 228 2724 ira
245 2693 402 2734 immissu,
425 2695 498 2726 illos
522 2694 612 2726 enim
638 2696 877 2724 conte-inserat.

933 1239 1114 1279 ——Cicutafl
1148 1239 1233 1271 Quae
1249 1238 1355 1269 herba
1376 1237 1475 1269 noxio
1497 1237 1636 1278 semine,

934 1294 970 1320 et
994 1288 1122 1330 frigore
1150 1290 1329 1330 extinguit.
1373 1288 1486 1319 Lubin.
1537 1288 1636 1319 Cicu-
1679 1281 1682 1284 ⁴

934 1345 1001 1371 tam
1029 1340 1117 1371 enim
1142 1340 1249 1380 probe
1281 1344 1390 1370 tusam
1422 1348 1460 1369 ac
1491 1338 1634 1368 dilutam

933 1390 1160 1430 propinabant
1181 1391 1214 1421 in
1239 1391 1357 1428 calice,
1381 1398 1472 1419 more
1489 1388 1636 1419 medica-

933 1445 1144 1471 mentorum:
1180 1441 1282 1481 idque
1305 1441 1385 1470 πιεῖν
1400 1438 1560 1479 φάρμακον
1587 1438 1636 1468 di-

933 1490 1087 1521 cebatur.
1124 1492 1256 1523 Casaub.
1311 1491 1434 1521 Cicuta
1450 1491 1536 1520 enim
1554 1489 1636 1530 pub-

933 1542 998 1573 lice
1012 1543 1213 1574 servabatur
1229 1542 1369 1573 Athenis
1387 1542 1429 1572 ad
1447 1541 1634 1582 puniendos

935 1598 1060 1625 sontes.
1104 1594 1216 1625 Lubin.
1619 1591 1621 1593 ’

977 1645 995 1673 3
1022 1643 1102 1682 Quo,
1122 1643 1190 1682 φλ]
1224 1643 1469 1682 Prosopopoeia
1485 1642 1636 1673 Socratis

933 1693 1068 1723 mortui.
1127 1691 1168 1723 Id
1200 1696 1263 1731 est,
1291 1692 1368 1724 Qua
1393 1692 1532 1731 virtute,
1560 1702 1638 1732 pru-

934 1742 1062 1782 dentia,
1075 1747 1111 1774 et
1124 1743 1342 1781 auctoritate,
1354 1746 1484 1773 tantam
1499 1742 1635 1782 imperii

933 1793 1054 1823 molem
1072 1793 1103 1822 in
1121 1797 1155 1823 te
1171 1793 1309 1832 suscipis
1323 1792 1443 1822 ?—Dic
1458 1793 1526 1833 hoc]
1549 1796 1636 1832 Περι-

933 1839 1043 1880 φροίσει
1069 1841 1233 1872 describit
1258 1841 1312 1872 liic
1336 1840 1562 1881 Alcibiadem,
1579 1842 1636 1881 qui

934 1891 1191 1921 Atheniensium
1206 1891 1391 1931 imperator
1402 1900 1561 1930 summus,
1571 1890 1638 1922 for-

934 1950 988 1970 ma
1013 1941 1163 1981 corporis
1189 1940 1475 1980 incomparabilis,
1498 1942 1636 1972 summis

935 1989 1063 2030 ingenii
1090 1989 1225 2020 dotibus
1251 1990 1389 2030 egregie
1415 1995 1565 2029 ornatus,
1589 1991 1637 2020 in-

936 2049 1039 2079 super
1063 2039 1147 2070 adeo
1164 2039 1320 2079 disertus,
1344 2044 1382 2071 ut
1405 2050 1503 2071 nemo
1529 2041 1561 2071 ei
1588 2041 1638 2072 di-

935 2089 1042 2119 cendo
1058 2088 1217 2119 resistere
1235 2094 1358 2128 posset.
1398 2089 1526 2120 Rursus
1544 2095 1638 2122 tanto

934 2138 1094 2169 vitiorum
1126 2139 1257 2179 agmine
1288 2139 1510 2177 deformatum,
1541 2146 1579 2172 ut
1609 2141 1638 2172 si

936 2191 1018 2220 vitia
1033 2190 1215 2221 virtutibus
1232 2201 1365 2231 penses,
1389 2193 1509 2222 merito
1531 2193 1638 2224 addu-

935 2240 1036 2276 bites,
1058 2240 1203 2270 laudene
1231 2250 1273 2271 an
1301 2241 1472 2281 vituperio
1502 2242 1637 2283 dignior

934 2289 1224 2329 fuerin—illagvzi,
1253 2291 1320 2330 εμπ]
1368 2291 1447 2322 Fuit
1473 2292 1639 2332 Pericles,

937 2344 1090 2380 patrum,
1126 2340 1180 2369 vel
1218 2340 1404 2371 avunculus
1434 2340 1637 2374 Alcibiadis.

936 2390 1052 2429 Magni
1074 2390 1168 2422 dicit.
1214 2391 1341 2422 Novies
1354 2391 1440 2422 enim
1454 2393 1567 2424 hostes
1584 2405 1638 2425 su·

936 2441 1080 2481 peravit,
1099 2446 1135 2471 et
1162 2441 1253 2473 inter
1276 2442 1341 2473 alia
1363 2442 1493 2473 Samios
1518 2444 1637 2474 Ionum

936 2491 1189 2532 potentissimos
1205 2491 1345 2531 devicit,
1372 2492 1570 2533 illorumque
1585 2503 1638 2522 ur-

936 2542 1011 2572 bem
1028 2541 1167 2582 dejecit.
1213 2543 1266 2573 De
1283 2552 1348 2583 quo
1366 2542 1442 2572 vide
1453 2542 1639 2573 Justinum.

939 2593 1063 2624 Potest
1079 2597 1192 2623 autem
1208 2593 1275 2631 legi
1295 2590 1409 2621 Pericli
1434 2596 1469 2620 et
1493 2591 1643 2622 Periclis,

937 2643 1120 2683 —Pupilld
1166 2641 1377 2681 Emphatiee.
1433 2639 1521 2671 Quia
1546 2641 1636 2671 enim

937 2693 1086 2734 pupillus
1114 2692 1234 2727 adhue,
1258 2688 1531 2720 administrandae
1556 2690 1636 2721 Rei-
