1888 3032
296 109 354 148 94
795 122 841 150 A.
876 121 1037 151 pensu
1073 123 1244 154 F12Accr

716 395 1134 456 SATIRA
1200 399 1328 456 IV.

855 674 1215 706 ARGUMENTUM.

344 803 416 835 SUB
431 812 578 845 persona
593 804 743 835 Socratis
760 802 974 834 Alcibiadem
993 802 1205 843 objurgantis
1223 801 1404 842 invehitur,
1429 803 1613 835 secundum
1629 807 1767 836 veteres

302 861 339 888 et
352 866 468 888 omnes
485 856 557 888 fere
574 857 783 888 recentiores
799 856 1019 897 interpretes,
1036 856 1069 886 in
1088 856 1273 896 Neronem,
1292 855 1427 886 omnino
1455 861 1569 887 autem
1595 857 1628 888 in
1652 867 1771 889 nnum-

302 920 469 951 quemque
498 911 539 940 ad
569 911 615 942 rei
640 910 785 951 publicae
810 911 1039 951 gubernacula
1060 909 1322 949 sedentem,qui
1352 909 1425 939 vilis
1444 910 1633 949 plebeculae
1652 910 1771 941 adula-

302 962 465 1002 tionibus,
482 973 621 1005 suaeque
646 965 749 1004 ipsius
765 964 941 995 nobilitate
958 965 1079 1002 elatus,
1098 973 1214 1003 parem
1238 972 1273 993 se
1291 966 1398 1001 tanto,
1423 963 1520 1002 cujus
1542 963 1609 993 vim
1630 967 1664 994 et
1680 973 1772 1004 mag-

303 1016 492 1047 nitudinem
534 1019 605 1057 ipse
629 1018 775 1058 ignoret,
809 1017 904 1049 oneri
932 1016 1077 1048 ferendo
1103 1017 1288 1056 existimet,
1312 1017 1405 1047 nulla
1435 1016 1668 1056 philosophiae,
1693 1027 1769 1058 quae

305 1070 375 1100 sola
389 1070 438 1100 rei
456 1071 602 1110 publicae
619 1071 706 1101 benc
724 1075 758 1102 et
786 1076 881 1103 recte
900 1071 1178 1102 administrandae
1200 1070 1397 1101 facultatem
1416 1070 1636 1110 suppeditare
1653 1070 1771 1110 possit,

305 1122 435 1153 ratione
451 1123 579 1155 habita.
626 1125 785 1155 Socrates
802 1125 975 1155 inducitur
991 1124 1207 1155 Alcibiadem
1225 1124 1404 1164 increpans
1420 1135 1427 1154 :
1454 1124 1543 1158 Qua,
1563 1122 1773 1164 Alcibiades,

305 1174 432 1206 fiducia
449 1176 490 1206 ad
508 1186 578 1206 rem
596 1176 768 1216 publicam
785 1177 818 1207 id
844 1177 1037 1217 praesertim
1056 1177 1169 1208 aetatis
1187 1177 1381 1209 accessisti?
1428 1176 1618 1207 Prudentia
1643 1176 1774 1208 scilicet

304 1237 409 1259 annos
435 1233 512 1260 tuos
529 1230 709 1269 praevertit
733 1234 792 1267 5.;
823 1235 977 1261 exortam
1005 1229 1207 1261 seditionem
1241 1230 1292 1260 vel
1322 1239 1387 1260 uno
1416 1229 1521 1260 verbo
1550 1228 1773 1269 comprimere

305 1286 414 1322 potes,
430 1282 635 1322 plebemque
654 1287 824 1313 errantem
852 1283 885 1313 iu
914 1288 1044 1314 rectam
1061 1283 1148 1314 viam
1166 1283 1346 1322 reducere,
1360 1282 1486 1323 quippe
1505 1282 1560 1323 qni
1592 1282 1774 1314 discrimen

306 1336 396 1367 inter
411 1341 543 1367 rectum
556 1341 592 1366 et
607 1346 747 1376 pravum
763 1337 868 1376 probe
887 1337 982 1368 scias.
1010 1340 1061 1368 13.
1109 1338 1212 1373 Quin,
1237 1340 1274 1367 tn
1292 1336 1487 1367 stultissime
1506 1345 1629 1372 rerum,
1654 1334 1775 1366 formae

307 1389 561 1429 pulchritudine
591 1394 773 1430 tantopere
803 1391 1016 1430 superbiens,
1046 1391 1154 1431 plebis
1184 1389 1335 1420 favorem
1367 1394 1507 1428 captare
1535 1388 1685 1420 desinis!
1724 1391 1775 1420 16.

307 1442 378 1483 qui,
405 1452 424 1473 a
455 1442 665 1483 philosophia
692 1443 840 1473 nondum
865 1443 1063 1483 instructus,
1078 1448 1208 1474 certum
1235 1442 1349 1481 finem,
1367 1452 1432 1483 quo
1460 1442 1573 1473 omnia
1595 1441 1777 1473 referenda

305 1495 387 1535 sint,
410 1495 519 1527 adhuc
548 1496 694 1536 ignoras,
717 1497 770 1527 vel
795 1496 946 1536 corporis
965 1497 1140 1537 voluptate
1165 1506 1241 1527 eum
1265 1495 1395 1526 metiris
1430 1500 1468 1526 ut
1491 1495 1673 1526 vilissimus
1691 1495 1778 1536 quis-

308 1559 385 1590 que.
404 1552 454 1580 19.
500 1549 697 1580 Alcibiades
725 1549 882 1590 subjicit:
908 1550 974 1580 Sed
1007 1549 1142 1590 generis
1167 1550 1322 1580 claritate
1349 1548 1494 1589 gaudeo,
1525 1548 1776 1588 pulchritudine

308 1602 494 1633 instructus
512 1612 596 1633 sum.
620 1605 675 1632 20.
707 1602 866 1633 Socrates
881 1613 889 1633 ι
915 1602 948 1633 Si
966 1603 1029 1633 boc
1044 1603 1096 1633 vel
1111 1602 1255 1633 maxime
1272 1603 1328 1640 sit,
1342 1606 1453 1632 tamen
1470 1611 1512 1632 ne
1531 1601 1774 1642 abjectissimae

309 1654 447 1696 quidem
462 1655 672 1685 mulierculae
700 1654 869 1694 sapientia
886 1659 1038 1694 praestas.
1061 1658 1115 1686 22.
1163 1654 1250 1685 Haee
1275 1655 1448 1685 hominum
1465 1655 1686 1695 perversitas,
1711 1664 1777 1695 qua

309 1718 345 1739 se
360 1707 403 1738 ad
421 1707 619 1738 difficillima
638 1717 780 1748 quaeque
804 1712 903 1748 aptos
921 1712 1056 1749 putant,
1070 1708 1279 1749 aliorumque
1305 1708 1411 1748 iniqui
1434 1708 1657 1738 aestimatores
1685 1712 1777 1746 sunt,
1834 1694 1835 1697 Ἴ

309 1760 389 1791 inde
406 1760 536 1798 existit,
560 1760 649 1800 quod
667 1770 764 1791 nemo
779 1770 814 1791 se
828 1760 938 1804 ipsum
956 1770 1100 1792 noscere
1116 1760 1233 1792 studet
1248 1772 1256 1799 3
1275 1760 1417 1801 quilibet
1434 1761 1542 1790 aliena
1565 1760 1650 1792 vitia
1665 1766 1777 1799 curat,

310 1823 371 1845 sua
398 1813 555 1854 negligit.
616 1812 692 1843 Hoc
722 1814 880 1853 exemplo
908 1823 1107 1854 expressum
1133 1818 1185 1844 est
1222 1813 1264 1844 ab
1292 1814 1426 1844 bomine
1458 1814 1536 1844 vitae
1563 1813 1777 1854 turpitudine

307 1866 438 1905 infami,
454 1875 565 1897 mores
585 1865 739 1896 sordidos
757 1866 850 1897 avari
877 1866 1055 1906 cujusdam
1070 1870 1222 1907 notante,
1241 1867 1479 1907 communique
1495 1866 1668 1897 hominum
1684 1876 1778 1897 more

309 1924 345 1951 et
374 1919 620 1951 consuetudine
650 1929 857 1960 propensum
887 1930 983 1951 suum
1008 1921 1049 1950 ad
1074 1920 1184 1951 aliena
1211 1919 1294 1950 vitia
1316 1919 1525 1959 exagitanda
1551 1919 1696 1950 animum
1722 1928 1780 1950 ex-

310 1978 463 2012 cusante,
493 1978 615 2005 sumto.
640 1976 693 2005 43.
744 1975 821 2006 Quo
850 1973 941 2004 facto
973 1974 1150 2004 concludit
1172 1973 1350 2004 Socrates:
1376 1973 1501 2003 Latent
1531 1972 1616 2002 vitia
1634 1976 1704 2011 tua,
1733 1976 1779 2012 et,

309 2035 410 2066 quem
428 2031 460 2057 te
489 2027 638 2057 homines
657 2031 792 2068 putant,
817 2027 894 2057 talis
909 2026 970 2057 tibi
988 2026 1112 2056 videris
1130 2035 1215 2066 esse,
1238 2035 1313 2056 cum
1333 2029 1447 2055 tamen
1466 2024 1621 2056 omnibus
1649 2025 1778 2066 cupidi-

311 2078 439 2109 tatibus
463 2079 635 2110 inservias.
693 2079 894 2110 Descendas
920 2080 954 2109 in
972 2084 1004 2109 te
1035 2079 1147 2119 velim,
1169 2083 1203 2109 et
1230 2086 1392 2118 agnosces
1418 2077 1503 2118 ipse,
1525 2081 1687 2118 quantum
1716 2077 1778 2109 tibi

311 2130 422 2162 adhuc
440 2131 483 2163 ad
496 2132 599 2163 animi
617 2131 870 2173 perfectionem
883 2132 982 2162 desit.

316 2340 449 2394 REM
475 2357 629 2409 populi
652 2359 842 2398 tractas?
873 2357 1123 2411 (barbatum
1141 2358 1239 2399 haec
1262 2357 1385 2398 crede
1406 2358 1658 2411 magistrum

313 2476 441 2514 Ergone
449 2483 495 2505 res
502 2475 608 2515 populi
618 2475 841 2508 administras?
852 2478 872 2516 (
881 2477 1039 2508 Existima
1050 2477 1112 2508 ista
1121 2477 1182 2508 tibi
1192 2479 1272 2517 loqui
1282 2481 1501 2518 proeceptorem
1511 2477 1682 2519 barbatum,
1692 2488 1779 2519 quem

977 2556 1005 2586 N
1013 2556 1115 2587 OTAE

360 2621 374 2648 l
402 2618 481 2649 Rem
499 2619 605 2659 populi
629 2620 762 2659 tractas]
802 2620 880 2651 Jam
910 2620 1020 2651 Satira
1075 2625 1189 2651 tonem
1210 2620 1244 2650 in
1271 2620 1430 2661 Dialogo,
1453 2620 1506 2651 cni
1531 2620 1663 2658 titulus,
1691 2621 1777 2652 Alci..

315 2668 463 2702 secunda
503 2670 642 2703 Persius
668 2670 817 2702 imitatus
841 2674 916 2702 erat
941 2671 1019 2703 Pla·
1075 2671 1365 2703 bicedesScczmdus.
1411 2672 1451 2703 In
1473 2672 1536 2704 hac
1563 2681 1642 2704 vero
1665 2672 1778 2703 Satira
