<?xml version="1.0" encoding="UTF-8"?>
<!DOCTYPE html PUBLIC "-//W3C//DTD XHTML 1.0 Transitional//EN"
    "http://www.w3.org/TR/xhtml1/DTD/xhtml1-transitional.dtd">
<html xmlns="http://www.w3.org/1999/xhtml" xml:lang="en" lang="en">
 <head>
  <title>
</title>
<meta http-equiv="Content-Type" content="text/html;charset=utf-8" />
  <meta name='ocr-system' content='tesseract 3.04.00' />
  <meta name='ocr-capabilities' content='ocr_page ocr_carea ocr_par ocr_line ocrx_word'/>
</head>
<body>
  <div class='ocr_page' id='page_1' title='image "./operaomnia00persuoft_0205.png"; bbox 0 0 1888 3032; ppageno 0'>
   <div class='ocr_carea' id='block_1_1' title="bbox 573 155 1052 187">
    <p class='ocr_par' dir='ltr' id='par_1_1' title="bbox 573 155 1052 187">
     <span class='ocr_line' id='line_1_1' title="bbox 573 155 1052 187; baseline 0.006 -4"><span class='ocrx_word' id='word_1_1' title='bbox 573 156 735 187; x_wconf 67' lang='lat' dir='ltr'><strong>rssnsil</strong></span> <span class='ocrx_word' id='word_1_2' title='bbox 772 155 1052 187; x_wconf 76' lang='lat' dir='ltr'><strong>PROLOGUM.</strong></span> 
     </span>
    </p>
   </div>
   <div class='ocr_carea' id='block_1_2' title="bbox 95 249 819 2816">
    <p class='ocr_par' dir='ltr' id='par_1_2' title="bbox 95 249 805 494">
     <span class='ocr_line' id='line_1_2' title="bbox 96 249 802 291; baseline 0.001 -10"><span class='ocrx_word' id='word_1_3' title='bbox 96 249 198 289; x_wconf 75' lang='lat' dir='ltr'><strong>rium,</strong></span> <span class='ocrx_word' id='word_1_4' title='bbox 225 251 258 280; x_wconf 82' lang='lat' dir='ltr'><strong>et</strong></span> <span class='ocrx_word' id='word_1_5' title='bbox 282 258 356 281; x_wconf 79' lang='lat' dir='ltr'><strong>meo</strong></span> <span class='ocrx_word' id='word_1_6' title='bbox 373 249 518 291; x_wconf 80' lang='lat' dir='ltr'><strong>profano</strong></span> <span class='ocrx_word' id='word_1_7' title='bbox 536 251 703 283; x_wconf 64' lang='lat' dir='ltr'><strong>Poemate</strong></span> <span class='ocrx_word' id='word_1_8' title='bbox 722 251 802 283; x_wconf 85' lang='lat' dir='ltr'><strong>alio-</strong></span> 
     </span>
     <span class='ocr_line' id='line_1_3' title="bbox 96 302 804 341; baseline 0.004 -10"><span class='ocrx_word' id='word_1_9' title='bbox 96 310 171 332; x_wconf 83' lang='lat' dir='ltr'><strong>rum</strong></span> <span class='ocrx_word' id='word_1_10' title='bbox 202 310 299 332; x_wconf 82' lang='lat' dir='ltr'><strong>sacra</strong></span> <span class='ocrx_word' id='word_1_11' title='bbox 330 302 546 341; x_wconf 73' lang='lat' dir='ltr'><strong>coutami1103</strong></span> <span class='ocrx_word' id='word_1_12' title='bbox 585 313 660 334; x_wconf 86' lang='lat' dir='ltr'><strong>cum</strong></span> <span class='ocrx_word' id='word_1_13' title='bbox 701 303 804 334; x_wconf 82' lang='lat' dir='ltr'><strong>sacris</strong></span> 
     </span>
     <span class='ocr_line' id='line_1_4' title="bbox 95 351 803 385; baseline 0.006 -4"><span class='ocrx_word' id='word_1_14' title='bbox 95 351 250 383; x_wconf 88' lang='lat' dir='ltr'><strong>initiatus</strong></span> <span class='ocrx_word' id='word_1_15' title='bbox 275 361 341 382; x_wconf 88' lang='lat' dir='ltr'><strong>nou</strong></span> <span class='ocrx_word' id='word_1_16' title='bbox 359 352 431 383; x_wconf 86' lang='lat' dir='ltr'><strong>sim.</strong></span> <span class='ocrx_word' id='word_1_17' title='bbox 456 353 609 385; x_wconf 80' lang='lat' dir='ltr'><strong>Lubinus.</strong></span> <span class='ocrx_word' id='word_1_18' title='bbox 657 354 803 385; x_wconf 74' lang='lat' dir='ltr'><strong>Notissi-</strong></span> 
     </span>
     <span class='ocr_line' id='line_1_5' title="bbox 96 399 805 444; baseline 0 -11"><span class='ocrx_word' id='word_1_19' title='bbox 96 412 186 433; x_wconf 87' lang='lat' dir='ltr'><strong>mum</strong></span> <span class='ocrx_word' id='word_1_20' title='bbox 215 406 280 440; x_wconf 82' lang='lat' dir='ltr'><strong>est,</strong></span> <span class='ocrx_word' id='word_1_21' title='bbox 311 412 460 444; x_wconf 83' lang='lat' dir='ltr'><strong>paganus</strong></span> <span class='ocrx_word' id='word_1_22' title='bbox 485 408 520 435; x_wconf 89' lang='lat' dir='ltr'><strong>et</strong></span> <span class='ocrx_word' id='word_1_23' title='bbox 536 399 630 435; x_wconf 77' lang='lat' dir='ltr'><strong>miles</strong></span> <span class='ocrx_word' id='word_1_24' title='bbox 651 413 725 435; x_wconf 85' lang='lat' dir='ltr'><strong>esse</strong></span> <span class='ocrx_word' id='word_1_25' title='bbox 743 404 805 433; x_wconf 79' lang='grc' dir='ltr'><strong>τῶν</strong></span> 
     </span>
     <span class='ocr_line' id='line_1_6' title="bbox 99 451 390 494; baseline 0.007 -11"><span class='ocrx_word' id='word_1_26' title='bbox 99 451 173 494; x_wconf 85' lang='grc' dir='ltr'>πρός</span> <span class='ocrx_word' id='word_1_27' title='bbox 187 465 230 484; x_wconf 83' lang='grc' dir='ltr'><strong>τι.</strong></span> <span class='ocrx_word' id='word_1_28' title='bbox 257 454 390 486; x_wconf 69' lang='grc' dir='ltr'><strong>(Ῐιιεαιώ.</strong></span> 
     </span>
    </p>

    <p class='ocr_par' dir='ltr' id='par_1_3' title="bbox 96 503 812 1757">
     <span class='ocr_line' id='line_1_7' title="bbox 141 503 804 545; baseline -0.003 -10"><span class='ocrx_word' id='word_1_29' title='bbox 141 507 161 535; x_wconf 87' lang='lat'><strong>7</strong></span> <span class='ocrx_word' id='word_1_30' title='bbox 184 504 332 545; x_wconf 68' lang='lat' dir='ltr'><strong>A11,85c.]</strong></span> <span class='ocrx_word' id='word_1_31' title='bbox 357 504 396 534; x_wconf 86' lang='lat' dir='ltr'><strong>ld</strong></span> <span class='ocrx_word' id='word_1_32' title='bbox 423 508 489 543; x_wconf 86' lang='lat' dir='ltr'><strong>est,</strong></span> <span class='ocrx_word' id='word_1_33' title='bbox 514 504 568 535; x_wconf 88' lang='lat' dir='ltr'><strong>Ad</strong></span> <span class='ocrx_word' id='word_1_34' title='bbox 593 513 689 535; x_wconf 88' lang='lat' dir='ltr'><strong>sacra</strong></span> <span class='ocrx_word' id='word_1_35' title='bbox 705 507 739 534; x_wconf 88' lang='lat' dir='ltr'><strong>et</strong></span> <span class='ocrx_word' id='word_1_36' title='bbox 756 503 804 534; x_wconf 92' lang='lat' dir='ltr'><strong>di-</strong></span> 
     </span>
     <span class='ocr_line' id='line_1_8' title="bbox 97 555 804 596; baseline -0.001 -10"><span class='ocrx_word' id='word_1_37' title='bbox 97 555 173 586; x_wconf 83' lang='lat' dir='ltr'><strong>vina</strong></span> <span class='ocrx_word' id='word_1_38' title='bbox 205 556 392 587; x_wconf 69' lang='lat' dir='ltr'><strong>Poetarum</strong></span> <span class='ocrx_word' id='word_1_39' title='bbox 418 556 582 595; x_wconf 70' lang='lat' dir='ltr'><strong>varunna,</strong></span> <span class='ocrx_word' id='word_1_40' title='bbox 606 565 680 596; x_wconf 81' lang='lat' dir='ltr'><strong>quae</strong></span> <span class='ocrx_word' id='word_1_41' title='bbox 698 564 804 585; x_wconf 83' lang='lat' dir='ltr'><strong>asser-</strong></span> 
     </span>
     <span class='ocr_line' id='line_1_9' title="bbox 97 606 804 647; baseline 0.003 -11"><span class='ocrx_word' id='word_1_42' title='bbox 97 607 263 638; x_wconf 71' lang='lat' dir='ltr'><strong>vabantur</strong></span> <span class='ocrx_word' id='word_1_43' title='bbox 277 607 310 637; x_wconf 94' lang='lat' dir='ltr'><strong>in</strong></span> <span class='ocrx_word' id='word_1_44' title='bbox 328 607 543 637; x_wconf 78' lang='lat' dir='ltr'>Bibliotheca</span> <span class='ocrx_word' id='word_1_45' title='bbox 556 606 725 647; x_wconf 81' lang='lat' dir='ltr'><strong>Apollinis</strong></span> <span class='ocrx_word' id='word_1_46' title='bbox 742 608 804 638; x_wconf 86' lang='lat' dir='ltr'><strong>Pa-</strong></span> 
     </span>
     <span class='ocr_line' id='line_1_10' title="bbox 97 656 805 698; baseline 0.001 -11"><span class='ocrx_word' id='word_1_47' title='bbox 97 657 204 688; x_wconf 79' lang='lat' dir='ltr'><strong>latini.</strong></span> <span class='ocrx_word' id='word_1_48' title='bbox 219 657 342 689; x_wconf 85' lang='lat' dir='ltr'><strong>Horat.</strong></span> <span class='ocrx_word' id='word_1_49' title='bbox 357 656 509 697; x_wconf 84' lang='lat' dir='ltr'><strong>‘Scripta</strong></span> <span class='ocrx_word' id='word_1_50' title='bbox 525 656 702 688; x_wconf 82' lang='lat' dir='ltr'><strong>Palatinus</strong></span> <span class='ocrx_word' id='word_1_51' title='bbox 714 666 805 698; x_wconf 77' lang='lat' dir='ltr'><strong>qua:-</strong></span> 
     </span>
     <span class='ocr_line' id='line_1_11' title="bbox 96 706 804 748; baseline 0.001 -11"><span class='ocrx_word' id='word_1_52' title='bbox 96 717 231 748; x_wconf 77' lang='lat' dir='ltr'><strong>cunque</strong></span> <span class='ocrx_word' id='word_1_53' title='bbox 261 706 393 747; x_wconf 81' lang='lat' dir='ltr'><strong>recepit</strong></span> <span class='ocrx_word' id='word_1_54' title='bbox 422 706 571 747; x_wconf 86' lang='lat' dir='ltr'><strong>Apollo.&#39;</strong></span> <span class='ocrx_word' id='word_1_55' title='bbox 617 707 696 738; x_wconf 89' lang='lat' dir='ltr'><strong>Huc</strong></span> <span class='ocrx_word' id='word_1_56' title='bbox 714 706 804 738; x_wconf 89' lang='lat' dir='ltr'><strong>enim</strong></span> 
     </span>
     <span class='ocr_line' id='line_1_12' title="bbox 98 756 805 798; baseline 0 -10"><span class='ocrx_word' id='word_1_57' title='bbox 98 758 218 789; x_wconf 70' lang='lat' dir='ltr'><strong>Poetae</strong></span> <span class='ocrx_word' id='word_1_58' title='bbox 248 767 353 798; x_wconf 85' lang='lat' dir='ltr'><strong>opera</strong></span> <span class='ocrx_word' id='word_1_59' title='bbox 380 768 441 789; x_wconf 89' lang='lat' dir='ltr'><strong>sua</strong></span> <span class='ocrx_word' id='word_1_60' title='bbox 468 756 679 789; x_wconf 80' lang='lat' dir='ltr'><strong>deferebant.</strong></span> <span class='ocrx_word' id='word_1_61' title='bbox 727 758 805 797; x_wconf 86' lang='lat' dir='ltr'><strong>Vel,</strong></span> 
     </span>
     <span class='ocr_line' id='line_1_13' title="bbox 98 808 806 841; baseline -0.001 0"><span class='ocrx_word' id='word_1_62' title='bbox 98 808 201 841; x_wconf 82' lang='lat' dir='ltr'><strong>Quod</strong></span> <span class='ocrx_word' id='word_1_63' title='bbox 231 808 351 839; x_wconf 74' lang='lat' dir='ltr'><strong>Poe&#39;tae</strong></span> <span class='ocrx_word' id='word_1_64' title='bbox 378 818 451 840; x_wconf 87' lang='lat' dir='ltr'><strong>sese</strong></span> <span class='ocrx_word' id='word_1_65' title='bbox 480 818 590 840; x_wconf 84' lang='lat' dir='ltr'><strong>sacros</strong></span> <span class='ocrx_word' id='word_1_66' title='bbox 617 809 806 840; x_wconf 71' lang='grc' dir='ltr'>εῖἘνθέους</span> 
     </span>
     <span class='ocr_line' id='line_1_14' title="bbox 97 858 804 892; baseline 0.003 -3"><span class='ocrx_word' id='word_1_67' title='bbox 97 858 224 890; x_wconf 88' lang='lat' dir='ltr'><strong>dicant.</strong></span> <span class='ocrx_word' id='word_1_68' title='bbox 273 858 378 890; x_wconf 91' lang='lat' dir='ltr'><strong>Ovid.</strong></span> <span class='ocrx_word' id='word_1_69' title='bbox 405 859 521 891; x_wconf 83' lang='lat' dir='ltr'><strong>Amor.</strong></span> <span class='ocrx_word' id='word_1_70' title='bbox 545 869 601 892; x_wconf 87' lang='lat'>111.</span> <span class='ocrx_word' id='word_1_71' title='bbox 625 862 634 877; x_wconf 90' lang='lat'>‘</span> <span class='ocrx_word' id='word_1_72' title='bbox 653 859 700 891; x_wconf 81' lang='lat' dir='ltr'><strong>At</strong></span> <span class='ocrx_word' id='word_1_73' title='bbox 716 860 804 891; x_wconf 85' lang='lat' dir='ltr'><strong>sacri</strong></span> 
     </span>
     <span class='ocr_line' id='line_1_15' title="bbox 97 908 804 945; baseline 0.006 -7"><span class='ocrx_word' id='word_1_74' title='bbox 97 913 204 945; x_wconf 81' lang='lat' dir='ltr'><strong>vates,</strong></span> <span class='ocrx_word' id='word_1_75' title='bbox 231 912 265 939; x_wconf 88' lang='lat' dir='ltr'><strong>et</strong></span> <span class='ocrx_word' id='word_1_76' title='bbox 282 908 407 940; x_wconf 86' lang='lat' dir='ltr'><strong>Divum</strong></span> <span class='ocrx_word' id='word_1_77' title='bbox 424 919 505 941; x_wconf 87' lang='lat' dir='ltr'><strong>cura</strong></span> <span class='ocrx_word' id='word_1_78' title='bbox 523 910 704 941; x_wconf 86' lang='lat' dir='ltr'><strong>vocamur.’</strong></span> <span class='ocrx_word' id='word_1_79' title='bbox 741 911 804 942; x_wconf 81' lang='lat' dir='ltr'><strong>Lu-</strong></span> 
     </span>
     <span class='ocr_line' id='line_1_16' title="bbox 98 959 805 1001; baseline 0.006 -12"><span class='ocrx_word' id='word_1_80' title='bbox 98 959 334 1000; x_wconf 81' lang='lat' dir='ltr'><strong>biu.—Afferrc</strong></span> <span class='ocrx_word' id='word_1_81' title='bbox 368 970 488 992; x_wconf 82' lang='lat' dir='ltr'><strong>carmen</strong></span> <span class='ocrx_word' id='word_1_82' title='bbox 509 962 548 992; x_wconf 81' lang='lat' dir='ltr'><strong>ad</strong></span> <span class='ocrx_word' id='word_1_83' title='bbox 577 971 666 993; x_wconf 78' lang='lat' dir='ltr'><strong>sacra</strong></span> <span class='ocrx_word' id='word_1_84' title='bbox 689 966 805 1001; x_wconf 73' lang='lat' dir='ltr'><strong>ratum,</strong></span> 
     </span>
     <span class='ocr_line' id='line_1_17' title="bbox 100 1010 805 1052; baseline 0.003 -12"><span class='ocrx_word' id='word_1_85' title='bbox 100 1010 307 1050; x_wconf 82' lang='lat' dir='ltr'>generaliter</span> <span class='ocrx_word' id='word_1_86' title='bbox 331 1011 457 1051; x_wconf 86' lang='lat' dir='ltr'>exponi</span> <span class='ocrx_word' id='word_1_87' title='bbox 483 1016 611 1052; x_wconf 87' lang='lat' dir='ltr'><strong>potest,</strong></span> <span class='ocrx_word' id='word_1_88' title='bbox 637 1012 679 1042; x_wconf 89' lang='lat' dir='ltr'><strong>de</strong></span> <span class='ocrx_word' id='word_1_89' title='bbox 703 1013 805 1043; x_wconf 88' lang='lat' dir='ltr'><strong>omni-</strong></span> 
     </span>
     <span class='ocr_line' id='line_1_18' title="bbox 101 1060 805 1102; baseline 0.004 -11"><span class='ocrx_word' id='word_1_90' title='bbox 101 1060 161 1091; x_wconf 87' lang='lat' dir='ltr'><strong>bus</strong></span> <span class='ocrx_word' id='word_1_91' title='bbox 178 1061 235 1102; x_wconf 90' lang='lat' dir='ltr'><strong>qui</strong></span> <span class='ocrx_word' id='word_1_92' title='bbox 253 1061 417 1093; x_wconf 72' lang='lat' dir='ltr'><strong>Poemata</strong></span> <span class='ocrx_word' id='word_1_93' title='bbox 434 1072 493 1093; x_wconf 89' lang='lat' dir='ltr'><strong>sua</strong></span> <span class='ocrx_word' id='word_1_94' title='bbox 506 1062 701 1094; x_wconf 84' lang='lat' dir='ltr'><strong>recitabant</strong></span> <span class='ocrx_word' id='word_1_95' title='bbox 711 1067 805 1094; x_wconf 90' lang='lat' dir='ltr'><strong>vete-</strong></span> 
     </span>
     <span class='ocr_line' id='line_1_19' title="bbox 100 1113 804 1153; baseline 0.004 -12"><span class='ocrx_word' id='word_1_96' title='bbox 100 1120 173 1141; x_wconf 88' lang='lat' dir='ltr'><strong>rum</strong></span> <span class='ocrx_word' id='word_1_97' title='bbox 204 1120 309 1152; x_wconf 88' lang='lat' dir='ltr'><strong>more,</strong></span> <span class='ocrx_word' id='word_1_98' title='bbox 347 1116 406 1143; x_wconf 86' lang='lat' dir='ltr'><strong>aut</strong></span> <span class='ocrx_word' id='word_1_99' title='bbox 435 1113 536 1143; x_wconf 84' lang='lat' dir='ltr'><strong>aliter</strong></span> <span class='ocrx_word' id='word_1_100' title='bbox 564 1113 804 1153; x_wconf 81' lang='lat' dir='ltr'>publicabant:</span> 
     </span>
     <span class='ocr_line' id='line_1_20' title="bbox 101 1161 805 1202; baseline 0.004 -10"><span class='ocrx_word' id='word_1_101' title='bbox 101 1162 189 1202; x_wconf 89' lang='lat' dir='ltr'><strong>quod</strong></span> <span class='ocrx_word' id='word_1_102' title='bbox 203 1161 306 1202; x_wconf 84' lang='grc' dir='ltr'>φέρειν</span> <span class='ocrx_word' id='word_1_103' title='bbox 321 1161 362 1194; x_wconf 79' lang='grc' dir='ltr'><strong>εἷς</strong></span> <span class='ocrx_word' id='word_1_104' title='bbox 377 1162 473 1202; x_wconf 84' lang='grc' dir='ltr'>μέσον</span> <span class='ocrx_word' id='word_1_105' title='bbox 490 1164 575 1195; x_wconf 89' lang='lat' dir='ltr'><strong>dicit</strong></span> <span class='ocrx_word' id='word_1_106' title='bbox 588 1165 805 1195; x_wconf 80' lang='lat' dir='ltr'><strong>Plutarchus.</strong></span> 
     </span>
     <span class='ocr_line' id='line_1_21' title="bbox 99 1212 806 1254; baseline 0.004 -12"><span class='ocrx_word' id='word_1_107' title='bbox 99 1212 154 1242; x_wconf 79' lang='lat' dir='ltr'><strong>Sic</strong></span> <span class='ocrx_word' id='word_1_108' title='bbox 183 1212 238 1253; x_wconf 89' lang='lat' dir='ltr'><strong>qui</strong></span> <span class='ocrx_word' id='word_1_109' title='bbox 265 1213 438 1244; x_wconf 77' lang='lat' dir='ltr'>accenseri</span> <span class='ocrx_word' id='word_1_110' title='bbox 463 1223 602 1244; x_wconf 88' lang='lat' dir='ltr'><strong>numero</strong></span> <span class='ocrx_word' id='word_1_111' title='bbox 629 1213 806 1254; x_wconf 71' lang='lat' dir='ltr'><strong>poetarum</strong></span> 
     </span>
     <span class='ocr_line' id='line_1_22' title="bbox 101 1262 807 1302; baseline 0.006 -11"><span class='ocrx_word' id='word_1_112' title='bbox 101 1262 274 1302; x_wconf 71' lang='lat' dir='ltr'><strong>volebant,</strong></span> <span class='ocrx_word' id='word_1_113' title='bbox 292 1263 410 1295; x_wconf 80' lang='lat' dir='ltr'><strong>Poe&#39;tis</strong></span> <span class='ocrx_word' id='word_1_114' title='bbox 423 1264 577 1295; x_wconf 76' lang='lat' dir='ltr'><strong>carmina</strong></span> <span class='ocrx_word' id='word_1_115' title='bbox 589 1274 649 1295; x_wconf 83' lang='lat' dir='ltr'><strong>sua</strong></span> <span class='ocrx_word' id='word_1_116' title='bbox 660 1274 807 1295; x_wconf 89' lang='lat' dir='ltr'><strong>commu-</strong></span> 
     </span>
     <span class='ocr_line' id='line_1_23' title="bbox 101 1313 810 1356; baseline 0.004 -13"><span class='ocrx_word' id='word_1_117' title='bbox 101 1313 271 1352; x_wconf 88' lang='lat' dir='ltr'><strong>nicabant,</strong></span> <span class='ocrx_word' id='word_1_118' title='bbox 296 1319 333 1345; x_wconf 88' lang='lat' dir='ltr'><strong>et</strong></span> <span class='ocrx_word' id='word_1_119' title='bbox 351 1314 483 1354; x_wconf 81' lang='lat' dir='ltr'><strong>judicia</strong></span> <span class='ocrx_word' id='word_1_120' title='bbox 507 1315 641 1346; x_wconf 83' lang='lat' dir='ltr'><strong>illorum</strong></span> <span class='ocrx_word' id='word_1_121' title='bbox 658 1315 810 1356; x_wconf 81' lang='lat' dir='ltr'><strong>experie-</strong></span> 
     </span>
     <span class='ocr_line' id='line_1_24' title="bbox 104 1365 808 1406; baseline 0.004 -12"><span class='ocrx_word' id='word_1_122' title='bbox 104 1365 224 1396; x_wconf 70' lang='lat' dir='ltr'><strong>bantur</strong></span> <span class='ocrx_word' id='word_1_123' title='bbox 238 1375 245 1396; x_wconf 72' lang='grc' dir='ltr'>ε</span> <span class='ocrx_word' id='word_1_124' title='bbox 260 1365 333 1396; x_wconf 86' lang='lat' dir='ltr'><strong>haec</strong></span> <span class='ocrx_word' id='word_1_125' title='bbox 347 1370 420 1396; x_wconf 85' lang='lat' dir='ltr'><strong>erat</strong></span> <span class='ocrx_word' id='word_1_126' title='bbox 430 1366 565 1397; x_wconf 87' lang='lat' dir='ltr'><strong>illorum</strong></span> <span class='ocrx_word' id='word_1_127' title='bbox 577 1366 744 1406; x_wconf 73' lang='grc' dir='ltr'>ἀπογραφὴ</span> <span class='ocrx_word' id='word_1_128' title='bbox 759 1365 808 1397; x_wconf 76' lang='grc' dir='ltr'><strong>καὶ</strong></span> 
     </span>
     <span class='ocr_line' id='line_1_25' title="bbox 102 1412 811 1455; baseline 0.004 -11"><span class='ocrx_word' id='word_1_129' title='bbox 102 1412 248 1455; x_wconf 71' lang='grc' dir='ltr'>ἔγκρισις.</span> <span class='ocrx_word' id='word_1_130' title='bbox 295 1416 478 1447; x_wconf 85' lang='lat' dir='ltr'><strong>Commune</strong></span> <span class='ocrx_word' id='word_1_131' title='bbox 507 1422 559 1448; x_wconf 80' lang='lat' dir='ltr'><strong>est</strong></span> <span class='ocrx_word' id='word_1_132' title='bbox 587 1418 732 1447; x_wconf 86' lang='lat' dir='ltr'><strong>omnium</strong></span> <span class='ocrx_word' id='word_1_133' title='bbox 761 1427 811 1447; x_wconf 86' lang='lat' dir='ltr'><strong>ar-</strong></span> 
     </span>
     <span class='ocr_line' id='line_1_26' title="bbox 103 1465 810 1508; baseline 0.004 -13"><span class='ocrx_word' id='word_1_134' title='bbox 103 1465 186 1495; x_wconf 89' lang='lat' dir='ltr'><strong>tium</strong></span> <span class='ocrx_word' id='word_1_135' title='bbox 216 1470 254 1496; x_wconf 91' lang='lat' dir='ltr'><strong>ut</strong></span> <span class='ocrx_word' id='word_1_136' title='bbox 280 1475 378 1496; x_wconf 86' lang='lat' dir='ltr'><strong>sacra</strong></span> <span class='ocrx_word' id='word_1_137' title='bbox 400 1466 550 1498; x_wconf 84' lang='lat' dir='ltr'>habeant</span> <span class='ocrx_word' id='word_1_138' title='bbox 575 1467 638 1497; x_wconf 86' lang='lat' dir='ltr'><strong>sibi</strong></span> <span class='ocrx_word' id='word_1_139' title='bbox 659 1467 810 1508; x_wconf 78' lang='lat' dir='ltr'><strong>propria.</strong></span> 
     </span>
     <span class='ocr_line' id='line_1_27' title="bbox 107 1514 810 1557; baseline 0.003 -12"><span class='ocrx_word' id='word_1_140' title='bbox 107 1514 431 1556; x_wconf 81' lang='lat' dir='ltr'><strong>Casaub.—Carmen,</strong></span> <span class='ocrx_word' id='word_1_141' title='bbox 445 1516 514 1556; x_wconf 54' lang='lat'><strong>3⁴0]</strong></span> <span class='ocrx_word' id='word_1_142' title='bbox 549 1516 588 1547; x_wconf 77' lang='lat' dir='ltr'><strong>Id</strong></span> <span class='ocrx_word' id='word_1_143' title='bbox 606 1522 669 1557; x_wconf 76' lang='lat' dir='ltr'><strong>est,</strong></span> <span class='ocrx_word' id='word_1_144' title='bbox 683 1518 810 1548; x_wconf 79' lang='lat' dir='ltr'><strong>Versus</strong></span> 
     </span>
     <span class='ocr_line' id='line_1_28' title="bbox 103 1565 811 1607; baseline 0.003 -12"><span class='ocrx_word' id='word_1_145' title='bbox 103 1565 204 1596; x_wconf 88' lang='lat' dir='ltr'><strong>hodie</strong></span> <span class='ocrx_word' id='word_1_146' title='bbox 220 1565 375 1605; x_wconf 77' lang='lat' dir='ltr'><strong>rusticos,</strong></span> <span class='ocrx_word' id='word_1_147' title='bbox 399 1572 435 1596; x_wconf 90' lang='lat' dir='ltr'><strong>et</strong></span> <span class='ocrx_word' id='word_1_148' title='bbox 451 1567 637 1606; x_wconf 75' lang='lat' dir='ltr'><strong>Satyricos,</strong></span> <span class='ocrx_word' id='word_1_149' title='bbox 650 1566 811 1607; x_wconf 81' lang='lat' dir='ltr'><strong>profanos</strong></span> 
     </span>
     <span class='ocr_line' id='line_1_29' title="bbox 103 1615 812 1658; baseline 0.003 -12"><span class='ocrx_word' id='word_1_150' title='bbox 103 1619 140 1646; x_wconf 88' lang='lat' dir='ltr'><strong>et</strong></span> <span class='ocrx_word' id='word_1_151' title='bbox 173 1615 518 1657; x_wconf 72' lang='lat' dir='ltr'><strong>plebeios.-Adfero]</strong></span> <span class='ocrx_word' id='word_1_152' title='bbox 563 1617 669 1650; x_wconf 81' lang='lat' dir='ltr'><strong>Quasi</strong></span> <span class='ocrx_word' id='word_1_153' title='bbox 707 1616 812 1658; x_wconf 85' lang='lat' dir='ltr'><strong>dicat,</strong></span> 
     </span>
     <span class='ocr_line' id='line_1_30' title="bbox 105 1664 812 1707; baseline 0.004 -12"><span class='ocrx_word' id='word_1_154' title='bbox 105 1664 273 1705; x_wconf 82' lang='lat' dir='ltr'><strong>Adporto,</strong></span> <span class='ocrx_word' id='word_1_155' title='bbox 299 1670 340 1697; x_wconf 49' lang='lat' dir='ltr'><strong>‘ut</strong></span> <span class='ocrx_word' id='word_1_156' title='bbox 364 1675 440 1697; x_wconf 85' lang='lat' dir='ltr'><strong>mea</strong></span> <span class='ocrx_word' id='word_1_157' title='bbox 457 1666 597 1707; x_wconf 81' lang='lat' dir='ltr'><strong>profana</strong></span> <span class='ocrx_word' id='word_1_158' title='bbox 614 1677 691 1698; x_wconf 84' lang='lat' dir='ltr'><strong>cum</strong></span> <span class='ocrx_word' id='word_1_159' title='bbox 707 1668 812 1698; x_wconf 88' lang='lat' dir='ltr'><strong>sacris</strong></span> 
     </span>
     <span class='ocr_line' id='line_1_31' title="bbox 102 1716 810 1757; baseline 0.004 -11"><span class='ocrx_word' id='word_1_160' title='bbox 102 1716 320 1757; x_wconf 85' lang='lat' dir='ltr'><strong>conjungam.</strong></span> <span class='ocrx_word' id='word_1_161' title='bbox 336 1716 485 1748; x_wconf 76' lang='lat' dir='ltr'><strong>Lubinus.</strong></span> <span class='ocrx_word' id='word_1_162' title='bbox 501 1718 679 1750; x_wconf 83' lang='lat' dir='ltr'><strong>Turnebus</strong></span> <span class='ocrx_word' id='word_1_163' title='bbox 691 1727 768 1749; x_wconf 81' lang='lat' dir='ltr'><strong>xxi.</strong></span> <span class='ocrx_word' id='word_1_164' title='bbox 779 1721 810 1749; x_wconf 86' lang='grc'><strong>6.</strong></span> 
     </span>
    </p>

    <p class='ocr_par' dir='ltr' id='par_1_4' title="bbox 104 1766 819 2770">
     <span class='ocr_line' id='line_1_32' title="bbox 148 1766 811 1808; baseline 0.005 -12"><span class='ocrx_word' id='word_1_165' title='bbox 148 1769 168 1796; x_wconf 81' lang='lat'>8</span> <span class='ocrx_word' id='word_1_166' title='bbox 194 1766 285 1807; x_wconf 71' lang='lat' dir='ltr'><strong>Quis,</strong></span> <span class='ocrx_word' id='word_1_167' title='bbox 309 1766 379 1807; x_wconf 61' lang='lat' dir='ltr'><strong>ssa]</strong></span> <span class='ocrx_word' id='word_1_168' title='bbox 428 1769 490 1799; x_wconf 89' lang='lat' dir='ltr'><strong>Est</strong></span> <span class='ocrx_word' id='word_1_169' title='bbox 528 1767 811 1808; x_wconf 74' lang='lat' dir='ltr'><strong>Anthypophora,</strong></span> 
     </span>
     <span class='ocr_line' id='line_1_33' title="bbox 106 1817 812 1858; baseline 0.003 -12"><span class='ocrx_word' id='word_1_170' title='bbox 106 1817 201 1856; x_wconf 71' lang='lat' dir='ltr'><strong>quasi</strong></span> <span class='ocrx_word' id='word_1_171' title='bbox 219 1817 292 1858; x_wconf 85' lang='lat' dir='ltr'><strong>quis</strong></span> <span class='ocrx_word' id='word_1_172' title='bbox 316 1817 428 1849; x_wconf 86' lang='lat' dir='ltr'><strong>dicat:</strong></span> <span class='ocrx_word' id='word_1_173' title='bbox 466 1819 646 1851; x_wconf 83' lang='lat' dir='ltr'><strong>Quomodo</strong></span> <span class='ocrx_word' id='word_1_174' title='bbox 675 1828 812 1850; x_wconf 85' lang='lat' dir='ltr'><strong>carmen</strong></span> 
     </span>
     <span class='ocr_line' id='line_1_34' title="bbox 109 1866 813 1908; baseline 0.003 -10"><span class='ocrx_word' id='word_1_175' title='bbox 109 1866 228 1898; x_wconf 53' lang='lat' dir='ltr'><strong>scribis</strong></span> <span class='ocrx_word' id='word_1_176' title='bbox 246 1877 322 1898; x_wconf 88' lang='lat' dir='ltr'><strong>cum</strong></span> <span class='ocrx_word' id='word_1_177' title='bbox 339 1868 383 1898; x_wconf 84' lang='lat' dir='ltr'><strong>sis</strong></span> <span class='ocrx_word' id='word_1_178' title='bbox 402 1869 660 1908; x_wconf 81' lang='lat' dir='ltr'><strong>semipagauus?</strong></span> <span class='ocrx_word' id='word_1_179' title='bbox 698 1870 813 1900; x_wconf 88' lang='lat' dir='ltr'><strong>Ratio-</strong></span> 
     </span>
     <span class='ocr_line' id='line_1_35' title="bbox 109 1917 814 1960; baseline 0.006 -14"><span class='ocrx_word' id='word_1_180' title='bbox 109 1927 183 1948; x_wconf 86' lang='lat' dir='ltr'><strong>nem</strong></span> <span class='ocrx_word' id='word_1_181' title='bbox 201 1921 234 1947; x_wconf 82' lang='lat' dir='ltr'><strong>et</strong></span> <span class='ocrx_word' id='word_1_182' title='bbox 251 1927 387 1949; x_wconf 86' lang='lat' dir='ltr'><strong>causam</strong></span> <span class='ocrx_word' id='word_1_183' title='bbox 404 1917 608 1950; x_wconf 86' lang='lat' dir='ltr'><strong>efficientem</strong></span> <span class='ocrx_word' id='word_1_184' title='bbox 632 1921 742 1960; x_wconf 89' lang='lat' dir='ltr'><strong>ponit,</strong></span> <span class='ocrx_word' id='word_1_185' title='bbox 756 1919 814 1950; x_wconf 89' lang='lat' dir='ltr'><strong>ad-</strong></span> 
     </span>
     <span class='ocr_line' id='line_1_36' title="bbox 104 1967 816 2009; baseline 0.004 -12"><span class='ocrx_word' id='word_1_186' title='bbox 104 1967 259 2008; x_wconf 82' lang='lat' dir='ltr'><strong>junctam</strong></span> <span class='ocrx_word' id='word_1_187' title='bbox 273 1978 365 1998; x_wconf 87' lang='lat' dir='ltr'><strong>suam</strong></span> <span class='ocrx_word' id='word_1_188' title='bbox 380 1967 515 2009; x_wconf 79' lang='lat' dir='ltr'><strong>famem,</strong></span> <span class='ocrx_word' id='word_1_189' title='bbox 525 1969 719 2000; x_wconf 75' lang='lat' dir='ltr'><strong>famelicum</strong></span> <span class='ocrx_word' id='word_1_190' title='bbox 735 1980 816 2000; x_wconf 88' lang='lat' dir='ltr'><strong>ven-</strong></span> 
     </span>
     <span class='ocr_line' id='line_1_37' title="bbox 108 2019 814 2059; baseline 0.001 -10"><span class='ocrx_word' id='word_1_191' title='bbox 108 2024 195 2050; x_wconf 82' lang='lat' dir='ltr'><strong>trem</strong></span> <span class='ocrx_word' id='word_1_192' title='bbox 212 2023 247 2049; x_wconf 88' lang='lat' dir='ltr'><strong>et</strong></span> <span class='ocrx_word' id='word_1_193' title='bbox 263 2019 425 2059; x_wconf 91' lang='lat' dir='ltr'><strong>inopiam.</strong></span> <span class='ocrx_word' id='word_1_194' title='bbox 472 2020 577 2053; x_wconf 82' lang='lat' dir='ltr'><strong>Quasi</strong></span> <span class='ocrx_word' id='word_1_195' title='bbox 591 2020 683 2051; x_wconf 85' lang='lat' dir='ltr'><strong>dicat</strong></span> <span class='ocrx_word' id='word_1_196' title='bbox 698 2031 704 2050; x_wconf 91' lang='lat'>:</span> <span class='ocrx_word' id='word_1_197' title='bbox 728 2021 814 2053; x_wconf 79' lang='lat' dir='ltr'><strong>Quis</strong></span> 
     </span>
     <span class='ocr_line' id='line_1_38' title="bbox 110 2069 814 2111; baseline 0.006 -13"><span class='ocrx_word' id='word_1_198' title='bbox 110 2069 292 2107; x_wconf 72' lang='lat' dir='ltr'><strong>psittacum</strong></span> <span class='ocrx_word' id='word_1_199' title='bbox 308 2078 422 2100; x_wconf 84' lang='lat' dir='ltr'><strong>vocem</strong></span> <span class='ocrx_word' id='word_1_200' title='bbox 436 2070 611 2102; x_wconf 81' lang='lat' dir='ltr'><strong>humanam</strong></span> <span class='ocrx_word' id='word_1_201' title='bbox 627 2073 717 2111; x_wconf 80' lang='grc' dir='ltr'>χαῖρε</span> <span class='ocrx_word' id='word_1_202' title='bbox 738 2081 814 2111; x_wconf 82' lang='lat' dir='ltr'><strong>pro-</strong></span> 
     </span>
     <span class='ocr_line' id='line_1_39' title="bbox 111 2118 816 2158; baseline 0.009 -11"><span class='ocrx_word' id='word_1_203' title='bbox 111 2118 407 2158; x_wconf 79' lang='lat' dir='ltr'><strong>nunciarejussit?</strong></span> <span class='ocrx_word' id='word_1_204' title='bbox 446 2119 615 2150; x_wconf 87' lang='lat' dir='ltr'><strong>Nimirum</strong></span> <span class='ocrx_word' id='word_1_205' title='bbox 643 2120 749 2152; x_wconf 84' lang='lat' dir='ltr'><strong>fames</strong></span> <span class='ocrx_word' id='word_1_206' title='bbox 780 2127 816 2153; x_wconf 85' lang='lat' dir='ltr'><strong>et</strong></span> 
     </span>
     <span class='ocr_line' id='line_1_40' title="bbox 111 2168 815 2202; baseline 0.007 -5"><span class='ocrx_word' id='word_1_207' title='bbox 111 2173 244 2199; x_wconf 80' lang='lat' dir='ltr'><strong>venter.</strong></span> <span class='ocrx_word' id='word_1_208' title='bbox 290 2168 373 2200; x_wconf 83' lang='lat' dir='ltr'><strong>Quis</strong></span> <span class='ocrx_word' id='word_1_209' title='bbox 387 2179 440 2199; x_wconf 83' lang='lat' dir='ltr'><strong>ine</strong></span> <span class='ocrx_word' id='word_1_210' title='bbox 452 2169 567 2200; x_wconf 86' lang='lat' dir='ltr'><strong>docuit</strong></span> <span class='ocrx_word' id='word_1_211' title='bbox 583 2180 720 2202; x_wconf 85' lang='lat' dir='ltr'><strong>carmen</strong></span> <span class='ocrx_word' id='word_1_212' title='bbox 734 2172 815 2202; x_wconf 80' lang='lat' dir='ltr'><strong>scri-</strong></span> 
     </span>
     <span class='ocr_line' id='line_1_41' title="bbox 111 2218 814 2253; baseline 0.009 -6"><span class='ocrx_word' id='word_1_213' title='bbox 111 2218 191 2249; x_wconf 87' lang='lat' dir='ltr'><strong>bere</strong></span> <span class='ocrx_word' id='word_1_214' title='bbox 212 2218 224 2247; x_wconf 88' lang='lat'>?</span> <span class='ocrx_word' id='word_1_215' title='bbox 270 2218 437 2249; x_wconf 80' lang='lat' dir='ltr'><strong>Nimirum</strong></span> <span class='ocrx_word' id='word_1_216' title='bbox 474 2218 646 2252; x_wconf 83' lang='lat' dir='ltr'><strong>famelicus</strong></span> <span class='ocrx_word' id='word_1_217' title='bbox 685 2226 814 2253; x_wconf 82' lang='lat' dir='ltr'><strong>venter.</strong></span> 
     </span>
     <span class='ocr_line' id='line_1_42' title="bbox 112 2269 813 2311; baseline 0.007 -13"><span class='ocrx_word' id='word_1_218' title='bbox 112 2269 225 2299; x_wconf 79' lang='lat' dir='ltr'><strong>Vexat</strong></span> <span class='ocrx_word' id='word_1_219' title='bbox 241 2273 276 2299; x_wconf 91' lang='lat' dir='ltr'><strong>et</strong></span> <span class='ocrx_word' id='word_1_220' title='bbox 293 2269 346 2299; x_wconf 81' lang='lat' dir='ltr'><strong>hic</strong></span> <span class='ocrx_word' id='word_1_221' title='bbox 373 2269 435 2299; x_wconf 86' lang='lat' dir='ltr'><strong>sub</strong></span> <span class='ocrx_word' id='word_1_222' title='bbox 465 2279 523 2300; x_wconf 85' lang='lat' dir='ltr'><strong>sua</strong></span> <span class='ocrx_word' id='word_1_223' title='bbox 554 2280 698 2311; x_wconf 85' lang='lat' dir='ltr'><strong>persona</strong></span> <span class='ocrx_word' id='word_1_224' title='bbox 719 2273 813 2304; x_wconf 88' lang='lat' dir='ltr'><strong>alios.</strong></span> 
     </span>
     <span class='ocr_line' id='line_1_43' title="bbox 114 2321 815 2362; baseline 0.007 -12"><span class='ocrx_word' id='word_1_225' title='bbox 114 2321 283 2352; x_wconf 77' lang='lat' dir='ltr'><strong>Dicuntur</strong></span> <span class='ocrx_word' id='word_1_226' title='bbox 313 2331 395 2362; x_wconf 82' lang='lat' dir='ltr'><strong>ergo</strong></span> <span class='ocrx_word' id='word_1_227' title='bbox 418 2323 491 2353; x_wconf 82' lang='lat' dir='ltr'><strong>haec</strong></span> <span class='ocrx_word' id='word_1_228' title='bbox 520 2323 603 2354; x_wconf 85' lang='lat' dir='ltr'><strong>miro</strong></span> <span class='ocrx_word' id='word_1_229' title='bbox 621 2324 764 2355; x_wconf 87' lang='lat' dir='ltr'><strong>artificio</strong></span> <span class='ocrx_word' id='word_1_230' title='bbox 782 2325 815 2355; x_wconf 84' lang='lat' dir='ltr'><strong>in</strong></span> 
     </span>
     <span class='ocr_line' id='line_1_44' title="bbox 112 2372 818 2413; baseline 0.006 -11"><span class='ocrx_word' id='word_1_231' title='bbox 112 2376 342 2403; x_wconf 78' lang='lat' dir='ltr'><strong>assentatores</strong></span> <span class='ocrx_word' id='word_1_232' title='bbox 373 2372 548 2413; x_wconf 83' lang='lat' dir='ltr'><strong>quosdam,</strong></span> <span class='ocrx_word' id='word_1_233' title='bbox 571 2379 606 2406; x_wconf 87' lang='lat' dir='ltr'><strong>et</strong></span> <span class='ocrx_word' id='word_1_234' title='bbox 629 2375 818 2405; x_wconf 78' lang='lat' dir='ltr'><strong>Parasitas-</strong></span> 
     </span>
     <span class='ocr_line' id='line_1_45' title="bbox 116 2422 817 2464; baseline 0.006 -12"><span class='ocrx_word' id='word_1_235' title='bbox 116 2427 187 2453; x_wconf 81' lang='lat' dir='ltr'><strong>tros</strong></span> <span class='ocrx_word' id='word_1_236' title='bbox 221 2423 358 2461; x_wconf 59' lang='lat' dir='ltr'><strong>poetas,</strong></span> <span class='ocrx_word' id='word_1_237' title='bbox 381 2424 438 2464; x_wconf 88' lang='lat' dir='ltr'><strong>qui</strong></span> <span class='ocrx_word' id='word_1_238' title='bbox 455 2422 603 2455; x_wconf 78' lang='lat' dir='ltr'><strong>famelici</strong></span> <span class='ocrx_word' id='word_1_239' title='bbox 620 2425 748 2456; x_wconf 80' lang='lat' dir='ltr'><strong>ventris</strong></span> <span class='ocrx_word' id='word_1_240' title='bbox 761 2434 817 2456; x_wconf 81' lang='lat' dir='ltr'><strong>ex-</strong></span> 
     </span>
     <span class='ocr_line' id='line_1_46' title="bbox 114 2473 819 2516; baseline 0.006 -14"><span class='ocrx_word' id='word_1_241' title='bbox 114 2473 231 2512; x_wconf 74' lang='lat' dir='ltr'><strong>plendi</strong></span> <span class='ocrx_word' id='word_1_242' title='bbox 263 2474 382 2513; x_wconf 81' lang='lat' dir='ltr'><strong>gratia,</strong></span> <span class='ocrx_word' id='word_1_243' title='bbox 411 2474 582 2505; x_wconf 74' lang='lat' dir='ltr'><strong>mollit-ulo</strong></span> <span class='ocrx_word' id='word_1_244' title='bbox 610 2475 723 2516; x_wconf 89' lang='lat' dir='ltr'><strong>aliquo</strong></span> <span class='ocrx_word' id='word_1_245' title='bbox 747 2486 819 2506; x_wconf 87' lang='lat' dir='ltr'><strong>car-</strong></span> 
     </span>
     <span class='ocr_line' id='line_1_47' title="bbox 115 2523 818 2564; baseline 0.007 -12"><span class='ocrx_word' id='word_1_246' title='bbox 115 2523 205 2554; x_wconf 83' lang='lat' dir='ltr'><strong>mine</strong></span> <span class='ocrx_word' id='word_1_247' title='bbox 234 2523 397 2555; x_wconf 85' lang='lat' dir='ltr'><strong>divitibus</strong></span> <span class='ocrx_word' id='word_1_248' title='bbox 421 2526 570 2564; x_wconf 85' lang='lat' dir='ltr'><strong>patronis</strong></span> <span class='ocrx_word' id='word_1_249' title='bbox 595 2526 662 2556; x_wconf 77' lang='lat' dir='ltr'><strong>suis</strong></span> <span class='ocrx_word' id='word_1_250' title='bbox 678 2526 818 2557; x_wconf 86' lang='lat' dir='ltr'><strong>adblan-</strong></span> 
     </span>
     <span class='ocr_line' id='line_1_48' title="bbox 117 2572 817 2609; baseline 0.01 -7"><span class='ocrx_word' id='word_1_251' title='bbox 117 2572 308 2606; x_wconf 86' lang='lat' dir='ltr'><strong>diebantur.</strong></span> <span class='ocrx_word' id='word_1_252' title='bbox 353 2576 453 2607; x_wconf 82' lang='lat' dir='ltr'><strong>Quod</strong></span> <span class='ocrx_word' id='word_1_253' title='bbox 481 2582 600 2607; x_wconf 81' lang='lat' dir='ltr'><strong>auctor</strong></span> <span class='ocrx_word' id='word_1_254' title='bbox 623 2583 739 2609; x_wconf 79' lang='lat' dir='ltr'><strong>noster</strong></span> <span class='ocrx_word' id='word_1_255' title='bbox 756 2588 817 2609; x_wconf 91' lang='lat' dir='ltr'><strong>uec</strong></span> 
     </span>
     <span class='ocr_line' id='line_1_49' title="bbox 118 2622 819 2670; baseline 0.009 -18"><span class='ocrx_word' id='word_1_256' title='bbox 118 2622 238 2662; x_wconf 89' lang='lat' dir='ltr'><strong>voluit,</strong></span> <span class='ocrx_word' id='word_1_257' title='bbox 275 2633 338 2655; x_wconf 87' lang='lat' dir='ltr'><strong>nec</strong></span> <span class='ocrx_word' id='word_1_258' title='bbox 377 2636 462 2667; x_wconf 77' lang='lat' dir='ltr'><strong>opus</strong></span> <span class='ocrx_word' id='word_1_259' title='bbox 497 2627 637 2666; x_wconf 80' lang='lat' dir='ltr'><strong>habuit3</strong></span> <span class='ocrx_word' id='word_1_260' title='bbox 684 2634 722 2660; x_wconf 92' lang='lat' dir='ltr'><strong>ut</strong></span> <span class='ocrx_word' id='word_1_261' title='bbox 762 2629 819 2670; x_wconf 89' lang='lat' dir='ltr'><strong>qui</strong></span> 
     </span>
     <span class='ocr_line' id='line_1_50' title="bbox 119 2673 819 2718; baseline 0.011 -16"><span class='ocrx_word' id='word_1_262' title='bbox 119 2681 222 2713; x_wconf 84' lang='lat' dir='ltr'><strong>eques</strong></span> <span class='ocrx_word' id='word_1_263' title='bbox 252 2673 421 2706; x_wconf 77' lang='lat' dir='ltr'><strong>Romanus</strong></span> <span class='ocrx_word' id='word_1_264' title='bbox 458 2676 641 2708; x_wconf 85' lang='lat' dir='ltr'><strong>ditissimus</strong></span> <span class='ocrx_word' id='word_1_265' title='bbox 678 2677 754 2718; x_wconf 84' lang='lat' dir='ltr'><strong>fuit,</strong></span> <span class='ocrx_word' id='word_1_266' title='bbox 784 2684 819 2710; x_wconf 84' lang='lat' dir='ltr'><strong>ct</strong></span> 
     </span>
     <span class='ocr_line' id='line_1_51' title="bbox 116 2726 817 2770; baseline 0.014 -19"><span class='ocrx_word' id='word_1_267' title='bbox 116 2727 195 2763; x_wconf 77' lang='lat' dir='ltr'><strong>post</strong></span> <span class='ocrx_word' id='word_1_268' title='bbox 212 2726 354 2753; x_wconf 81' lang='lat' dir='ltr'><strong>moi-tem</strong></span> <span class='ocrx_word' id='word_1_269' title='bbox 373 2728 578 2766; x_wconf 66' lang='lat' dir='ltr'><strong>praeceptori</strong></span> <span class='ocrx_word' id='word_1_270' title='bbox 591 2738 650 2760; x_wconf 90' lang='lat' dir='ltr'><strong>suo</strong></span> <span class='ocrx_word' id='word_1_271' title='bbox 664 2732 817 2770; x_wconf 82' lang='lat'>250‚000.</span> 
     </span>
    </p>

    <p class='ocr_par' dir='ltr' id='par_1_5' title="bbox 205 2775 556 2816">
     <span class='ocr_line' id='line_1_52' title="bbox 205 2775 556 2816; baseline 0.011 -9"><span class='ocrx_word' id='word_1_272' title='bbox 205 2775 319 2816; x_wconf 78' lang='lat' dir='ltr'><strong>Delph.</strong></span> <span class='ocrx_word' id='word_1_273' title='bbox 334 2779 365 2807; x_wconf 77' lang='lat' dir='ltr'><strong>et</strong></span> <span class='ocrx_word' id='word_1_274' title='bbox 385 2777 458 2808; x_wconf 82' lang='lat' dir='ltr'><strong>Var.</strong></span> <span class='ocrx_word' id='word_1_275' title='bbox 471 2779 556 2811; x_wconf 77' lang='lat' dir='ltr'><strong>Clas.</strong></span> 
     </span>
    </p>
   </div>
   <div class='ocr_carea' id='block_1_3' title="bbox 1471 145 1557 187">
    <p class='ocr_par' dir='ltr' id='par_1_6' title="bbox 1471 145 1557 187">
     <span class='ocr_line' id='line_1_53' title="bbox 1471 145 1557 187; baseline 0.012 -1"><span class='ocrx_word' id='word_1_276' title='bbox 1471 145 1557 187; x_wconf 79' lang='lat'><strong>1923</strong></span> 
     </span>
    </p>
   </div>
   <div class='ocr_carea' id='block_1_4' title="bbox 850 248 1574 2769">
    <p class='ocr_par' dir='ltr' id='par_1_7' title="bbox 850 248 1570 1709">
     <span class='ocr_line' id='line_1_54' title="bbox 851 248 1559 291; baseline 0.001 -11"><span class='ocrx_word' id='word_1_277' title='bbox 851 249 889 291; x_wconf 84' lang='lat' dir='ltr'><strong>(i.</strong></span> <span class='ocrx_word' id='word_1_278' title='bbox 922 260 952 282; x_wconf 90' lang='lat' dir='ltr'><strong>c.</strong></span> <span class='ocrx_word' id='word_1_279' title='bbox 982 250 1126 281; x_wconf 75' lang='lat' dir='ltr'><strong>Ducenta</strong></span> <span class='ocrx_word' id='word_1_280' title='bbox 1155 253 1185 281; x_wconf 77' lang='lat' dir='ltr'><strong>et</strong></span> <span class='ocrx_word' id='word_1_281' title='bbox 1214 248 1438 291; x_wconf 77' lang='lat' dir='ltr'><strong>quinquaginta</strong></span> <span class='ocrx_word' id='word_1_282' title='bbox 1460 250 1559 282; x_wconf 81' lang='lat' dir='ltr'><strong>millia</strong></span> 
     </span>
     <span class='ocr_line' id='line_1_55' title="bbox 853 299 1560 342; baseline 0.003 -11"><span class='ocrx_word' id='word_1_283' title='bbox 853 301 965 332; x_wconf 81' lang='lat' dir='ltr'><strong>coron.</strong></span> <span class='ocrx_word' id='word_1_284' title='bbox 991 299 1199 342; x_wconf 77' lang='lat' dir='ltr'><strong>Gallicorum)</strong></span> <span class='ocrx_word' id='word_1_285' title='bbox 1228 300 1419 342; x_wconf 82' lang='lat' dir='ltr'><strong>relinquere</strong></span> <span class='ocrx_word' id='word_1_286' title='bbox 1434 301 1560 342; x_wconf 85' lang='lat' dir='ltr'><strong>potuit.</strong></span> 
     </span>
     <span class='ocr_line' id='line_1_56' title="bbox 852 350 1560 393; baseline 0.003 -13"><span class='ocrx_word' id='word_1_287' title='bbox 852 351 988 390; x_wconf 67' lang='lat' dir='ltr'><strong>—Quz&#39;s,</strong></span> <span class='ocrx_word' id='word_1_288' title='bbox 1019 350 1089 391; x_wconf 50' lang='grc' dir='ltr'><strong>δρα]</strong></span> <span class='ocrx_word' id='word_1_289' title='bbox 1134 351 1174 381; x_wconf 86' lang='lat' dir='ltr'><strong>Id</strong></span> <span class='ocrx_word' id='word_1_290' title='bbox 1202 355 1266 391; x_wconf 86' lang='lat' dir='ltr'><strong>est,</strong></span> <span class='ocrx_word' id='word_1_291' title='bbox 1294 351 1377 384; x_wconf 83' lang='lat' dir='ltr'><strong>Quis</strong></span> <span class='ocrx_word' id='word_1_292' title='bbox 1401 350 1560 393; x_wconf 83' lang='lat' dir='ltr'><strong>perfecit,</strong></span> 
     </span>
     <span class='ocr_line' id='line_1_57' title="bbox 853 401 1561 442; baseline 0.004 -11"><span class='ocrx_word' id='word_1_293' title='bbox 853 401 1010 438; x_wconf 84' lang='lat' dir='ltr'><strong>absolvit,</strong></span> <span class='ocrx_word' id='word_1_294' title='bbox 1027 406 1063 432; x_wconf 74' lang='lat' dir='ltr'><strong>et</strong></span> <span class='ocrx_word' id='word_1_295' title='bbox 1079 402 1242 441; x_wconf 85' lang='lat' dir='ltr'><strong>expedite</strong></span> <span class='ocrx_word' id='word_1_296' title='bbox 1260 403 1486 442; x_wconf 84' lang='lat' dir='ltr'><strong>pronunciare</strong></span> <span class='ocrx_word' id='word_1_297' title='bbox 1503 402 1561 434; x_wconf 89' lang='lat' dir='ltr'><strong>de·</strong></span> 
     </span>
     <span class='ocr_line' id='line_1_58' title="bbox 854 451 1559 494; baseline 0.007 -14"><span class='ocrx_word' id='word_1_298' title='bbox 854 451 1068 490; x_wconf 83' lang='lat' dir='ltr'><strong>monstravit,</strong></span> <span class='ocrx_word' id='word_1_299' title='bbox 1105 452 1186 482; x_wconf 88' lang='lat' dir='ltr'><strong>illud</strong></span> <span class='ocrx_word' id='word_1_300' title='bbox 1215 462 1311 483; x_wconf 83' lang='lat' dir='ltr'><strong>suum</strong></span> <span class='ocrx_word' id='word_1_301' title='bbox 1337 454 1439 494; x_wconf 82' lang='grc' dir='ltr'>χαῖρε,</span> <span class='ocrx_word' id='word_1_302' title='bbox 1466 453 1559 485; x_wconf 85' lang='lat' dir='ltr'><strong>salve</strong></span> 
     </span>
     <span class='ocr_line' id='line_1_59' title="bbox 856 501 1563 545; baseline 0.007 -14"><span class='ocrx_word' id='word_1_303' title='bbox 856 502 909 531; x_wconf 85' lang='lat' dir='ltr'><strong>vel</strong></span> <span class='ocrx_word' id='word_1_304' title='bbox 927 511 999 534; x_wconf 81' lang='lat' dir='ltr'><strong>ave.</strong></span> <span class='ocrx_word' id='word_1_305' title='bbox 1046 501 1194 534; x_wconf 88' lang='lat' dir='ltr'><strong>Possunt</strong></span> <span class='ocrx_word' id='word_1_306' title='bbox 1216 503 1290 534; x_wconf 76' lang='lat' dir='ltr'><strong>haec</strong></span> <span class='ocrx_word' id='word_1_307' title='bbox 1315 503 1498 545; x_wconf 87' lang='lat' dir='ltr'><strong>dupliciter</strong></span> <span class='ocrx_word' id='word_1_308' title='bbox 1513 504 1563 535; x_wconf 87' lang='lat' dir='ltr'><strong>in·</strong></span> 
     </span>
     <span class='ocr_line' id='line_1_60' title="bbox 855 550 1562 595; baseline 0.008 -15"><span class='ocrx_word' id='word_1_309' title='bbox 855 550 975 591; x_wconf 86' lang='lat' dir='ltr'><strong>telligi‚</strong></span> <span class='ocrx_word' id='word_1_310' title='bbox 994 551 1045 582; x_wconf 88' lang='lat' dir='ltr'><strong>vel</strong></span> <span class='ocrx_word' id='word_1_311' title='bbox 1062 551 1151 593; x_wconf 88' lang='lat' dir='ltr'><strong>quod</strong></span> <span class='ocrx_word' id='word_1_312' title='bbox 1163 552 1347 593; x_wconf 88' lang='lat' dir='ltr'><strong>tenuiores,</strong></span> <span class='ocrx_word' id='word_1_313' title='bbox 1358 558 1562 595; x_wconf 88' lang='lat' dir='ltr'><strong>paupertate</strong></span> 
     </span>
     <span class='ocr_line' id='line_1_61' title="bbox 856 602 1561 643; baseline 0.009 -11"><span class='ocrx_word' id='word_1_314' title='bbox 856 602 967 633; x_wconf 88' lang='lat' dir='ltr'><strong>coacti</strong></span> <span class='ocrx_word' id='word_1_315' title='bbox 997 606 1163 643; x_wconf 83' lang='lat' dir='ltr'><strong>cogantur</strong></span> <span class='ocrx_word' id='word_1_316' title='bbox 1191 604 1275 635; x_wconf 84' lang='lat' dir='ltr'><strong>tales</strong></span> <span class='ocrx_word' id='word_1_317' title='bbox 1303 615 1382 636; x_wconf 87' lang='lat' dir='ltr'><strong>aves</strong></span> <span class='ocrx_word' id='word_1_318' title='bbox 1398 606 1561 638; x_wconf 79' lang='lat' dir='ltr'><strong>humanas</strong></span> 
     </span>
     <span class='ocr_line' id='line_1_62' title="bbox 857 654 1563 698; baseline 0.008 -15"><span class='ocrx_word' id='word_1_319' title='bbox 857 662 957 684; x_wconf 78' lang='lat' dir='ltr'><strong>voces</strong></span> <span class='ocrx_word' id='word_1_320' title='bbox 989 654 1152 694; x_wconf 82' lang='lat' dir='ltr'><strong>expedite</strong></span> <span class='ocrx_word' id='word_1_321' title='bbox 1181 655 1334 696; x_wconf 83' lang='lat' dir='ltr'><strong>proferre</strong></span> <span class='ocrx_word' id='word_1_322' title='bbox 1359 656 1497 698; x_wconf 86' lang='lat' dir='ltr'><strong>docere,</strong></span> <span class='ocrx_word' id='word_1_323' title='bbox 1523 661 1563 689; x_wconf 87' lang='lat' dir='ltr'><strong>ut</strong></span> 
     </span>
     <span class='ocr_line' id='line_1_63' title="bbox 856 702 1564 748; baseline 0.01 -15"><span class='ocrx_word' id='word_1_324' title='bbox 856 702 932 734; x_wconf 85' lang='lat' dir='ltr'><strong>illas</strong></span> <span class='ocrx_word' id='word_1_325' title='bbox 961 714 1041 735; x_wconf 85' lang='lat' dir='ltr'><strong>aves</strong></span> <span class='ocrx_word' id='word_1_326' title='bbox 1064 709 1184 745; x_wconf 84' lang='lat' dir='ltr'><strong>postea</strong></span> <span class='ocrx_word' id='word_1_327' title='bbox 1211 706 1320 737; x_wconf 83' lang='lat' dir='ltr'><strong>carius</strong></span> <span class='ocrx_word' id='word_1_328' title='bbox 1337 708 1469 748; x_wconf 88' lang='lat' dir='ltr'><strong>possint</strong></span> <span class='ocrx_word' id='word_1_329' title='bbox 1485 717 1564 739; x_wconf 89' lang='lat' dir='ltr'><strong>ven-</strong></span> 
     </span>
     <span class='ocr_line' id='line_1_64' title="bbox 856 753 1561 799; baseline 0.009 -15"><span class='ocrx_word' id='word_1_330' title='bbox 856 753 950 795; x_wconf 82' lang='lat' dir='ltr'><strong>dere,</strong></span> <span class='ocrx_word' id='word_1_331' title='bbox 981 759 1017 786; x_wconf 88' lang='lat' dir='ltr'><strong>et</strong></span> <span class='ocrx_word' id='word_1_332' title='bbox 1033 754 1081 786; x_wconf 89' lang='lat' dir='ltr'><strong>ita</strong></span> <span class='ocrx_word' id='word_1_333' title='bbox 1097 754 1232 796; x_wconf 87' lang='lat' dir='ltr'><strong>famem,</strong></span> <span class='ocrx_word' id='word_1_334' title='bbox 1250 762 1286 788; x_wconf 86' lang='lat' dir='ltr'><strong>et</strong></span> <span class='ocrx_word' id='word_1_335' title='bbox 1302 758 1451 799; x_wconf 88' lang='lat' dir='ltr'><strong>inopiam</strong></span> <span class='ocrx_word' id='word_1_336' title='bbox 1469 769 1561 790; x_wconf 88' lang='lat' dir='ltr'><strong>suam</strong></span> 
     </span>
     <span class='ocr_line' id='line_1_65' title="bbox 856 805 1563 850; baseline 0.01 -15"><span class='ocrx_word' id='word_1_337' title='bbox 856 805 1037 837; x_wconf 86' lang='lat' dir='ltr'><strong>consolari.</strong></span> <span class='ocrx_word' id='word_1_338' title='bbox 1083 806 1161 846; x_wconf 89' lang='lat' dir='ltr'><strong>Vel,</strong></span> <span class='ocrx_word' id='word_1_339' title='bbox 1176 808 1266 848; x_wconf 86' lang='lat' dir='ltr'><strong>quod</strong></span> <span class='ocrx_word' id='word_1_340' title='bbox 1280 809 1364 849; x_wconf 84' lang='lat' dir='ltr'><strong>ipsae</strong></span> <span class='ocrx_word' id='word_1_341' title='bbox 1380 819 1472 850; x_wconf 78' lang='lat' dir='ltr'><strong>aveS,</strong></span> <span class='ocrx_word' id='word_1_342' title='bbox 1485 820 1563 842; x_wconf 89' lang='lat' dir='ltr'><strong>cum</strong></span> 
     </span>
     <span class='ocr_line' id='line_1_66' title="bbox 850 855 1564 902; baseline 0.008 -16"><span class='ocrx_word' id='word_1_343' title='bbox 850 855 925 896; x_wconf 84' lang='lat' dir='ltr'><strong>jam</strong></span> <span class='ocrx_word' id='word_1_344' title='bbox 942 865 1041 887; x_wconf 86' lang='lat' dir='ltr'><strong>voces</strong></span> <span class='ocrx_word' id='word_1_345' title='bbox 1055 856 1217 888; x_wconf 84' lang='lat' dir='ltr'><strong>humanas</strong></span> <span class='ocrx_word' id='word_1_346' title='bbox 1234 858 1439 900; x_wconf 85' lang='lat' dir='ltr'><strong>didicerunt,</strong></span> <span class='ocrx_word' id='word_1_347' title='bbox 1460 870 1564 902; x_wconf 87' lang='lat' dir='ltr'><strong>quan-</strong></span> 
     </span>
     <span class='ocr_line' id='line_1_67' title="bbox 857 905 1563 948; baseline 0.008 -12"><span class='ocrx_word' id='word_1_348' title='bbox 857 906 900 937; x_wconf 92' lang='lat' dir='ltr'><strong>do</strong></span> <span class='ocrx_word' id='word_1_349' title='bbox 938 905 1027 937; x_wconf 87' lang='lat' dir='ltr'><strong>fame</strong></span> <span class='ocrx_word' id='word_1_350' title='bbox 1055 907 1331 948; x_wconf 82' lang='lat' dir='ltr'><strong>exstimulantur‚</strong></span> <span class='ocrx_word' id='word_1_351' title='bbox 1358 910 1432 940; x_wconf 85' lang='lat' dir='ltr'><strong>illas</strong></span> <span class='ocrx_word' id='word_1_352' title='bbox 1462 921 1563 942; x_wconf 89' lang='lat' dir='ltr'><strong>voces</strong></span> 
     </span>
     <span class='ocr_line' id='line_1_68' title="bbox 857 956 1567 1002; baseline 0.008 -15"><span class='ocrx_word' id='word_1_353' title='bbox 857 956 1010 998; x_wconf 84' lang='lat' dir='ltr'><strong>proferre</strong></span> <span class='ocrx_word' id='word_1_354' title='bbox 1026 962 1060 989; x_wconf 81' lang='lat' dir='ltr'><strong>et</strong></span> <span class='ocrx_word' id='word_1_355' title='bbox 1083 958 1165 989; x_wconf 84' lang='lat' dir='ltr'><strong>alios</strong></span> <span class='ocrx_word' id='word_1_356' title='bbox 1192 959 1340 991; x_wconf 83' lang='lat' dir='ltr'><strong>salutare</strong></span> <span class='ocrx_word' id='word_1_357' title='bbox 1363 960 1567 1002; x_wconf 85' lang='lat' dir='ltr'><strong>doceantur,</strong></span> 
     </span>
     <span class='ocr_line' id='line_1_69' title="bbox 858 1008 1568 1052; baseline 0.008 -14"><span class='ocrx_word' id='word_1_358' title='bbox 858 1013 895 1039; x_wconf 92' lang='lat' dir='ltr'><strong>ut</strong></span> <span class='ocrx_word' id='word_1_359' title='bbox 926 1008 1038 1039; x_wconf 87' lang='lat' dir='ltr'><strong>cibum</strong></span> <span class='ocrx_word' id='word_1_360' title='bbox 1064 1009 1450 1052; x_wconf 76' lang='lat' dir='ltr'><strong>accipiant.—Psittaco]</strong></span> <span class='ocrx_word' id='word_1_361' title='bbox 1475 1012 1568 1044; x_wconf 80' lang='lat' dir='ltr'><strong>Psit-</strong></span> 
     </span>
     <span class='ocr_line' id='line_1_70' title="bbox 858 1060 1566 1102; baseline 0.004 -11"><span class='ocrx_word' id='word_1_362' title='bbox 858 1063 954 1091; x_wconf 83' lang='lat' dir='ltr'><strong>tacus</strong></span> <span class='ocrx_word' id='word_1_363' title='bbox 972 1060 1044 1091; x_wconf 84' lang='lat' dir='ltr'><strong>avis</strong></span> <span class='ocrx_word' id='word_1_364' title='bbox 1058 1064 1110 1091; x_wconf 81' lang='lat' dir='ltr'><strong>est</strong></span> <span class='ocrx_word' id='word_1_365' title='bbox 1127 1070 1169 1091; x_wconf 88' lang='lat' dir='ltr'><strong>ex</strong></span> <span class='ocrx_word' id='word_1_366' title='bbox 1185 1060 1296 1102; x_wconf 86' lang='lat' dir='ltr'><strong>India,</strong></span> <span class='ocrx_word' id='word_1_367' title='bbox 1319 1072 1436 1094; x_wconf 88' lang='lat' dir='ltr'><strong>vocem</strong></span> <span class='ocrx_word' id='word_1_368' title='bbox 1449 1062 1566 1095; x_wconf 83' lang='lat' dir='ltr'><strong>huma-</strong></span> 
     </span>
     <span class='ocr_line' id='line_1_71' title="bbox 858 1111 1566 1152; baseline 0.007 -12"><span class='ocrx_word' id='word_1_369' title='bbox 858 1120 933 1141; x_wconf 87' lang='lat' dir='ltr'><strong>nam</strong></span> <span class='ocrx_word' id='word_1_370' title='bbox 961 1111 1047 1141; x_wconf 78' lang='lat' dir='ltr'><strong>miro</strong></span> <span class='ocrx_word' id='word_1_371' title='bbox 1085 1111 1230 1142; x_wconf 83' lang='lat' dir='ltr'><strong>artificio</strong></span> <span class='ocrx_word' id='word_1_372' title='bbox 1256 1112 1461 1152; x_wconf 81' lang='lat' dir='ltr'><strong>exprimens.</strong></span> <span class='ocrx_word' id='word_1_373' title='bbox 1507 1113 1566 1145; x_wconf 86' lang='lat' dir='ltr'><strong>De</strong></span> 
     </span>
     <span class='ocr_line' id='line_1_72' title="bbox 859 1160 1566 1202; baseline 0.004 -11"><span class='ocrx_word' id='word_1_374' title='bbox 859 1171 923 1202; x_wconf 91' lang='lat' dir='ltr'><strong>quo</strong></span> <span class='ocrx_word' id='word_1_375' title='bbox 938 1161 1013 1191; x_wconf 79' lang='lat' dir='ltr'><strong>vide</strong></span> <span class='ocrx_word' id='word_1_376' title='bbox 1030 1160 1215 1201; x_wconf 83' lang='lat' dir='ltr'><strong>Apulejum</strong></span> <span class='ocrx_word' id='word_1_377' title='bbox 1239 1163 1262 1193; x_wconf 89' lang='lat'><strong>1.</strong></span> <span class='ocrx_word' id='word_1_378' title='bbox 1288 1171 1328 1193; x_wconf 81' lang='lat'><strong>11.</strong></span> <span class='ocrx_word' id='word_1_379' title='bbox 1354 1167 1391 1194; x_wconf 88' lang='lat' dir='ltr'><strong>et</strong></span> <span class='ocrx_word' id='word_1_380' title='bbox 1416 1163 1566 1195; x_wconf 86' lang='lat' dir='ltr'><strong>Plinium</strong></span> 
     </span>
     <span class='ocr_line' id='line_1_73' title="bbox 860 1212 1568 1246; baseline 0.007 -5"><span class='ocrx_word' id='word_1_381' title='bbox 860 1217 895 1242; x_wconf 83' lang='lat' dir='ltr'><strong>x.</strong></span> <span class='ocrx_word' id='word_1_382' title='bbox 908 1214 962 1242; x_wconf 79' lang='lat'><strong>42.</strong></span> <span class='ocrx_word' id='word_1_383' title='bbox 980 1212 1071 1242; x_wconf 90' lang='lat' dir='ltr'><strong>Hinc</strong></span> <span class='ocrx_word' id='word_1_384' title='bbox 1087 1212 1217 1244; x_wconf 86' lang='lat' dir='ltr'><strong>Statius</strong></span> <span class='ocrx_word' id='word_1_385' title='bbox 1232 1224 1239 1244; x_wconf 92' lang='lat'><strong>:</strong></span> <span class='ocrx_word' id='word_1_386' title='bbox 1257 1214 1266 1231; x_wconf 84' lang='lat'>‘</span> <span class='ocrx_word' id='word_1_387' title='bbox 1278 1214 1447 1246; x_wconf 86' lang='lat' dir='ltr'><strong>Humanae</strong></span> <span class='ocrx_word' id='word_1_388' title='bbox 1461 1215 1568 1246; x_wconf 86' lang='lat' dir='ltr'><strong>solers</strong></span> 
     </span>
     <span class='ocr_line' id='line_1_74' title="bbox 858 1261 1567 1305; baseline 0.007 -13"><span class='ocrx_word' id='word_1_389' title='bbox 858 1261 1012 1293; x_wconf 85' lang='lat' dir='ltr'><strong>imitator</strong></span> <span class='ocrx_word' id='word_1_390' title='bbox 1027 1262 1172 1302; x_wconf 78' lang='lat' dir='ltr'><strong>psittaee</strong></span> <span class='ocrx_word' id='word_1_391' title='bbox 1188 1263 1499 1305; x_wconf 82' lang='lat' dir='ltr'><strong>linguae.&#39;—Suum]</strong></span> <span class='ocrx_word' id='word_1_392' title='bbox 1524 1264 1567 1296; x_wconf 88' lang='lat' dir='ltr'><strong>Id</strong></span> 
     </span>
     <span class='ocr_line' id='line_1_75' title="bbox 860 1312 1567 1357; baseline 0.007 -15"><span class='ocrx_word' id='word_1_393' title='bbox 860 1316 925 1350; x_wconf 78' lang='lat' dir='ltr'><strong>est,</strong></span> <span class='ocrx_word' id='word_1_394' title='bbox 957 1312 1013 1343; x_wconf 81' lang='lat' dir='ltr'><strong>Ita</strong></span> <span class='ocrx_word' id='word_1_395' title='bbox 1043 1314 1218 1354; x_wconf 77' lang='lat' dir='ltr'><strong>expedite,</strong></span> <span class='ocrx_word' id='word_1_396' title='bbox 1241 1319 1276 1345; x_wconf 87' lang='lat' dir='ltr'><strong>et</strong></span> <span class='ocrx_word' id='word_1_397' title='bbox 1305 1314 1471 1355; x_wconf 82' lang='lat' dir='ltr'><strong>perfecte,</strong></span> <span class='ocrx_word' id='word_1_398' title='bbox 1489 1326 1567 1357; x_wconf 80' lang='lat' dir='ltr'><strong>pro-</strong></span> 
     </span>
     <span class='ocr_line' id='line_1_76' title="bbox 861 1363 1568 1406; baseline 0.007 -12"><span class='ocrx_word' id='word_1_399' title='bbox 861 1363 1036 1403; x_wconf 82' lang='lat' dir='ltr'><strong>nunciare,</strong></span> <span class='ocrx_word' id='word_1_400' title='bbox 1051 1368 1087 1395; x_wconf 88' lang='lat' dir='ltr'><strong>ut</strong></span> <span class='ocrx_word' id='word_1_401' title='bbox 1105 1374 1212 1404; x_wconf 80' lang='lat' dir='ltr'><strong>suurn,</strong></span> <span class='ocrx_word' id='word_1_402' title='bbox 1227 1366 1402 1406; x_wconf 87' lang='lat' dir='ltr'><strong>proprium</strong></span> <span class='ocrx_word' id='word_1_403' title='bbox 1419 1371 1455 1398; x_wconf 87' lang='lat' dir='ltr'><strong>et</strong></span> <span class='ocrx_word' id='word_1_404' title='bbox 1470 1372 1568 1399; x_wconf 87' lang='lat' dir='ltr'><strong>natu-</strong></span> 
     </span>
     <span class='ocr_line' id='line_1_77' title="bbox 861 1413 1569 1454; baseline 0.006 -11"><span class='ocrx_word' id='word_1_405' title='bbox 861 1413 945 1452; x_wconf 86' lang='lat' dir='ltr'><strong>rale,</strong></span> <span class='ocrx_word' id='word_1_406' title='bbox 961 1422 1028 1444; x_wconf 91' lang='lat' dir='ltr'><strong>non</strong></span> <span class='ocrx_word' id='word_1_407' title='bbox 1045 1418 1117 1444; x_wconf 78' lang='lat' dir='ltr'><strong>arte</strong></span> <span class='ocrx_word' id='word_1_408' title='bbox 1135 1415 1335 1454; x_wconf 88' lang='lat' dir='ltr'><strong>acquisitum</strong></span> <span class='ocrx_word' id='word_1_409' title='bbox 1353 1425 1426 1446; x_wconf 81' lang='lat' dir='ltr'><strong>esse</strong></span> <span class='ocrx_word' id='word_1_410' title='bbox 1452 1416 1569 1448; x_wconf 88' lang='lat' dir='ltr'><strong>videa-</strong></span> 
     </span>
     <span class='ocr_line' id='line_1_78' title="bbox 862 1462 1569 1507; baseline 0.006 -14"><span class='ocrx_word' id='word_1_411' title='bbox 862 1468 929 1493; x_wconf 85' lang='lat' dir='ltr'><strong>tur.</strong></span> <span class='ocrx_word' id='word_1_412' title='bbox 954 1462 1068 1494; x_wconf 76' lang='lat' dir='ltr'><strong>Lubin.</strong></span> <span class='ocrx_word' id='word_1_413' title='bbox 1107 1463 1190 1494; x_wconf 84' lang='lat' dir='ltr'><strong>Post</strong></span> <span class='ocrx_word' id='word_1_414' title='bbox 1214 1464 1302 1495; x_wconf 89' lang='lat' dir='ltr'><strong>hunc</strong></span> <span class='ocrx_word' id='word_1_415' title='bbox 1331 1474 1477 1504; x_wconf 86' lang='lat' dir='ltr'><strong>versum,</strong></span> <span class='ocrx_word' id='word_1_416' title='bbox 1496 1466 1569 1507; x_wconf 90' lang='lat' dir='ltr'><strong>qui-</strong></span> 
     </span>
     <span class='ocr_line' id='line_1_79' title="bbox 862 1512 1570 1556; baseline 0.006 -13"><span class='ocrx_word' id='word_1_417' title='bbox 862 1512 938 1543; x_wconf 88' lang='lat' dir='ltr'><strong>dam</strong></span> <span class='ocrx_word' id='word_1_418' title='bbox 949 1517 1148 1554; x_wconf 77' lang='lat' dir='ltr'><strong>‘sequentem</strong></span> <span class='ocrx_word' id='word_1_419' title='bbox 1166 1514 1337 1546; x_wconf 89' lang='lat' dir='ltr'><strong>inserunt:</strong></span> <span class='ocrx_word' id='word_1_420' title='bbox 1373 1516 1490 1547; x_wconf 76' lang='lat' dir='ltr'><strong>Corros</strong></span> <span class='ocrx_word' id='word_1_421' title='bbox 1500 1517 1570 1556; x_wconf 77' lang='lat' dir='ltr'><strong>quis</strong></span> 
     </span>
     <span class='ocr_line' id='line_1_80' title="bbox 862 1565 1568 1607; baseline 0.007 -12"><span class='ocrx_word' id='word_1_422' title='bbox 862 1565 934 1596; x_wconf 78' lang='lat' dir='ltr'><strong>olim</strong></span> <span class='ocrx_word' id='word_1_423' title='bbox 952 1575 1115 1596; x_wconf 79' lang='lat' dir='ltr'><strong>concavum</strong></span> <span class='ocrx_word' id='word_1_424' title='bbox 1140 1567 1288 1598; x_wconf 77' lang='lat' dir='ltr'><strong>salutare.</strong></span> <span class='ocrx_word' id='word_1_425' title='bbox 1334 1567 1376 1598; x_wconf 87' lang='lat' dir='ltr'><strong>Id</strong></span> <span class='ocrx_word' id='word_1_426' title='bbox 1393 1572 1457 1607; x_wconf 76' lang='lat' dir='ltr'><strong>est,</strong></span> <span class='ocrx_word' id='word_1_427' title='bbox 1472 1569 1568 1600; x_wconf 64' lang='lat' dir='ltr'><strong>Salur</strong></span> 
     </span>
     <span class='ocr_line' id='line_1_81' title="bbox 864 1617 1569 1660; baseline 0.007 -14"><span class='ocrx_word' id='word_1_428' title='bbox 864 1617 1028 1647; x_wconf 89' lang='lat' dir='ltr'><strong>tationem</strong></span> <span class='ocrx_word' id='word_1_429' title='bbox 1056 1617 1153 1657; x_wconf 84' lang='lat' dir='ltr'><strong>quasi</strong></span> <span class='ocrx_word' id='word_1_430' title='bbox 1177 1627 1219 1648; x_wconf 88' lang='lat' dir='ltr'><strong>ex</strong></span> <span class='ocrx_word' id='word_1_431' title='bbox 1237 1627 1390 1649; x_wconf 89' lang='lat' dir='ltr'><strong>concava</strong></span> <span class='ocrx_word' id='word_1_432' title='bbox 1407 1620 1569 1660; x_wconf 83' lang='lat' dir='ltr'><strong>spelunca</strong></span> 
     </span>
     <span class='ocr_line' id='line_1_82' title="bbox 861 1667 1283 1709; baseline 0.005 -11"><span class='ocrx_word' id='word_1_433' title='bbox 861 1667 1153 1709; x_wconf 84' lang='lat' dir='ltr'><strong>proficiscentem.</strong></span> <span class='ocrx_word' id='word_1_434' title='bbox 1181 1668 1283 1700; x_wconf 68' lang='lat' dir='ltr'><strong>chd.</strong></span> 
     </span>
    </p>

    <p class='ocr_par' dir='ltr' id='par_1_8' title="bbox 864 1719 1572 2010">
     <span class='ocr_line' id='line_1_83' title="bbox 905 1719 1570 1763; baseline 0.006 -13"><span class='ocrx_word' id='word_1_435' title='bbox 905 1723 926 1750; x_wconf 88' lang='lat'>9</span> <span class='ocrx_word' id='word_1_436' title='bbox 954 1719 1053 1751; x_wconf 79' lang='lat' dir='ltr'><strong>Verba</strong></span> <span class='ocrx_word' id='word_1_437' title='bbox 1067 1719 1187 1760; x_wconf 69' lang='lat' dir='ltr'><strong>conari]</strong></span> <span class='ocrx_word' id='word_1_438' title='bbox 1223 1721 1267 1751; x_wconf 89' lang='lat' dir='ltr'><strong>Et</strong></span> <span class='ocrx_word' id='word_1_439' title='bbox 1283 1720 1418 1752; x_wconf 72' lang='lat' dir='ltr'><strong>blandiri</strong></span> <span class='ocrx_word' id='word_1_440' title='bbox 1432 1722 1570 1763; x_wconf 83' lang='lat' dir='ltr'><strong>legitur.</strong></span> 
     </span>
     <span class='ocr_line' id='line_1_84' title="bbox 867 1770 1571 1815; baseline 0.009 -15"><span class='ocrx_word' id='word_1_441' title='bbox 867 1770 934 1801; x_wconf 79' lang='lat' dir='ltr'><strong>Vet.</strong></span> <span class='ocrx_word' id='word_1_442' title='bbox 948 1770 1324 1812; x_wconf 49' lang='lat' dir='ltr'><strong>scholiam—Picusque,</strong></span> <span class='ocrx_word' id='word_1_443' title='bbox 1347 1775 1415 1815; x_wconf 70' lang='grc' dir='ltr'><strong>ᾄέ.]</strong></span> <span class='ocrx_word' id='word_1_444' title='bbox 1440 1774 1481 1804; x_wconf 80' lang='lat' dir='ltr'><strong>Id</strong></span> <span class='ocrx_word' id='word_1_445' title='bbox 1505 1780 1571 1815; x_wconf 87' lang='lat' dir='ltr'><strong>est,</strong></span> 
     </span>
     <span class='ocr_line' id='line_1_85' title="bbox 864 1820 1569 1864; baseline 0.01 -15"><span class='ocrx_word' id='word_1_446' title='bbox 864 1820 1027 1852; x_wconf 82' lang='lat' dir='ltr'><strong>Quisnam</strong></span> <span class='ocrx_word' id='word_1_447' title='bbox 1039 1820 1156 1851; x_wconf 88' lang='lat' dir='ltr'><strong>docuit</strong></span> <span class='ocrx_word' id='word_1_448' title='bbox 1166 1821 1271 1862; x_wconf 67' lang='lat' dir='ltr'><strong>picas,</strong></span> <span class='ocrx_word' id='word_1_449' title='bbox 1285 1827 1322 1853; x_wconf 91' lang='lat' dir='ltr'><strong>ut</strong></span> <span class='ocrx_word' id='word_1_450' title='bbox 1339 1823 1502 1864; x_wconf 87' lang='lat' dir='ltr'><strong>nitantur,</strong></span> <span class='ocrx_word' id='word_1_451' title='bbox 1514 1825 1569 1856; x_wconf 86' lang='lat' dir='ltr'><strong>vel</strong></span> 
     </span>
     <span class='ocr_line' id='line_1_86' title="bbox 864 1869 1570 1906; baseline 0.008 -6"><span class='ocrx_word' id='word_1_452' title='bbox 864 1869 1024 1901; x_wconf 82' lang='lat' dir='ltr'><strong>studeant</strong></span> <span class='ocrx_word' id='word_1_453' title='bbox 1054 1875 1172 1902; x_wconf 81' lang='lat' dir='ltr'><strong>nostra</strong></span> <span class='ocrx_word' id='word_1_454' title='bbox 1199 1871 1372 1904; x_wconf 84' lang='lat' dir='ltr'><strong>hominum</strong></span> <span class='ocrx_word' id='word_1_455' title='bbox 1396 1874 1500 1905; x_wconf 86' lang='lat' dir='ltr'><strong>verba</strong></span> <span class='ocrx_word' id='word_1_456' title='bbox 1512 1885 1570 1906; x_wconf 82' lang='lat' dir='ltr'><strong>ex-</strong></span> 
     </span>
     <span class='ocr_line' id='line_1_87' title="bbox 865 1920 1572 1966; baseline 0.008 -16"><span class='ocrx_word' id='word_1_457' title='bbox 865 1920 1015 1959; x_wconf 85' lang='lat' dir='ltr'><strong>primere</strong></span> <span class='ocrx_word' id='word_1_458' title='bbox 1026 1920 1069 1950; x_wconf 88' lang='lat'><strong>?—</strong></span> <span class='ocrx_word' id='word_1_459' title='bbox 1084 1921 1218 1960; x_wconf 80' lang='lat' dir='ltr'><strong>Conari]</strong></span> <span class='ocrx_word' id='word_1_460' title='bbox 1235 1922 1383 1955; x_wconf 81' lang='lat' dir='ltr'><strong>Imitari:</strong></span> <span class='ocrx_word' id='word_1_461' title='bbox 1397 1925 1463 1965; x_wconf 87' lang='lat' dir='ltr'><strong>vel,</strong></span> <span class='ocrx_word' id='word_1_462' title='bbox 1474 1925 1572 1966; x_wconf 78' lang='lat' dir='ltr'><strong>Mag-</strong></span> 
     </span>
     <span class='ocr_line' id='line_1_88' title="bbox 866 1971 1232 2010; baseline 0.003 -9"><span class='ocrx_word' id='word_1_463' title='bbox 866 1979 909 2001; x_wconf 90' lang='lat' dir='ltr'><strong>no</strong></span> <span class='ocrx_word' id='word_1_464' title='bbox 925 1976 1050 2001; x_wconf 89' lang='lat' dir='ltr'><strong>conatu</strong></span> <span class='ocrx_word' id='word_1_465' title='bbox 1067 1971 1232 2010; x_wconf 81' lang='lat' dir='ltr'><strong>proferre.</strong></span> 
     </span>
    </p>

    <p class='ocr_par' dir='ltr' id='par_1_9' title="bbox 866 2021 1574 2769">
     <span class='ocr_line' id='line_1_89' title="bbox 909 2021 1570 2063; baseline 0.011 -13"><span class='ocrx_word' id='word_1_466' title='bbox 909 2023 949 2050; x_wconf 91' lang='grc'><strong>10</strong></span> <span class='ocrx_word' id='word_1_467' title='bbox 974 2021 1143 2061; x_wconf 80' lang='lat' dir='ltr'><strong>Magister,</strong></span> <span class='ocrx_word' id='word_1_468' title='bbox 1157 2023 1225 2062; x_wconf 58' lang='lat' dir='ltr'><strong>Sym]</strong></span> <span class='ocrx_word' id='word_1_469' title='bbox 1248 2023 1447 2063; x_wconf 82' lang='lat' dir='ltr'><strong>Respondet</strong></span> <span class='ocrx_word' id='word_1_470' title='bbox 1463 2023 1505 2056; x_wconf 83' lang='lat' dir='ltr'><strong>ad</strong></span> <span class='ocrx_word' id='word_1_471' title='bbox 1522 2025 1570 2057; x_wconf 90' lang='lat' dir='ltr'><strong>in-</strong></span> 
     </span>
     <span class='ocr_line' id='line_1_90' title="bbox 866 2070 1571 2111; baseline 0.009 -10"><span class='ocrx_word' id='word_1_472' title='bbox 866 2070 1148 2111; x_wconf 86' lang='lat' dir='ltr'><strong>terrogationem,</strong></span> <span class='ocrx_word' id='word_1_473' title='bbox 1180 2078 1217 2103; x_wconf 88' lang='lat' dir='ltr'><strong>et</strong></span> <span class='ocrx_word' id='word_1_474' title='bbox 1244 2073 1329 2104; x_wconf 88' lang='lat' dir='ltr'><strong>dicit</strong></span> <span class='ocrx_word' id='word_1_475' title='bbox 1358 2072 1481 2106; x_wconf 81' lang='lat' dir='ltr'><strong>famem</strong></span> <span class='ocrx_word' id='word_1_476' title='bbox 1495 2085 1571 2107; x_wconf 82' lang='lat' dir='ltr'><strong>esse</strong></span> 
     </span>
     <span class='ocr_line' id='line_1_91' title="bbox 866 2122 1573 2158; baseline 0.007 -5"><span class='ocrx_word' id='word_1_477' title='bbox 866 2132 999 2153; x_wconf 85' lang='lat' dir='ltr'><strong>causam</strong></span> <span class='ocrx_word' id='word_1_478' title='bbox 1030 2122 1235 2156; x_wconf 87' lang='lat' dir='ltr'><strong>efficientem</strong></span> <span class='ocrx_word' id='word_1_479' title='bbox 1266 2124 1484 2158; x_wconf 84' lang='lat' dir='ltr'><strong>humanarum</strong></span> <span class='ocrx_word' id='word_1_480' title='bbox 1516 2137 1573 2158; x_wconf 90' lang='lat' dir='ltr'><strong>vo-</strong></span> 
     </span>
     <span class='ocr_line' id='line_1_92' title="bbox 867 2172 1573 2211; baseline 0.011 -9"><span class='ocrx_word' id='word_1_481' title='bbox 867 2182 942 2203; x_wconf 87' lang='lat' dir='ltr'><strong>cum</strong></span> <span class='ocrx_word' id='word_1_482' title='bbox 967 2172 1002 2203; x_wconf 89' lang='lat' dir='ltr'><strong>in</strong></span> <span class='ocrx_word' id='word_1_483' title='bbox 1029 2173 1158 2211; x_wconf 84' lang='lat' dir='ltr'><strong>avibus,</strong></span> <span class='ocrx_word' id='word_1_484' title='bbox 1189 2178 1224 2205; x_wconf 88' lang='lat' dir='ltr'><strong>et</strong></span> <span class='ocrx_word' id='word_1_485' title='bbox 1253 2177 1438 2208; x_wconf 87' lang='lat' dir='ltr'><strong>carminum</strong></span> <span class='ocrx_word' id='word_1_486' title='bbox 1467 2179 1500 2209; x_wconf 91' lang='lat' dir='ltr'><strong>in</strong></span> <span class='ocrx_word' id='word_1_487' title='bbox 1516 2179 1573 2209; x_wconf 79' lang='lat' dir='ltr'><strong>llo-</strong></span> 
     </span>
     <span class='ocr_line' id='line_1_93' title="bbox 867 2223 1573 2267; baseline 0.01 -15"><span class='ocrx_word' id='word_1_488' title='bbox 867 2223 1011 2253; x_wconf 83' lang='lat' dir='ltr'><strong>minibus</strong></span> <span class='ocrx_word' id='word_1_489' title='bbox 1028 2223 1174 2255; x_wconf 85' lang='lat' dir='ltr'><strong>indoctis</strong></span> <span class='ocrx_word' id='word_1_490' title='bbox 1200 2230 1234 2256; x_wconf 89' lang='lat' dir='ltr'><strong>et</strong></span> <span class='ocrx_word' id='word_1_491' title='bbox 1256 2226 1573 2267; x_wconf 54' lang='lat' dir='ltr'><strong>insulsis—Magis-</strong></span> 
     </span>
     <span class='ocr_line' id='line_1_94' title="bbox 866 2273 1573 2313; baseline 0.01 -10"><span class='ocrx_word' id='word_1_492' title='bbox 866 2276 925 2312; x_wconf 77' lang='lat' dir='ltr'><strong>ter,</strong></span> <span class='ocrx_word' id='word_1_493' title='bbox 940 2273 1007 2313; x_wconf 56' lang='lat' dir='ltr'><strong>isc]</strong></span> <span class='ocrx_word' id='word_1_494' title='bbox 1032 2273 1072 2304; x_wconf 90' lang='lat' dir='ltr'><strong>Id</strong></span> <span class='ocrx_word' id='word_1_495' title='bbox 1088 2279 1154 2313; x_wconf 83' lang='lat' dir='ltr'><strong>est,</strong></span> <span class='ocrx_word' id='word_1_496' title='bbox 1180 2276 1310 2306; x_wconf 83' lang='lat' dir='ltr'><strong>Venter</strong></span> <span class='ocrx_word' id='word_1_497' title='bbox 1321 2281 1355 2307; x_wconf 87' lang='lat' dir='ltr'><strong>et</strong></span> <span class='ocrx_word' id='word_1_498' title='bbox 1367 2276 1473 2308; x_wconf 87' lang='lat' dir='ltr'><strong>fames</strong></span> <span class='ocrx_word' id='word_1_499' title='bbox 1489 2279 1573 2310; x_wconf 89' lang='lat' dir='ltr'><strong>illud</strong></span> 
     </span>
     <span class='ocr_line' id='line_1_95' title="bbox 868 2328 1574 2365; baseline 0.011 -12"><span class='ocrx_word' id='word_1_500' title='bbox 868 2328 993 2364; x_wconf 85' lang='lat' dir='ltr'><strong>potest,</strong></span> <span class='ocrx_word' id='word_1_501' title='bbox 1020 2334 1096 2365; x_wconf 65' lang='lat' dir='ltr'><strong>qna?</strong></span> <span class='ocrx_word' id='word_1_502' title='bbox 1124 2335 1202 2356; x_wconf 82' lang='lat' dir='ltr'><strong>aves</strong></span> <span class='ocrx_word' id='word_1_503' title='bbox 1216 2335 1316 2357; x_wconf 78' lang='lat' dir='ltr'><strong>voces</strong></span> <span class='ocrx_word' id='word_1_504' title='bbox 1339 2333 1460 2359; x_wconf 88' lang='lat' dir='ltr'><strong>contra</strong></span> <span class='ocrx_word' id='word_1_505' title='bbox 1475 2335 1574 2361; x_wconf 89' lang='lat' dir='ltr'><strong>natu-</strong></span> 
     </span>
     <span class='ocr_line' id='line_1_96' title="bbox 868 2376 1574 2415; baseline 0.01 -10"><span class='ocrx_word' id='word_1_506' title='bbox 868 2385 938 2406; x_wconf 85' lang='lat' dir='ltr'><strong>ram</strong></span> <span class='ocrx_word' id='word_1_507' title='bbox 967 2380 1082 2415; x_wconf 85' lang='lat' dir='ltr'><strong>potest</strong></span> <span class='ocrx_word' id='word_1_508' title='bbox 1113 2376 1251 2415; x_wconf 89' lang='lat' dir='ltr'><strong>docere,</strong></span> <span class='ocrx_word' id='word_1_509' title='bbox 1286 2383 1321 2409; x_wconf 91' lang='lat' dir='ltr'><strong>et</strong></span> <span class='ocrx_word' id='word_1_510' title='bbox 1345 2389 1399 2410; x_wconf 86' lang='lat' dir='ltr'><strong>me</strong></span> <span class='ocrx_word' id='word_1_511' title='bbox 1423 2382 1574 2412; x_wconf 80' lang='lat' dir='ltr'><strong>carmina</strong></span> 
     </span>
     <span class='ocr_line' id='line_1_97' title="bbox 869 2426 1573 2470; baseline 0.009 -14"><span class='ocrx_word' id='word_1_512' title='bbox 869 2426 987 2466; x_wconf 74' lang='lat' dir='ltr'><strong>docet,</strong></span> <span class='ocrx_word' id='word_1_513' title='bbox 1009 2431 1043 2458; x_wconf 89' lang='lat' dir='ltr'><strong>et</strong></span> <span class='ocrx_word' id='word_1_514' title='bbox 1080 2427 1260 2459; x_wconf 61' lang='lat' dir='ltr'><strong>poeticum</strong></span> <span class='ocrx_word' id='word_1_515' title='bbox 1290 2429 1464 2470; x_wconf 85' lang='lat' dir='ltr'><strong>ingenium</strong></span> <span class='ocrx_word' id='word_1_516' title='bbox 1491 2432 1573 2463; x_wconf 78' lang='lat' dir='ltr'><strong>inihi</strong></span> 
     </span>
     <span class='ocr_line' id='line_1_98' title="bbox 868 2476 1574 2519; baseline 0.007 -13"><span class='ocrx_word' id='word_1_517' title='bbox 868 2476 1034 2517; x_wconf 86' lang='lat' dir='ltr'><strong>largitur:</strong></span> <span class='ocrx_word' id='word_1_518' title='bbox 1059 2486 1124 2507; x_wconf 87' lang='lat' dir='ltr'><strong>non</strong></span> <span class='ocrx_word' id='word_1_519' title='bbox 1142 2481 1254 2509; x_wconf 87' lang='lat' dir='ltr'><strong>autem</strong></span> <span class='ocrx_word' id='word_1_520' title='bbox 1274 2477 1409 2519; x_wconf 84' lang='lat' dir='ltr'><strong>Apollo,</strong></span> <span class='ocrx_word' id='word_1_521' title='bbox 1423 2485 1482 2510; x_wconf 87' lang='lat' dir='ltr'><strong>aut</strong></span> <span class='ocrx_word' id='word_1_522' title='bbox 1499 2481 1574 2510; x_wconf 89' lang='lat' dir='ltr'><strong>Mu-</strong></span> 
     </span>
     <span class='ocr_line' id='line_1_99' title="bbox 870 2526 1574 2568; baseline 0.001 -10"><span class='ocrx_word' id='word_1_523' title='bbox 870 2537 981 2558; x_wconf 83' lang='lat' dir='ltr'><strong>sarum</strong></span> <span class='ocrx_word' id='word_1_524' title='bbox 1013 2527 1174 2558; x_wconf 80' lang='lat' dir='ltr'><strong>Po&#39;e&#39;ticus</strong></span> <span class='ocrx_word' id='word_1_525' title='bbox 1200 2526 1574 2568; x_wconf 65' lang='lat' dir='ltr'><strong>furor.-1ngenii,‹s·c.]</strong></span> 
     </span>
     <span class='ocr_line' id='line_1_100' title="bbox 870 2578 1570 2619; baseline 0 -10"><span class='ocrx_word' id='word_1_526' title='bbox 870 2578 909 2609; x_wconf 90' lang='lat' dir='ltr'><strong>Id</strong></span> <span class='ocrx_word' id='word_1_527' title='bbox 927 2584 991 2618; x_wconf 82' lang='lat' dir='ltr'><strong>est,</strong></span> <span class='ocrx_word' id='word_1_528' title='bbox 1008 2579 1093 2611; x_wconf 80' lang='lat' dir='ltr'><strong>Quae</strong></span> <span class='ocrx_word' id='word_1_529' title='bbox 1112 2579 1240 2610; x_wconf 88' lang='lat' dir='ltr'><strong>ventris</strong></span> <span class='ocrx_word' id='word_1_530' title='bbox 1257 2579 1376 2616; x_wconf 62' lang='lat' dir='ltr'><strong>fames,</strong></span> <span class='ocrx_word' id='word_1_531' title='bbox 1399 2579 1570 2619; x_wconf 81' lang='lat' dir='ltr'><strong>ingenium</strong></span> 
     </span>
     <span class='ocr_line' id='line_1_101' title="bbox 870 2629 1571 2668; baseline 0.001 -9"><span class='ocrx_word' id='word_1_532' title='bbox 870 2634 903 2659; x_wconf 83' lang='lat' dir='ltr'><strong>et</strong></span> <span class='ocrx_word' id='word_1_533' title='bbox 921 2638 1063 2659; x_wconf 85' lang='lat' dir='ltr'><strong>acumen</strong></span> <span class='ocrx_word' id='word_1_534' title='bbox 1080 2630 1194 2660; x_wconf 84' lang='lat' dir='ltr'><strong>multis</strong></span> <span class='ocrx_word' id='word_1_535' title='bbox 1211 2629 1363 2666; x_wconf 68' lang='lat' dir='ltr'><strong>largitur,</strong></span> <span class='ocrx_word' id='word_1_536' title='bbox 1386 2638 1461 2668; x_wconf 71' lang='lat' dir='ltr'><strong>quae</strong></span> <span class='ocrx_word' id='word_1_537' title='bbox 1478 2638 1497 2658; x_wconf 91' lang='lat' dir='ltr'><strong>a</strong></span> <span class='ocrx_word' id='word_1_538' title='bbox 1514 2638 1571 2660; x_wconf 85' lang='lat' dir='ltr'><strong>na-</strong></span> 
     </span>
     <span class='ocr_line' id='line_1_102' title="bbox 872 2678 1573 2709; baseline 0.001 -1"><span class='ocrx_word' id='word_1_539' title='bbox 872 2683 948 2708; x_wconf 84' lang='lat' dir='ltr'><strong>tura</strong></span> <span class='ocrx_word' id='word_1_540' title='bbox 965 2688 1030 2709; x_wconf 92' lang='lat' dir='ltr'><strong>uon</strong></span> <span class='ocrx_word' id='word_1_541' title='bbox 1044 2678 1179 2709; x_wconf 74' lang='lat' dir='ltr'><strong>habeut.</strong></span> <span class='ocrx_word' id='word_1_542' title='bbox 1227 2679 1400 2708; x_wconf 69' lang='lat' dir='ltr'><strong>Novorum</strong></span> <span class='ocrx_word' id='word_1_543' title='bbox 1417 2678 1504 2709; x_wconf 87' lang='lat' dir='ltr'><strong>enim</strong></span> <span class='ocrx_word' id='word_1_544' title='bbox 1521 2689 1573 2709; x_wconf 81' lang='lat' dir='ltr'><strong>ar-</strong></span> 
     </span>
     <span class='ocr_line' id='line_1_103' title="bbox 871 2728 1571 2769; baseline 0.003 -10"><span class='ocrx_word' id='word_1_545' title='bbox 871 2728 1051 2761; x_wconf 84' lang='lat' dir='ltr'><strong>tificiorum</strong></span> <span class='ocrx_word' id='word_1_546' title='bbox 1081 2729 1241 2769; x_wconf 79' lang='lat' dir='ltr'><strong>magistra</strong></span> <span class='ocrx_word' id='word_1_547' title='bbox 1267 2733 1302 2759; x_wconf 81' lang='lat' dir='ltr'><strong>et</strong></span> <span class='ocrx_word' id='word_1_548' title='bbox 1318 2728 1487 2760; x_wconf 77' lang='lat' dir='ltr'><strong>inventrix</strong></span> <span class='ocrx_word' id='word_1_549' title='bbox 1504 2730 1571 2761; x_wconf 85' lang='lat' dir='ltr'><strong>ino-</strong></span> 
     </span>
    </p>
   </div>
   <div class='ocr_carea' id='block_1_5' title="bbox 810 2783 1483 2814">
    <p class='ocr_par' dir='ltr' id='par_1_10' title="bbox 810 2783 1483 2814">
     <span class='ocr_line' id='line_1_104' title="bbox 810 2783 1483 2814; baseline 0 0"><span class='ocrx_word' id='word_1_550' title='bbox 810 2783 901 2814; x_wconf 76' lang='lat' dir='ltr'><strong>Pers.</strong></span> <span class='ocrx_word' id='word_1_551' title='bbox 1452 2784 1483 2814; x_wconf 92' lang='lat' dir='ltr'>N</span> 
     </span>
    </p>
   </div>
  </div>
 </body>
</html>
