<?xml version="1.0" encoding="UTF-8"?>
<!DOCTYPE html PUBLIC "-//W3C//DTD XHTML 1.0 Transitional//EN"
    "http://www.w3.org/TR/xhtml1/DTD/xhtml1-transitional.dtd">
<html xmlns="http://www.w3.org/1999/xhtml" xml:lang="en" lang="en">
 <head>
  <title>
</title>
<meta http-equiv="Content-Type" content="text/html;charset=utf-8" />
  <meta name='ocr-system' content='tesseract 3.04.00' />
  <meta name='ocr-capabilities' content='ocr_page ocr_carea ocr_par ocr_line ocrx_word'/>
</head>
<body>
  <div class='ocr_page' id='page_1' title='image "./operaomnia00persuoft_0167.png"; bbox 0 0 1888 3032; ppageno 0'>
   <div class='ocr_carea' id='block_1_1' title="bbox 735 156 989 188">
    <p class='ocr_par' dir='ltr' id='par_1_1' title="bbox 735 156 989 188">
     <span class='ocr_line' id='line_1_1' title="bbox 735 156 989 188; baseline 0 -2"><span class='ocrx_word' id='word_1_1' title='bbox 735 156 916 188; x_wconf 65' lang='lat' dir='ltr'>SATIRA</span> <span class='ocrx_word' id='word_1_2' title='bbox 950 159 989 187; x_wconf 85' lang='lat' dir='ltr'>V.</span> 
     </span>
    </p>
   </div>
   <div class='ocr_carea' id='block_1_2' title="bbox 139 252 1458 371">
    <p class='ocr_par' dir='ltr' id='par_1_2' title="bbox 139 252 1458 371">
     <span class='ocr_line' id='line_1_2' title="bbox 139 252 1261 307; baseline -0.003 -12"><span class='ocrx_word' id='word_1_3' title='bbox 139 254 210 295; x_wconf 84' lang='lat' dir='ltr'>Ne</span> <span class='ocrx_word' id='word_1_4' title='bbox 231 253 445 306; x_wconf 81' lang='lat' dir='ltr'>trepidare</span> <span class='ocrx_word' id='word_1_5' title='bbox 466 252 593 302; x_wconf 72' lang='lat' dir='ltr'>velis,</span> <span class='ocrx_word' id='word_1_6' title='bbox 611 256 742 307; x_wconf 87' lang='lat' dir='ltr'>atque</span> <span class='ocrx_word' id='word_1_7' title='bbox 764 257 907 294; x_wconf 78' lang='lat' dir='ltr'>arctos</span> <span class='ocrx_word' id='word_1_8' title='bbox 928 253 1082 294; x_wconf 82' lang='lat' dir='ltr'>rodere</span> <span class='ocrx_word' id='word_1_9' title='bbox 1100 265 1261 294; x_wconf 82' lang='lat' dir='ltr'>casses.</span> 
     </span>
     <span class='ocr_line' id='line_1_3' title="bbox 719 320 1458 371; baseline 0.001 -10"><span class='ocrx_word' id='word_1_10' title='bbox 719 326 778 369; x_wconf 87' lang='lat' dir='ltr'>at,</span> <span class='ocrx_word' id='word_1_11' title='bbox 801 322 840 361; x_wconf 86' lang='lat' dir='ltr'>si</span> <span class='ocrx_word' id='word_1_12' title='bbox 859 325 1000 370; x_wconf 87' lang='lat' dir='ltr'>vocet,</span> <span class='ocrx_word' id='word_1_13' title='bbox 1021 321 1139 360; x_wconf 88' lang='lat' dir='ltr'>haud</span> <span class='ocrx_word' id='word_1_14' title='bbox 1161 333 1298 370; x_wconf 85' lang='lat' dir='ltr'>mora,</span> <span class='ocrx_word' id='word_1_15' title='bbox 1321 320 1458 371; x_wconf 83' lang='lat' dir='ltr'>dicas,</span> 
     </span>
    </p>
   </div>
   <div class='ocr_carea' id='block_1_3' title="bbox 140 321 685 362">
    <p class='ocr_par' dir='ltr' id='par_1_3' title="bbox 140 321 685 362">
     <span class='ocr_line' id='line_1_4' title="bbox 140 321 685 362; baseline 0.002 -1"><span class='ocrx_word' id='word_1_16' title='bbox 140 321 185 362; x_wconf 92' lang='lat' dir='ltr'>N</span> <span class='ocrx_word' id='word_1_17' title='bbox 188 335 272 362; x_wconf 86' lang='lat' dir='ltr'>unc</span> <span class='ocrx_word' id='word_1_18' title='bbox 292 322 409 362; x_wconf 78' lang='lat' dir='ltr'>serus</span> <span class='ocrx_word' id='word_1_19' title='bbox 430 325 473 361; x_wconf 83' lang='lat' dir='ltr'>et</span> <span class='ocrx_word' id='word_1_20' title='bbox 493 322 657 361; x_wconf 73' lang='lat' dir='ltr'>violens</span> <span class='ocrx_word' id='word_1_21' title='bbox 677 336 685 362; x_wconf 90' lang='lat'><strong>:</strong></span> 
     </span>
    </p>
   </div>
   <div class='ocr_carea' id='block_1_4' title="bbox 138 387 1492 509">
    <p class='ocr_par' dir='ltr' id='par_1_4' title="bbox 138 387 1492 509">
     <span class='ocr_line' id='line_1_5' title="bbox 138 387 1492 439; baseline 0.001 -10"><span class='ocrx_word' id='word_1_22' title='bbox 138 387 355 439; x_wconf 83' lang='lat' dir='ltr'>Quidnam</span> <span class='ocrx_word' id='word_1_23' title='bbox 377 389 503 438; x_wconf 66' lang='lat' dir='ltr'>igitur</span> <span class='ocrx_word' id='word_1_24' title='bbox 522 389 713 428; x_wconf 72' lang='lat' dir='ltr'>faciam?</span> <span class='ocrx_word' id='word_1_25' title='bbox 746 401 797 427; x_wconf 90' lang='lat' dir='ltr'>ne</span> <span class='ocrx_word' id='word_1_26' title='bbox 818 401 943 436; x_wconf 86' lang='lat' dir='ltr'>nunc,</span> <span class='ocrx_word' id='word_1_27' title='bbox 967 401 1066 428; x_wconf 86' lang='lat' dir='ltr'>cum</span> <span class='ocrx_word' id='word_1_28' title='bbox 1088 402 1298 439; x_wconf 83' lang='lat' dir='ltr'>arcessor,</span> <span class='ocrx_word' id='word_1_29' title='bbox 1319 395 1362 430; x_wconf 87' lang='lat' dir='ltr'>et</span> <span class='ocrx_word' id='word_1_30' title='bbox 1381 391 1492 430; x_wconf 88' lang='lat' dir='ltr'>ultro</span> 
     </span>
     <span class='ocr_line' id='line_1_6' title="bbox 140 456 1252 509; baseline 0.001 -14"><span class='ocrx_word' id='word_1_31' title='bbox 140 456 389 509; x_wconf 83' lang='lat' dir='ltr'>Supplicat,</span> <span class='ocrx_word' id='word_1_32' title='bbox 411 456 619 496; x_wconf 75' lang='lat' dir='ltr'>accedam</span> <span class='ocrx_word' id='word_1_33' title='bbox 637 457 654 495; x_wconf 78' lang='lat' dir='ltr'>‘l</span> <span class='ocrx_word' id='word_1_34' title='bbox 689 456 736 495; x_wconf 88' lang='lat' dir='ltr'>Si</span> <span class='ocrx_word' id='word_1_35' title='bbox 758 460 872 496; x_wconf 83' lang='lat' dir='ltr'>totus</span> <span class='ocrx_word' id='word_1_36' title='bbox 895 461 938 495; x_wconf 90' lang='lat' dir='ltr'>et</span> <span class='ocrx_word' id='word_1_37' title='bbox 959 457 1115 508; x_wconf 81' lang='lat' dir='ltr'>integer</span> <span class='ocrx_word' id='word_1_38' title='bbox 1136 456 1252 496; x_wconf 86' lang='lat' dir='ltr'>illinc</span> 
     </span>
    </p>
   </div>
   <div class='ocr_carea' id='block_1_5' title="bbox 135 566 1594 649">
    <p class='ocr_par' dir='ltr' id='par_1_5' title="bbox 135 566 1594 649">
     <span class='ocr_line' id='line_1_7' title="bbox 137 566 1593 608; baseline 0 -10"><span class='ocrx_word' id='word_1_39' title='bbox 137 569 258 608; x_wconf 77' lang='lat' dir='ltr'>laqueos</span> <span class='ocrx_word' id='word_1_40' title='bbox 268 569 420 598; x_wconf 79' lang='lat' dir='ltr'><strong><em>arrodere.</em></strong></span> <span class='ocrx_word' id='word_1_41' title='bbox 464 568 512 597; x_wconf 90' lang='lat' dir='ltr'>Tu</span> <span class='ocrx_word' id='word_1_42' title='bbox 531 567 666 607; x_wconf 80' lang='lat' dir='ltr'>quidem</span> <span class='ocrx_word' id='word_1_43' title='bbox 684 567 769 596; x_wconf 81' lang='lat' dir='ltr'>modo</span> <span class='ocrx_word' id='word_1_44' title='bbox 789 566 885 604; x_wconf 75' lang='lat' dir='ltr'>ferox</span> <span class='ocrx_word' id='word_1_45' title='bbox 901 576 936 596; x_wconf 87' lang='lat' dir='ltr'>es</span> <span class='ocrx_word' id='word_1_46' title='bbox 959 570 987 597; x_wconf 82' lang='lat' dir='ltr'>ct</span> <span class='ocrx_word' id='word_1_47' title='bbox 1008 567 1172 598; x_wconf 79' lang='lat' dir='ltr'>rehemens.</span> <span class='ocrx_word' id='word_1_48' title='bbox 1217 567 1328 598; x_wconf 67' lang='lat' dir='ltr'>Verum</span> <span class='ocrx_word' id='word_1_49' title='bbox 1349 568 1377 597; x_wconf 84' lang='lat' dir='ltr'>si</span> <span class='ocrx_word' id='word_1_50' title='bbox 1392 571 1528 598; x_wconf 80' lang='lat' dir='ltr'>accersat</span> <span class='ocrx_word' id='word_1_51' title='bbox 1545 570 1593 607; x_wconf 83' lang='lat' dir='ltr'>te,</span> 
     </span>
     <span class='ocr_line' id='line_1_8' title="bbox 135 609 1594 649; baseline 0.001 -9"><span class='ocrx_word' id='word_1_52' title='bbox 135 611 243 641; x_wconf 77' lang='lat' dir='ltr'>statim</span> <span class='ocrx_word' id='word_1_53' title='bbox 259 611 358 640; x_wconf 75' lang='lat' dir='ltr'>dices:</span> <span class='ocrx_word' id='word_1_54' title='bbox 397 610 481 647; x_wconf 70' lang='lat' dir='ltr'>Ergo</span> <span class='ocrx_word' id='word_1_55' title='bbox 497 610 571 649; x_wconf 80' lang='lat' dir='ltr'>qnid</span> <span class='ocrx_word' id='word_1_56' title='bbox 597 609 712 646; x_wconf 74' lang='lat' dir='ltr'>agam?</span> <span class='ocrx_word' id='word_1_57' title='bbox 752 609 802 639; x_wconf 74' lang='lat' dir='ltr'>An</span> <span class='ocrx_word' id='word_1_58' title='bbox 832 619 890 639; x_wconf 79' lang='lat' dir='ltr'>non</span> <span class='ocrx_word' id='word_1_59' title='bbox 918 610 966 640; x_wconf 75' lang='lat' dir='ltr'>ibo</span> <span class='ocrx_word' id='word_1_60' title='bbox 995 611 1034 639; x_wconf 77' lang='lat' dir='ltr'>ad</span> <span class='ocrx_word' id='word_1_61' title='bbox 1053 619 1139 647; x_wconf 82' lang='lat' dir='ltr'>eam,</span> <span class='ocrx_word' id='word_1_62' title='bbox 1163 613 1234 639; x_wconf 81' lang='lat' dir='ltr'>tnnc</span> <span class='ocrx_word' id='word_1_63' title='bbox 1249 612 1364 649; x_wconf 76' lang='lat' dir='ltr'>qnando</span> <span class='ocrx_word' id='word_1_64' title='bbox 1382 621 1432 640; x_wconf 79' lang='lat' dir='ltr'>ine</span> <span class='ocrx_word' id='word_1_65' title='bbox 1449 614 1547 648; x_wconf 77' lang='lat' dir='ltr'>vocat,</span> <span class='ocrx_word' id='word_1_66' title='bbox 1563 614 1594 641; x_wconf 82' lang='lat' dir='ltr'>et</span> 
     </span>
    </p>
   </div>
   <div class='ocr_carea' id='block_1_6' title="bbox 135 652 1414 693">
    <p class='ocr_par' dir='ltr' id='par_1_6' title="bbox 135 652 1414 693">
     <span class='ocr_line' id='line_1_9' title="bbox 135 652 1414 693; baseline 0.001 -10"><span class='ocrx_word' id='word_1_67' title='bbox 135 656 240 693; x_wconf 75' lang='lat' dir='ltr'>sponte</span> <span class='ocrx_word' id='word_1_68' title='bbox 256 652 372 691; x_wconf 77' lang='lat' dir='ltr'>rogat?</span> <span class='ocrx_word' id='word_1_69' title='bbox 409 652 445 682; x_wconf 64' lang='lat' dir='ltr'>Se·</span> <span class='ocrx_word' id='word_1_70' title='bbox 462 655 545 682; x_wconf 81' lang='lat' dir='ltr'>totus</span> <span class='ocrx_word' id='word_1_71' title='bbox 561 655 590 682; x_wconf 77' lang='lat' dir='ltr'>et</span> <span class='ocrx_word' id='word_1_72' title='bbox 607 653 729 690; x_wconf 75' lang='lat' dir='ltr'><em>integer</em></span> <span class='ocrx_word' id='word_1_73' title='bbox 745 652 815 682; x_wconf 79' lang='lat' dir='ltr'>inde</span> <span class='ocrx_word' id='word_1_74' title='bbox 831 662 1010 690; x_wconf 76' lang='lat' dir='ltr'><em>recesseras,</em></span> <span class='ocrx_word' id='word_1_75' title='bbox 1032 662 1126 692; x_wconf 80' lang='lat' dir='ltr'>neque</span> <span class='ocrx_word' id='word_1_76' title='bbox 1142 656 1214 682; x_wconf 80' lang='lat' dir='ltr'>tunc</span> <span class='ocrx_word' id='word_1_77' title='bbox 1231 653 1279 683; x_wconf 78' lang='lat' dir='ltr'>irc</span> <span class='ocrx_word' id='word_1_78' title='bbox 1297 653 1414 684; x_wconf 71' lang='lat' dir='ltr'>dobes.</span> 
     </span>
    </p>
   </div>
   <div class='ocr_carea' id='block_1_7' title="bbox 747 745 858 756">
    <p class='ocr_par' dir='ltr' id='par_1_7' title="bbox 747 745 858 756">
     <span class='ocr_line' id='line_1_10' title="bbox 747 745 858 756; baseline 0 0"><span class='ocrx_word' id='word_1_79' title='bbox 747 745 858 756; x_wconf 68' lang='lat' dir='ltr'>eeeeee</span> 
     </span>
    </p>
   </div>
   <div class='ocr_carea' id='block_1_8' title="bbox 1461 653 1594 692">
    <p class='ocr_par' dir='ltr' id='par_1_8' title="bbox 1461 653 1594 692">
     <span class='ocr_line' id='line_1_11' title="bbox 1461 653 1594 692; baseline 0 -9"><span class='ocrx_word' id='word_1_80' title='bbox 1461 653 1518 684; x_wconf 74' lang='lat' dir='ltr'>Ille</span> <span class='ocrx_word' id='word_1_81' title='bbox 1531 653 1594 692; x_wconf 80' lang='lat' dir='ltr'>ille,</span> 
     </span>
    </p>
   </div>
   <div class='ocr_carea' id='block_1_9' title="bbox 863 745 978 756">
    <p class='ocr_par' dir='ltr' id='par_1_9' title="bbox 863 745 978 756">
     <span class='ocr_line' id='line_1_12' title="bbox 863 745 978 756; baseline 0 0"><span class='ocrx_word' id='word_1_82' title='bbox 863 745 978 756; x_wconf 62' lang='lat' dir='ltr'>eeeeee</span> 
     </span>
    </p>
   </div>
   <div class='ocr_carea' id='block_1_10' title="bbox 133 801 1594 840">
    <p class='ocr_par' dir='ltr' id='par_1_10' title="bbox 133 801 1594 840">
     <span class='ocr_line' id='line_1_13' title="bbox 133 801 1594 840; baseline -0.001 -9"><span class='ocrx_word' id='word_1_83' title='bbox 133 805 241 832; x_wconf 78' lang='lat' dir='ltr'>unctas</span> <span class='ocrx_word' id='word_1_84' title='bbox 256 803 403 833; x_wconf 76' lang='lat' dir='ltr'>C.-170</span> <span class='ocrx_word' id='word_1_85' title='bbox 427 813 480 833; x_wconf 79' lang='lat' dir='ltr'>nec</span> <span class='ocrx_word' id='word_1_86' title='bbox 497 802 654 840; x_wconf 75' lang='lat' dir='ltr'>trepidare</span> <span class='ocrx_word' id='word_1_87' title='bbox 680 802 746 832; x_wconf 77' lang='lat' dir='ltr'>Ms.</span> <span class='ocrx_word' id='word_1_88' title='bbox 775 802 962 832; x_wconf 55' lang='lat' dir='ltr'>Cat—472</span> <span class='ocrx_word' id='word_1_89' title='bbox 986 810 1041 831; x_wconf 77' lang='lat' dir='ltr'>nec</span> <span class='ocrx_word' id='word_1_90' title='bbox 1056 811 1134 831; x_wconf 78' lang='lat' dir='ltr'>nunc</span> <span class='ocrx_word' id='word_1_91' title='bbox 1152 811 1220 831; x_wconf 82' lang='lat' dir='ltr'>cum</span> <span class='ocrx_word' id='word_1_92' title='bbox 1236 810 1372 832; x_wconf 78' lang='lat' dir='ltr'>arcersor</span> <span class='ocrx_word' id='word_1_93' title='bbox 1389 801 1455 832; x_wconf 63' lang='grc' dir='ltr'>ΜΞ.</span> <span class='ocrx_word' id='word_1_94' title='bbox 1473 801 1594 832; x_wconf 75' lang='lat' dir='ltr'>Gal.—</span> 
     </span>
    </p>
   </div>
   <div class='ocr_carea' id='block_1_11' title="bbox 139 845 602 885">
    <p class='ocr_par' dir='ltr' id='par_1_11' title="bbox 139 845 602 885">
     <span class='ocr_line' id='line_1_14' title="bbox 139 845 602 885; baseline 0 -10"><span class='ocrx_word' id='word_1_95' title='bbox 139 847 198 875; x_wconf 75' lang='lat'>173</span> <span class='ocrx_word' id='word_1_96' title='bbox 220 845 369 885; x_wconf 78' lang='lat' dir='ltr'><em>supplicet</em></span> <span class='ocrx_word' id='word_1_97' title='bbox 392 846 483 876; x_wconf 88' lang='lat' dir='ltr'>Edit.</span> <span class='ocrx_word' id='word_1_98' title='bbox 513 846 602 885; x_wconf 79' lang='lat' dir='ltr'>vulg.</span> 
     </span>
    </p>
   </div>
   <div class='ocr_carea' id='block_1_12' title="bbox 804 918 940 949">
    <p class='ocr_par' dir='ltr' id='par_1_12' title="bbox 804 918 940 949">
     <span class='ocr_line' id='line_1_15' title="bbox 804 918 940 949; baseline 0 0"><span class='ocrx_word' id='word_1_99' title='bbox 804 918 940 949; x_wconf 74' lang='lat' dir='ltr'>NOTAE</span> 
     </span>
    </p>
   </div>
   <div class='ocr_carea' id='block_1_13' title="bbox 125 994 838 2748">
    <p class='ocr_par' dir='ltr' id='par_1_13' title="bbox 136 994 838 1086">
     <span class='ocr_line' id='line_1_16' title="bbox 136 994 838 1027; baseline 0.001 -4"><span class='ocrx_word' id='word_1_100' title='bbox 136 995 230 1027; x_wconf 80' lang='lat' dir='ltr'>abuti</span> <span class='ocrx_word' id='word_1_101' title='bbox 249 996 379 1027; x_wconf 74' lang='lat' dir='ltr'>soleant</span> <span class='ocrx_word' id='word_1_102' title='bbox 395 995 592 1027; x_wconf 76' lang='lat' dir='ltr'>meretrices</span> <span class='ocrx_word' id='word_1_103' title='bbox 610 994 733 1026; x_wconf 83' lang='lat' dir='ltr'>stolida</span> <span class='ocrx_word' id='word_1_104' title='bbox 749 1003 838 1025; x_wconf 83' lang='lat' dir='ltr'>ama-</span> 
     </span>
     <span class='ocr_line' id='line_1_17' title="bbox 137 1046 436 1086; baseline 0.003 -11"><span class='ocrx_word' id='word_1_105' title='bbox 137 1050 246 1076; x_wconf 83' lang='lat' dir='ltr'>torum</span> <span class='ocrx_word' id='word_1_106' title='bbox 261 1046 436 1086; x_wconf 85' lang='lat' dir='ltr'>patientia.</span> 
     </span>
    </p>

    <p class='ocr_par' dir='ltr' id='par_1_14' title="bbox 134 1095 837 1238">
     <span class='ocr_line' id='line_1_18' title="bbox 180 1095 837 1137; baseline 0.002 -11"><span class='ocrx_word' id='word_1_107' title='bbox 180 1095 301 1136; x_wconf 83' lang='lat' dir='ltr'>Rubra]</span> <span class='ocrx_word' id='word_1_108' title='bbox 325 1096 530 1128; x_wconf 76' lang='lat' dir='ltr'>Delicatulae</span> <span class='ocrx_word' id='word_1_109' title='bbox 567 1097 725 1128; x_wconf 81' lang='lat' dir='ltr'>mulieres</span> <span class='ocrx_word' id='word_1_110' title='bbox 759 1107 837 1137; x_wconf 85' lang='lat' dir='ltr'>pur-</span> 
     </span>
     <span class='ocr_line' id='line_1_19' title="bbox 134 1146 836 1184; baseline 0.003 -9"><span class='ocrx_word' id='word_1_111' title='bbox 134 1154 256 1184; x_wconf 83' lang='lat' dir='ltr'>pureas</span> <span class='ocrx_word' id='word_1_112' title='bbox 285 1146 442 1176; x_wconf 85' lang='lat' dir='ltr'>amabant</span> <span class='ocrx_word' id='word_1_113' title='bbox 472 1147 591 1184; x_wconf 89' lang='lat' dir='ltr'>soleas,</span> <span class='ocrx_word' id='word_1_114' title='bbox 621 1157 702 1177; x_wconf 83' lang='lat' dir='ltr'>auro</span> <span class='ocrx_word' id='word_1_115' title='bbox 732 1147 836 1178; x_wconf 87' lang='lat' dir='ltr'>etiam</span> 
     </span>
     <span class='ocr_line' id='line_1_20' title="bbox 134 1195 722 1238; baseline 0.005 -13"><span class='ocrx_word' id='word_1_116' title='bbox 134 1195 327 1236; x_wconf 67' lang='lat' dir='ltr'>distinctas,</span> <span class='ocrx_word' id='word_1_117' title='bbox 341 1197 509 1228; x_wconf 83' lang='lat' dir='ltr'>interdum</span> <span class='ocrx_word' id='word_1_118' title='bbox 524 1202 559 1228; x_wconf 87' lang='lat' dir='ltr'>et</span> <span class='ocrx_word' id='word_1_119' title='bbox 573 1198 722 1238; x_wconf 83' lang='lat' dir='ltr'>gemmis.</span> 
     </span>
    </p>

    <p class='ocr_par' dir='ltr' id='par_1_15' title="bbox 132 1248 836 1791">
     <span class='ocr_line' id='line_1_21' title="bbox 178 1248 836 1289; baseline 0.003 -12"><span class='ocrx_word' id='word_1_120' title='bbox 178 1249 240 1278; x_wconf 93' lang='grc'><strong>170</strong></span> <span class='ocrx_word' id='word_1_121' title='bbox 265 1248 314 1278; x_wconf 83' lang='lat' dir='ltr'>Ne</span> <span class='ocrx_word' id='word_1_122' title='bbox 342 1249 497 1288; x_wconf 72' lang='lat' dir='ltr'>trepidare</span> <span class='ocrx_word' id='word_1_123' title='bbox 516 1249 604 1289; x_wconf 73' lang='lat' dir='ltr'>retis]</span> <span class='ocrx_word' id='word_1_124' title='bbox 637 1249 775 1288; x_wconf 75' lang='lat' dir='ltr'>Chrysis</span> <span class='ocrx_word' id='word_1_125' title='bbox 803 1253 836 1280; x_wconf 89' lang='lat' dir='ltr'>te</span> 
     </span>
     <span class='ocr_line' id='line_1_22' title="bbox 134 1296 836 1339; baseline 0.003 -12"><span class='ocrx_word' id='word_1_126' title='bbox 134 1296 350 1338; x_wconf 79' lang='lat' dir='ltr'>objurgabit3</span> <span class='ocrx_word' id='word_1_127' title='bbox 379 1303 415 1329; x_wconf 93' lang='lat' dir='ltr'>ut</span> <span class='ocrx_word' id='word_1_128' title='bbox 444 1299 492 1330; x_wconf 85' lang='lat' dir='ltr'>ita</span> <span class='ocrx_word' id='word_1_129' title='bbox 515 1299 715 1339; x_wconf 80' lang='lat' dir='ltr'>castigatus,</span> <span class='ocrx_word' id='word_1_130' title='bbox 744 1298 836 1329; x_wconf 89' lang='lat' dir='ltr'>dein-</span> 
     </span>
     <span class='ocr_line' id='line_1_23' title="bbox 135 1349 836 1390; baseline 0.003 -13"><span class='ocrx_word' id='word_1_131' title='bbox 135 1357 217 1387; x_wconf 85' lang='lat' dir='ltr'>ceps</span> <span class='ocrx_word' id='word_1_132' title='bbox 233 1358 300 1379; x_wconf 87' lang='lat' dir='ltr'>non</span> <span class='ocrx_word' id='word_1_133' title='bbox 316 1352 428 1380; x_wconf 85' lang='lat' dir='ltr'>tentes</span> <span class='ocrx_word' id='word_1_134' title='bbox 446 1349 548 1380; x_wconf 91' lang='lat' dir='ltr'>ullum</span> <span class='ocrx_word' id='word_1_135' title='bbox 573 1350 641 1380; x_wconf 83' lang='lat' dir='ltr'>suis</span> <span class='ocrx_word' id='word_1_136' title='bbox 666 1359 684 1380; x_wconf 91' lang='lat' dir='ltr'>e</span> <span class='ocrx_word' id='word_1_137' title='bbox 706 1350 836 1390; x_wconf 86' lang='lat' dir='ltr'><strong>laqueis</strong></span> 
     </span>
     <span class='ocr_line' id='line_1_24' title="bbox 135 1396 835 1438; baseline 0.003 -11"><span class='ocrx_word' id='word_1_138' title='bbox 135 1396 308 1438; x_wconf 78' lang='lat' dir='ltr'>effugium.</span> <span class='ocrx_word' id='word_1_139' title='bbox 332 1398 402 1428; x_wconf 81' lang='lat' dir='ltr'>Alii</span> <span class='ocrx_word' id='word_1_140' title='bbox 418 1398 622 1429; x_wconf 85' lang='lat' dir='ltr'>sententiam</span> <span class='ocrx_word' id='word_1_141' title='bbox 635 1399 719 1429; x_wconf 84' lang='lat' dir='ltr'>hanc</span> <span class='ocrx_word' id='word_1_142' title='bbox 732 1409 751 1429; x_wconf 87' lang='lat' dir='ltr'>a</span> <span class='ocrx_word' id='word_1_143' title='bbox 769 1399 835 1438; x_wconf 88' lang='lat' dir='ltr'>pri-</span> 
     </span>
     <span class='ocr_line' id='line_1_25' title="bbox 134 1448 836 1489; baseline 0.001 -11"><span class='ocrx_word' id='word_1_144' title='bbox 134 1448 184 1478; x_wconf 85' lang='lat' dir='ltr'>ori</span> <span class='ocrx_word' id='word_1_145' title='bbox 211 1449 403 1489; x_wconf 80' lang='lat' dir='ltr'>sejungunt,</span> <span class='ocrx_word' id='word_1_146' title='bbox 425 1449 607 1488; x_wconf 86' lang='lat' dir='ltr'>interjecto</span> <span class='ocrx_word' id='word_1_147' title='bbox 625 1455 771 1489; x_wconf 82' lang='lat' dir='ltr'>puncto:</span> <span class='ocrx_word' id='word_1_148' title='bbox 798 1454 836 1480; x_wconf 92' lang='lat' dir='ltr'>ut</span> 
     </span>
     <span class='ocr_line' id='line_1_26' title="bbox 135 1499 834 1541; baseline 0.001 -12"><span class='ocrx_word' id='word_1_149' title='bbox 135 1508 252 1530; x_wconf 81' lang='lat' dir='ltr'>sensns</span> <span class='ocrx_word' id='word_1_150' title='bbox 267 1500 331 1537; x_wconf 73' lang='lat' dir='ltr'>sit,</span> <span class='ocrx_word' id='word_1_151' title='bbox 349 1499 474 1530; x_wconf 78' lang='lat' dir='ltr'>frustra</span> <span class='ocrx_word' id='word_1_152' title='bbox 491 1505 543 1530; x_wconf 83' lang='lat' dir='ltr'>est</span> <span class='ocrx_word' id='word_1_153' title='bbox 559 1500 649 1541; x_wconf 88' lang='lat' dir='ltr'>qnod</span> <span class='ocrx_word' id='word_1_154' title='bbox 668 1500 834 1540; x_wconf 80' lang='lat' dir='ltr'>trepidas,</span> 
     </span>
     <span class='ocr_line' id='line_1_27' title="bbox 134 1549 835 1590; baseline 0.001 -11"><span class='ocrx_word' id='word_1_155' title='bbox 134 1553 169 1579; x_wconf 86' lang='lat' dir='ltr'>et</span> <span class='ocrx_word' id='word_1_156' title='bbox 187 1549 310 1580; x_wconf 83' lang='lat' dir='ltr'>videris</span> <span class='ocrx_word' id='word_1_157' title='bbox 335 1559 488 1590; x_wconf 67' lang='lat' dir='ltr'>quaerere</span> <span class='ocrx_word' id='word_1_158' title='bbox 504 1549 707 1589; x_wconf 86' lang='lat' dir='ltr'>libertatern,</span> <span class='ocrx_word' id='word_1_159' title='bbox 735 1550 835 1580; x_wconf 86' lang='lat' dir='ltr'>immo</span> 
     </span>
     <span class='ocr_line' id='line_1_28' title="bbox 133 1599 832 1641; baseline 0.001 -12"><span class='ocrx_word' id='word_1_160' title='bbox 133 1608 214 1629; x_wconf 82' lang='lat' dir='ltr'>vero</span> <span class='ocrx_word' id='word_1_161' title='bbox 237 1599 335 1639; x_wconf 83' lang='lat' dir='ltr'>plane</span> <span class='ocrx_word' id='word_1_162' title='bbox 352 1599 515 1638; x_wconf 84' lang='lat' dir='ltr'>irretitus,</span> <span class='ocrx_word' id='word_1_163' title='bbox 531 1605 569 1631; x_wconf 84' lang='lat' dir='ltr'>ut</span> <span class='ocrx_word' id='word_1_164' title='bbox 585 1610 632 1640; x_wconf 84' lang='lat' dir='ltr'>es,</span> <span class='ocrx_word' id='word_1_165' title='bbox 649 1605 684 1631; x_wconf 90' lang='lat' dir='ltr'>et</span> <span class='ocrx_word' id='word_1_166' title='bbox 699 1607 832 1641; x_wconf 75' lang='lat' dir='ltr'>captus,</span> 
     </span>
     <span class='ocr_line' id='line_1_29' title="bbox 133 1650 836 1692; baseline 0.004 -13"><span class='ocrx_word' id='word_1_167' title='bbox 133 1650 228 1680; x_wconf 82' lang='lat' dir='ltr'>malis</span> <span class='ocrx_word' id='word_1_168' title='bbox 247 1660 411 1681; x_wconf 76' lang='lat' dir='ltr'>assuesce.</span> <span class='ocrx_word' id='word_1_169' title='bbox 445 1651 587 1682; x_wconf 85' lang='lat' dir='ltr'>Terent.</span> <span class='ocrx_word' id='word_1_170' title='bbox 600 1651 743 1692; x_wconf 78' lang='lat' dir='ltr'>jatncit.</span> <span class='ocrx_word' id='word_1_171' title='bbox 767 1653 776 1668; x_wconf 91' lang='lat'>‘</span> <span class='ocrx_word' id='word_1_172' title='bbox 789 1653 836 1682; x_wconf 84' lang='lat' dir='ltr'>Te</span> 
     </span>
     <span class='ocr_line' id='line_1_30' title="bbox 132 1700 833 1743; baseline 0.004 -13"><span class='ocrx_word' id='word_1_173' title='bbox 132 1700 279 1731; x_wconf 81' lang='lat' dir='ltr'>redimas</span> <span class='ocrx_word' id='word_1_174' title='bbox 295 1706 433 1741; x_wconf 82' lang='lat' dir='ltr'>captum</span> <span class='ocrx_word' id='word_1_175' title='bbox 450 1711 545 1742; x_wconf 78' lang='lat' dir='ltr'>quani</span> <span class='ocrx_word' id='word_1_176' title='bbox 559 1711 663 1743; x_wconf 83' lang='lat' dir='ltr'>queas</span> <span class='ocrx_word' id='word_1_177' title='bbox 677 1702 833 1733; x_wconf 86' lang='lat' dir='ltr'>minimo:</span> 
     </span>
     <span class='ocr_line' id='line_1_31' title="bbox 134 1751 546 1791; baseline 0.005 -10"><span class='ocrx_word' id='word_1_178' title='bbox 134 1751 180 1781; x_wconf 90' lang='lat' dir='ltr'>Et</span> <span class='ocrx_word' id='word_1_179' title='bbox 197 1761 238 1782; x_wconf 88' lang='lat' dir='ltr'>ne</span> <span class='ocrx_word' id='word_1_180' title='bbox 258 1756 290 1782; x_wconf 85' lang='lat' dir='ltr'>te</span> <span class='ocrx_word' id='word_1_181' title='bbox 304 1751 469 1791; x_wconf 82' lang='lat' dir='ltr'>afflictes,’</span> <span class='ocrx_word' id='word_1_182' title='bbox 481 1754 546 1783; x_wconf 71' lang='lat' dir='ltr'>&amp;c-</span> 
     </span>
    </p>

    <p class='ocr_par' dir='ltr' id='par_1_16' title="bbox 125 1803 836 2540">
     <span class='ocr_line' id='line_1_32' title="bbox 178 1803 836 1845; baseline 0.003 -13"><span class='ocrx_word' id='word_1_183' title='bbox 178 1803 361 1842; x_wconf 80' lang='lat' dir='ltr'>Trepidare]</span> <span class='ocrx_word' id='word_1_184' title='bbox 389 1803 535 1834; x_wconf 61' lang='lat' dir='ltr'>Videtur</span> <span class='ocrx_word' id='word_1_185' title='bbox 547 1804 692 1843; x_wconf 81' lang='lat' dir='ltr'>positum</span> <span class='ocrx_word' id='word_1_186' title='bbox 705 1804 760 1835; x_wconf 88' lang='lat' dir='ltr'>hic</span> <span class='ocrx_word' id='word_1_187' title='bbox 777 1814 836 1845; x_wconf 88' lang='lat' dir='ltr'>pro</span> 
     </span>
     <span class='ocr_line' id='line_1_33' title="bbox 125 1852 835 1894; baseline 0.004 -12"><span class='ocrx_word' id='word_1_188' title='bbox 125 1852 293 1890; x_wconf 77' lang='lat' dir='ltr'>festinare,</span> <span class='ocrx_word' id='word_1_189' title='bbox 321 1859 357 1883; x_wconf 81' lang='lat' dir='ltr'>ut</span> <span class='ocrx_word' id='word_1_190' title='bbox 374 1853 464 1892; x_wconf 80' lang='lat' dir='ltr'>apud</span> <span class='ocrx_word' id='word_1_191' title='bbox 481 1854 661 1884; x_wconf 79' lang='lat' dir='ltr'>Horatium</span> <span class='ocrx_word' id='word_1_192' title='bbox 680 1864 784 1894; x_wconf 81' lang='lat' dir='ltr'>saepe,</span> <span class='ocrx_word' id='word_1_193' title='bbox 800 1859 835 1885; x_wconf 88' lang='lat' dir='ltr'>et</span> 
     </span>
     <span class='ocr_line' id='line_1_34' title="bbox 133 1902 835 1944; baseline 0.003 -12"><span class='ocrx_word' id='word_1_194' title='bbox 133 1903 229 1933; x_wconf 86' lang='lat' dir='ltr'>alios.</span> <span class='ocrx_word' id='word_1_195' title='bbox 254 1902 321 1933; x_wconf 90' lang='lat' dir='ltr'>Od.</span> <span class='ocrx_word' id='word_1_196' title='bbox 339 1911 378 1932; x_wconf 88' lang='lat'>11.</span> <span class='ocrx_word' id='word_1_197' title='bbox 396 1907 427 1934; x_wconf 82' lang='grc'>4.</span> <span class='ocrx_word' id='word_1_198' title='bbox 473 1903 482 1918; x_wconf 66' lang='lat'><strong><em>⁶</em></strong></span> <span class='ocrx_word' id='word_1_199' title='bbox 500 1903 669 1934; x_wconf 84' lang='lat' dir='ltr'>Octavum</span> <span class='ocrx_word' id='word_1_200' title='bbox 686 1905 835 1944; x_wconf 82' lang='lat' dir='ltr'>trepida-</span> 
     </span>
     <span class='ocr_line' id='line_1_35' title="bbox 133 1952 835 1985; baseline 0.001 -2"><span class='ocrx_word' id='word_1_201' title='bbox 133 1953 184 1984; x_wconf 79' lang='lat' dir='ltr'>vit</span> <span class='ocrx_word' id='word_1_202' title='bbox 196 1957 276 1984; x_wconf 79' lang='lat' dir='ltr'>aetas</span> <span class='ocrx_word' id='word_1_203' title='bbox 294 1952 463 1984; x_wconf 86' lang='lat' dir='ltr'>Claudere</span> <span class='ocrx_word' id='word_1_204' title='bbox 478 1953 644 1984; x_wconf 56' lang='lat' dir='ltr'>lustrum?</span> <span class='ocrx_word' id='word_1_205' title='bbox 667 1954 702 1984; x_wconf 85' lang='lat' dir='ltr'>Si</span> <span class='ocrx_word' id='word_1_206' title='bbox 720 1959 835 1985; x_wconf 82' lang='lat' dir='ltr'>tamen</span> 
     </span>
     <span class='ocr_line' id='line_1_36' title="bbox 133 2003 836 2044; baseline 0.001 -11"><span class='ocrx_word' id='word_1_207' title='bbox 133 2003 272 2044; x_wconf 85' lang='lat' dir='ltr'>propius</span> <span class='ocrx_word' id='word_1_208' title='bbox 303 2013 373 2034; x_wconf 78' lang='lat' dir='ltr'>rein</span> <span class='ocrx_word' id='word_1_209' title='bbox 390 2004 595 2043; x_wconf 83' lang='lat' dir='ltr'>intueamur,</span> <span class='ocrx_word' id='word_1_210' title='bbox 620 2004 674 2035; x_wconf 77' lang='lat' dir='ltr'>hic</span> <span class='ocrx_word' id='word_1_211' title='bbox 691 2014 755 2034; x_wconf 90' lang='lat' dir='ltr'>non</span> <span class='ocrx_word' id='word_1_212' title='bbox 773 2005 836 2044; x_wconf 81' lang='lat' dir='ltr'>sig-</span> 
     </span>
     <span class='ocr_line' id='line_1_37' title="bbox 133 2054 835 2094; baseline 0 -10"><span class='ocrx_word' id='word_1_213' title='bbox 133 2054 252 2085; x_wconf 86' lang='lat' dir='ltr'>nificat</span> <span class='ocrx_word' id='word_1_214' title='bbox 272 2065 449 2094; x_wconf 75' lang='lat' dir='ltr'>properare,</span> <span class='ocrx_word' id='word_1_215' title='bbox 480 2058 518 2085; x_wconf 88' lang='lat' dir='ltr'>nt</span> <span class='ocrx_word' id='word_1_216' title='bbox 556 2055 660 2085; x_wconf 86' lang='lat' dir='ltr'>citato</span> <span class='ocrx_word' id='word_1_217' title='bbox 699 2055 835 2085; x_wconf 80' lang='lat' dir='ltr'>Horatii</span> 
     </span>
     <span class='ocr_line' id='line_1_38' title="bbox 133 2105 835 2144; baseline 0 -9"><span class='ocrx_word' id='word_1_218' title='bbox 133 2105 208 2135; x_wconf 85' lang='lat' dir='ltr'>loco</span> <span class='ocrx_word' id='word_1_219' title='bbox 225 2116 231 2134; x_wconf 88' lang='lat'>:</span> <span class='ocrx_word' id='word_1_220' title='bbox 256 2115 310 2136; x_wconf 83' lang='lat' dir='ltr'>nec</span> <span class='ocrx_word' id='word_1_221' title='bbox 339 2109 471 2135; x_wconf 71' lang='lat' dir='ltr'>tremere</span> <span class='ocrx_word' id='word_1_222' title='bbox 487 2109 516 2136; x_wconf 74' lang='lat' dir='ltr'>et</span> <span class='ocrx_word' id='word_1_223' title='bbox 531 2105 682 2144; x_wconf 77' lang='lat' dir='ltr'>cunctari,</span> <span class='ocrx_word' id='word_1_224' title='bbox 704 2110 742 2136; x_wconf 85' lang='lat' dir='ltr'>ut</span> <span class='ocrx_word' id='word_1_225' title='bbox 763 2106 835 2136; x_wconf 87' lang='lat' dir='ltr'>vul-</span> 
     </span>
     <span class='ocr_line' id='line_1_39' title="bbox 135 2155 833 2196; baseline 0.001 -11"><span class='ocrx_word' id='word_1_226' title='bbox 135 2163 196 2195; x_wconf 81' lang='lat' dir='ltr'>go:</span> <span class='ocrx_word' id='word_1_227' title='bbox 222 2155 281 2185; x_wconf 91' lang='lat' dir='ltr'>sed</span> <span class='ocrx_word' id='word_1_228' title='bbox 297 2155 409 2185; x_wconf 72' lang='lat' dir='ltr'>luctari</span> <span class='ocrx_word' id='word_1_229' title='bbox 424 2158 452 2185; x_wconf 81' lang='lat' dir='ltr'>et</span> <span class='ocrx_word' id='word_1_230' title='bbox 469 2155 592 2193; x_wconf 75' lang='lat' dir='ltr'>jactare</span> <span class='ocrx_word' id='word_1_231' title='bbox 607 2165 649 2195; x_wconf 85' lang='lat' dir='ltr'>se,</span> <span class='ocrx_word' id='word_1_232' title='bbox 674 2156 768 2196; x_wconf 82' lang='lat' dir='ltr'>quasi</span> <span class='ocrx_word' id='word_1_233' title='bbox 791 2156 833 2186; x_wconf 85' lang='lat' dir='ltr'>ad</span> 
     </span>
     <span class='ocr_line' id='line_1_40' title="bbox 134 2205 834 2245; baseline 0 -10"><span class='ocrx_word' id='word_1_234' title='bbox 134 2205 515 2245; x_wconf 72' lang='lat' dir='ltr'>excutiendumjuguni.</span> <span class='ocrx_word' id='word_1_235' title='bbox 532 2206 587 2235; x_wconf 84' lang='lat' dir='ltr'>Ita</span> <span class='ocrx_word' id='word_1_236' title='bbox 600 2206 744 2236; x_wconf 87' lang='lat' dir='ltr'>Casaub.</span> <span class='ocrx_word' id='word_1_237' title='bbox 758 2207 834 2238; x_wconf 79' lang='lat' dir='ltr'>Quo</span> 
     </span>
     <span class='ocr_line' id='line_1_41' title="bbox 133 2256 834 2295; baseline 0 -9"><span class='ocrx_word' id='word_1_238' title='bbox 133 2265 235 2286; x_wconf 74' lang='lat' dir='ltr'>sensu</span> <span class='ocrx_word' id='word_1_239' title='bbox 266 2260 447 2295; x_wconf 82' lang='lat' dir='ltr'>usurpatur</span> <span class='ocrx_word' id='word_1_240' title='bbox 466 2265 485 2285; x_wconf 89' lang='lat' dir='ltr'>a</span> <span class='ocrx_word' id='word_1_241' title='bbox 507 2256 638 2286; x_wconf 83' lang='lat' dir='ltr'>Seneca</span> <span class='ocrx_word' id='word_1_242' title='bbox 660 2256 682 2286; x_wconf 90' lang='lat' dir='ltr'>l.</span> <span class='ocrx_word' id='word_1_243' title='bbox 710 2264 764 2286; x_wconf 86' lang='lat'>111.</span> <span class='ocrx_word' id='word_1_244' title='bbox 791 2256 834 2286; x_wconf 91' lang='lat' dir='ltr'>de</span> 
     </span>
     <span class='ocr_line' id='line_1_42' title="bbox 133 2304 834 2346; baseline 0 -10"><span class='ocrx_word' id='word_1_245' title='bbox 133 2306 203 2337; x_wconf 83' lang='lat' dir='ltr'>Ira.</span> <span class='ocrx_word' id='word_1_246' title='bbox 242 2306 321 2336; x_wconf 87' lang='lat' dir='ltr'>‘Sic</span> <span class='ocrx_word' id='word_1_247' title='bbox 348 2306 484 2346; x_wconf 87' lang='lat' dir='ltr'>laqueos</span> <span class='ocrx_word' id='word_1_248' title='bbox 513 2304 587 2335; x_wconf 71' lang='lat' dir='ltr'>fera</span> <span class='ocrx_word' id='word_1_249' title='bbox 614 2305 692 2335; x_wconf 87' lang='lat' dir='ltr'>dum</span> <span class='ocrx_word' id='word_1_250' title='bbox 722 2305 834 2345; x_wconf 81' lang='lat' dir='ltr'>jactat</span> 
     </span>
     <span class='ocr_line' id='line_1_43' title="bbox 134 2355 833 2397; baseline -0.004 -9"><span class='ocrx_word' id='word_1_251' title='bbox 134 2357 316 2397; x_wconf 80' lang='lat' dir='ltr'>astringit:</span> <span class='ocrx_word' id='word_1_252' title='bbox 348 2358 397 2387; x_wconf 85' lang='lat' dir='ltr'>sic</span> <span class='ocrx_word' id='word_1_253' title='bbox 423 2365 502 2386; x_wconf 83' lang='lat' dir='ltr'>aves</span> <span class='ocrx_word' id='word_1_254' title='bbox 529 2356 606 2385; x_wconf 88' lang='lat' dir='ltr'>dum</span> <span class='ocrx_word' id='word_1_255' title='bbox 623 2355 750 2386; x_wconf 81' lang='lat' dir='ltr'>viscum</span> <span class='ocrx_word' id='word_1_256' title='bbox 767 2361 833 2385; x_wconf 84' lang='lat' dir='ltr'>tre-</span> 
     </span>
     <span class='ocr_line' id='line_1_44' title="bbox 134 2407 833 2449; baseline -0.003 -10"><span class='ocrx_word' id='word_1_257' title='bbox 134 2409 290 2449; x_wconf 84' lang='lat' dir='ltr'>pidantes</span> <span class='ocrx_word' id='word_1_258' title='bbox 317 2409 506 2447; x_wconf 77' lang='lat' dir='ltr'>excutiunt,</span> <span class='ocrx_word' id='word_1_259' title='bbox 529 2407 649 2447; x_wconf 81' lang='lat' dir='ltr'>plumis</span> <span class='ocrx_word' id='word_1_260' title='bbox 679 2407 833 2437; x_wconf 85' lang='lat' dir='ltr'>omnibus</span> 
     </span>
     <span class='ocr_line' id='line_1_45' title="bbox 135 2457 831 2499; baseline -0.004 -9"><span class='ocrx_word' id='word_1_261' title='bbox 135 2459 294 2490; x_wconf 65' lang='lat' dir='ltr'>illinunt!</span> <span class='ocrx_word' id='word_1_262' title='bbox 340 2460 385 2489; x_wconf 78' lang='lat' dir='ltr'>Et</span> <span class='ocrx_word' id='word_1_263' title='bbox 421 2459 579 2499; x_wconf 81' lang='lat' dir='ltr'>Propert.</span> <span class='ocrx_word' id='word_1_264' title='bbox 601 2457 696 2497; x_wconf 86' lang='lat' dir='ltr'>Eleg.</span> <span class='ocrx_word' id='word_1_265' title='bbox 730 2467 769 2488; x_wconf 87' lang='lat'>11.</span> <span class='ocrx_word' id='word_1_266' title='bbox 801 2460 831 2487; x_wconf 87' lang='lat'>3.</span> 
     </span>
     <span class='ocr_line' id='line_1_46' title="bbox 135 2509 384 2540; baseline 0 -1"><span class='ocrx_word' id='word_1_267' title='bbox 135 2518 212 2539; x_wconf 90' lang='lat' dir='ltr'>mox</span> <span class='ocrx_word' id='word_1_268' title='bbox 228 2509 384 2540; x_wconf 82' lang='lat' dir='ltr'>citandis.</span> 
     </span>
    </p>

    <p class='ocr_par' dir='ltr' id='par_1_17' title="bbox 136 2557 834 2698">
     <span class='ocr_line' id='line_1_47' title="bbox 179 2557 834 2598; baseline -0.002 -10"><span class='ocrx_word' id='word_1_269' title='bbox 179 2560 290 2589; x_wconf 78' lang='lat' dir='ltr'>Arctos</span> <span class='ocrx_word' id='word_1_270' title='bbox 317 2560 424 2590; x_wconf 77' lang='lat' dir='ltr'>rodere</span> <span class='ocrx_word' id='word_1_271' title='bbox 446 2558 558 2597; x_wconf 78' lang='lat' dir='ltr'>casses]</span> <span class='ocrx_word' id='word_1_272' title='bbox 594 2557 799 2598; x_wconf 77' lang='lat' dir='ltr'>Metapliora</span> <span class='ocrx_word' id='word_1_273' title='bbox 814 2567 834 2588; x_wconf 81' lang='lat' dir='ltr'>a</span> 
     </span>
     <span class='ocr_line' id='line_1_48' title="bbox 136 2606 833 2650; baseline 0 -13"><span class='ocrx_word' id='word_1_274' title='bbox 136 2607 217 2638; x_wconf 83' lang='lat' dir='ltr'>feris</span> <span class='ocrx_word' id='word_1_275' title='bbox 246 2609 341 2648; x_wconf 82' lang='lat' dir='ltr'>retia,</span> <span class='ocrx_word' id='word_1_276' title='bbox 361 2609 479 2650; x_wconf 88' lang='lat' dir='ltr'>quibus</span> <span class='ocrx_word' id='word_1_277' title='bbox 501 2613 612 2649; x_wconf 82' lang='lat' dir='ltr'>captae</span> <span class='ocrx_word' id='word_1_278' title='bbox 637 2613 727 2648; x_wconf 80' lang='lat' dir='ltr'>sunt,</span> <span class='ocrx_word' id='word_1_279' title='bbox 744 2606 833 2637; x_wconf 84' lang='lat' dir='ltr'>fran-</span> 
     </span>
     <span class='ocr_line' id='line_1_49' title="bbox 138 2658 437 2698; baseline 0.003 -9"><span class='ocrx_word' id='word_1_280' title='bbox 138 2667 220 2698; x_wconf 82' lang='lat' dir='ltr'>gere</span> <span class='ocrx_word' id='word_1_281' title='bbox 230 2658 437 2690; x_wconf 84' lang='lat' dir='ltr'>conantibus.</span> 
     </span>
    </p>

    <p class='ocr_par' dir='ltr' id='par_1_18' title="bbox 182 2707 832 2748">
     <span class='ocr_line' id='line_1_50' title="bbox 182 2707 832 2748; baseline 0 -10"><span class='ocrx_word' id='word_1_282' title='bbox 182 2710 240 2738; x_wconf 87' lang='grc'>171</span> <span class='ocrx_word' id='word_1_283' title='bbox 266 2708 356 2738; x_wconf 79' lang='lat' dir='ltr'>Nunc</span> <span class='ocrx_word' id='word_1_284' title='bbox 370 2708 461 2745; x_wconf 80' lang='lat' dir='ltr'>fems</span> <span class='ocrx_word' id='word_1_285' title='bbox 475 2712 503 2740; x_wconf 76' lang='lat' dir='ltr'>et</span> <span class='ocrx_word' id='word_1_286' title='bbox 520 2707 650 2748; x_wconf 75' lang='lat' dir='ltr'>violens]</span> <span class='ocrx_word' id='word_1_287' title='bbox 686 2708 717 2739; x_wconf 96' lang='lat' dir='ltr'>O</span> <span class='ocrx_word' id='word_1_288' title='bbox 737 2707 832 2739; x_wconf 80' lang='lat' dir='ltr'><strong>Chae-</strong></span> 
     </span>
    </p>
   </div>
   <div class='ocr_carea' id='block_1_14' title="bbox 887 992 1597 2739">
    <p class='ocr_par' dir='ltr' id='par_1_19' title="bbox 890 992 1597 1485">
     <span class='ocr_line' id='line_1_51' title="bbox 895 992 1597 1034; baseline -0.003 -10"><span class='ocrx_word' id='word_1_289' title='bbox 895 997 1053 1034; x_wconf 86' lang='lat' dir='ltr'>restrate,</span> <span class='ocrx_word' id='word_1_290' title='bbox 1068 1003 1157 1024; x_wconf 85' lang='lat' dir='ltr'>nnnc</span> <span class='ocrx_word' id='word_1_291' title='bbox 1176 993 1311 1034; x_wconf 85' lang='lat' dir='ltr'>quidem</span> <span class='ocrx_word' id='word_1_292' title='bbox 1333 993 1473 1024; x_wconf 82' lang='lat' dir='ltr'>absente</span> <span class='ocrx_word' id='word_1_293' title='bbox 1491 992 1597 1032; x_wconf 81' lang='lat' dir='ltr'>Chry-</span> 
     </span>
     <span class='ocr_line' id='line_1_52' title="bbox 893 1043 1595 1085; baseline -0.001 -11"><span class='ocrx_word' id='word_1_294' title='bbox 893 1044 963 1075; x_wconf 86' lang='lat' dir='ltr'>side</span> <span class='ocrx_word' id='word_1_295' title='bbox 982 1045 1088 1075; x_wconf 86' lang='lat' dir='ltr'>virum</span> <span class='ocrx_word' id='word_1_296' title='bbox 1117 1051 1150 1075; x_wconf 85' lang='lat' dir='ltr'>te</span> <span class='ocrx_word' id='word_1_297' title='bbox 1167 1050 1322 1085; x_wconf 71' lang='lat' dir='ltr'>praestas,</span> <span class='ocrx_word' id='word_1_298' title='bbox 1339 1044 1515 1084; x_wconf 77' lang='lat' dir='ltr'>audacem,</span> <span class='ocrx_word' id='word_1_299' title='bbox 1529 1043 1595 1073; x_wconf 79' lang='lat' dir='ltr'>for-</span> 
     </span>
     <span class='ocr_line' id='line_1_53' title="bbox 892 1094 1595 1132; baseline -0.004 -6"><span class='ocrx_word' id='word_1_300' title='bbox 892 1100 972 1127; x_wconf 86' lang='lat' dir='ltr'>tem.</span> <span class='ocrx_word' id='word_1_301' title='bbox 1018 1095 1066 1126; x_wconf 88' lang='lat' dir='ltr'>At</span> <span class='ocrx_word' id='word_1_302' title='bbox 1097 1095 1154 1125; x_wconf 90' lang='lat' dir='ltr'>nbi</span> <span class='ocrx_word' id='word_1_303' title='bbox 1185 1096 1241 1126; x_wconf 87' lang='lat' dir='ltr'>illa</span> <span class='ocrx_word' id='word_1_304' title='bbox 1272 1100 1305 1126; x_wconf 90' lang='lat' dir='ltr'>te</span> <span class='ocrx_word' id='word_1_305' title='bbox 1335 1099 1498 1132; x_wconf 84' lang='lat' dir='ltr'>accerset‚</span> <span class='ocrx_word' id='word_1_306' title='bbox 1527 1094 1595 1124; x_wconf 86' lang='lat' dir='ltr'>hen</span> 
     </span>
     <span class='ocr_line' id='line_1_54' title="bbox 892 1145 1597 1184; baseline -0.003 -9"><span class='ocrx_word' id='word_1_307' title='bbox 892 1145 1018 1176; x_wconf 80' lang='lat' dir='ltr'>fractus</span> <span class='ocrx_word' id='word_1_308' title='bbox 1040 1150 1074 1175; x_wconf 86' lang='lat' dir='ltr'>et</span> <span class='ocrx_word' id='word_1_309' title='bbox 1101 1146 1209 1175; x_wconf 90' lang='lat' dir='ltr'>mollis</span> <span class='ocrx_word' id='word_1_310' title='bbox 1232 1145 1404 1176; x_wconf 83' lang='lat' dir='ltr'>videbere.</span> <span class='ocrx_word' id='word_1_311' title='bbox 1451 1146 1597 1184; x_wconf 83' lang='lat' dir='ltr'>Proper-</span> 
     </span>
     <span class='ocr_line' id='line_1_55' title="bbox 893 1194 1594 1235; baseline -0.001 -10"><span class='ocrx_word' id='word_1_312' title='bbox 893 1196 959 1225; x_wconf 82' lang='lat' dir='ltr'>tius</span> <span class='ocrx_word' id='word_1_313' title='bbox 987 1195 1082 1235; x_wconf 78' lang='lat' dir='ltr'>Eleg.</span> <span class='ocrx_word' id='word_1_314' title='bbox 1114 1205 1152 1226; x_wconf 91' lang='lat'>11.</span> <span class='ocrx_word' id='word_1_315' title='bbox 1179 1198 1208 1226; x_wconf 84' lang='lat'>3.</span> <span class='ocrx_word' id='word_1_316' title='bbox 1238 1197 1246 1212; x_wconf 92' lang='lat'>‘</span> <span class='ocrx_word' id='word_1_317' title='bbox 1272 1195 1326 1226; x_wconf 91' lang='lat' dir='ltr'>Ac</span> <span class='ocrx_word' id='word_1_318' title='bbox 1354 1195 1459 1225; x_wconf 88' lang='lat' dir='ltr'>veluti</span> <span class='ocrx_word' id='word_1_319' title='bbox 1486 1194 1594 1234; x_wconf 87' lang='lat' dir='ltr'>primo</span> 
     </span>
     <span class='ocr_line' id='line_1_56' title="bbox 893 1245 1595 1284; baseline -0.001 -8"><span class='ocrx_word' id='word_1_320' title='bbox 893 1251 1007 1276; x_wconf 84' lang='lat' dir='ltr'>taurus</span> <span class='ocrx_word' id='word_1_321' title='bbox 1037 1246 1208 1277; x_wconf 84' lang='lat' dir='ltr'>detrectat</span> <span class='ocrx_word' id='word_1_322' title='bbox 1235 1251 1371 1284; x_wconf 61' lang='lat' dir='ltr'>arati-213</span> <span class='ocrx_word' id='word_1_323' title='bbox 1402 1247 1485 1276; x_wconf 87' lang='lat' dir='ltr'>Mox</span> <span class='ocrx_word' id='word_1_324' title='bbox 1502 1245 1595 1276; x_wconf 87' lang='lat' dir='ltr'>venit</span> 
     </span>
     <span class='ocr_line' id='line_1_57' title="bbox 892 1294 1594 1336; baseline -0.003 -10"><span class='ocrx_word' id='word_1_325' title='bbox 892 1300 1025 1327; x_wconf 86' lang='lat' dir='ltr'>assueto</span> <span class='ocrx_word' id='word_1_326' title='bbox 1043 1296 1150 1327; x_wconf 88' lang='lat' dir='ltr'>mollis</span> <span class='ocrx_word' id='word_1_327' title='bbox 1161 1296 1203 1327; x_wconf 81' lang='lat' dir='ltr'>ad</span> <span class='ocrx_word' id='word_1_328' title='bbox 1220 1297 1407 1336; x_wconf 81' lang='lat' dir='ltr'>arvajugo.</span> <span class='ocrx_word' id='word_1_329' title='bbox 1453 1295 1509 1326; x_wconf 91' lang='lat' dir='ltr'>Sic</span> <span class='ocrx_word' id='word_1_330' title='bbox 1527 1294 1594 1335; x_wconf 83' lang='lat' dir='ltr'>pri-</span> 
     </span>
     <span class='ocr_line' id='line_1_58' title="bbox 891 1344 1595 1387; baseline -0.001 -11"><span class='ocrx_word' id='word_1_331' title='bbox 891 1356 945 1377; x_wconf 85' lang='lat' dir='ltr'>mo</span> <span class='ocrx_word' id='word_1_332' title='bbox 964 1346 1108 1387; x_wconf 82' lang='lat' dir='ltr'>juvenes</span> <span class='ocrx_word' id='word_1_333' title='bbox 1126 1346 1301 1387; x_wconf 84' lang='lat' dir='ltr'>trepidant</span> <span class='ocrx_word' id='word_1_334' title='bbox 1323 1347 1356 1376; x_wconf 90' lang='lat' dir='ltr'>in</span> <span class='ocrx_word' id='word_1_335' title='bbox 1379 1355 1493 1376; x_wconf 84' lang='lat' dir='ltr'>amore</span> <span class='ocrx_word' id='word_1_336' title='bbox 1509 1344 1595 1375; x_wconf 87' lang='lat' dir='ltr'>fero-</span> 
     </span>
     <span class='ocr_line' id='line_1_59' title="bbox 891 1396 1596 1437; baseline -0.001 -11"><span class='ocrx_word' id='word_1_337' title='bbox 891 1405 968 1426; x_wconf 87' lang='lat' dir='ltr'>ces:</span> <span class='ocrx_word' id='word_1_338' title='bbox 1002 1396 1137 1427; x_wconf 86' lang='lat' dir='ltr'>Dehinc</span> <span class='ocrx_word' id='word_1_339' title='bbox 1168 1396 1288 1427; x_wconf 88' lang='lat' dir='ltr'>domiti</span> <span class='ocrx_word' id='word_1_340' title='bbox 1311 1401 1388 1437; x_wconf 85' lang='lat' dir='ltr'>post</span> <span class='ocrx_word' id='word_1_341' title='bbox 1405 1396 1477 1426; x_wconf 79' lang='lat' dir='ltr'>liaec</span> <span class='ocrx_word' id='word_1_342' title='bbox 1495 1405 1596 1437; x_wconf 80' lang='lat' dir='ltr'>aequa</span> 
     </span>
     <span class='ocr_line' id='line_1_60' title="bbox 890 1444 1206 1485; baseline 0.006 -10"><span class='ocrx_word' id='word_1_343' title='bbox 890 1450 924 1475; x_wconf 87' lang='lat' dir='ltr'>et</span> <span class='ocrx_word' id='word_1_344' title='bbox 939 1445 1053 1485; x_wconf 84' lang='lat' dir='ltr'>iniqua</span> <span class='ocrx_word' id='word_1_345' title='bbox 1067 1444 1206 1477; x_wconf 60' lang='lat' dir='ltr'>ferunt?</span> 
     </span>
    </p>

    <p class='ocr_par' dir='ltr' id='par_1_20' title="bbox 888 1496 1596 1838">
     <span class='ocr_line' id='line_1_61' title="bbox 931 1496 1595 1537; baseline 0.002 -11"><span class='ocrx_word' id='word_1_346' title='bbox 931 1496 989 1535; x_wconf 70' lang='lat' dir='ltr'>At,</span> <span class='ocrx_word' id='word_1_347' title='bbox 1003 1496 1031 1526; x_wconf 81' lang='lat' dir='ltr'>si</span> <span class='ocrx_word' id='word_1_348' title='bbox 1048 1500 1143 1533; x_wconf 65' lang='lat' dir='ltr'>vocet,</span> <span class='ocrx_word' id='word_1_349' title='bbox 1159 1497 1229 1536; x_wconf 62' lang='lat' dir='ltr'>elsa]</span> <span class='ocrx_word' id='word_1_350' title='bbox 1248 1498 1315 1528; x_wconf 89' lang='lat' dir='ltr'>Ubi</span> <span class='ocrx_word' id='word_1_351' title='bbox 1330 1498 1473 1537; x_wconf 88' lang='lat' dir='ltr'>primum</span> <span class='ocrx_word' id='word_1_352' title='bbox 1489 1497 1595 1537; x_wconf 82' lang='lat' dir='ltr'>Chry-</span> 
     </span>
     <span class='ocr_line' id='line_1_62' title="bbox 890 1547 1593 1586; baseline 0.001 -9"><span class='ocrx_word' id='word_1_353' title='bbox 890 1547 933 1577; x_wconf 82' lang='lat' dir='ltr'>sis</span> <span class='ocrx_word' id='word_1_354' title='bbox 952 1552 986 1578; x_wconf 86' lang='lat' dir='ltr'>te</span> <span class='ocrx_word' id='word_1_355' title='bbox 1002 1547 1193 1586; x_wconf 82' lang='lat' dir='ltr'>revocabit,</span> <span class='ocrx_word' id='word_1_356' title='bbox 1208 1548 1279 1578; x_wconf 85' lang='lat' dir='ltr'>sine</span> <span class='ocrx_word' id='word_1_357' title='bbox 1291 1558 1396 1586; x_wconf 85' lang='lat' dir='ltr'>mora,</span> <span class='ocrx_word' id='word_1_358' title='bbox 1409 1548 1478 1578; x_wconf 88' lang='lat' dir='ltr'>sine</span> <span class='ocrx_word' id='word_1_359' title='bbox 1491 1557 1593 1578; x_wconf 86' lang='lat' dir='ltr'>cunc-</span> 
     </span>
     <span class='ocr_line' id='line_1_63' title="bbox 890 1598 1596 1638; baseline 0 -10"><span class='ocrx_word' id='word_1_360' title='bbox 890 1598 1031 1635; x_wconf 88' lang='lat' dir='ltr'>tatione,</span> <span class='ocrx_word' id='word_1_361' title='bbox 1064 1598 1170 1637; x_wconf 84' lang='lat' dir='ltr'>dices,</span> <span class='ocrx_word' id='word_1_362' title='bbox 1203 1609 1245 1628; x_wconf 87' lang='lat' dir='ltr'>an</span> <span class='ocrx_word' id='word_1_363' title='bbox 1272 1599 1377 1638; x_wconf 82' lang='lat' dir='ltr'>igitur</span> <span class='ocrx_word' id='word_1_364' title='bbox 1415 1598 1596 1628; x_wconf 81' lang='lat' dir='ltr'>deseram?</span> 
     </span>
     <span class='ocr_line' id='line_1_64' title="bbox 891 1647 1594 1688; baseline 0 -11"><span class='ocrx_word' id='word_1_365' title='bbox 891 1647 1059 1678; x_wconf 71' lang='lat' dir='ltr'>Nimirum</span> <span class='ocrx_word' id='word_1_366' title='bbox 1077 1652 1110 1677; x_wconf 91' lang='lat' dir='ltr'>te</span> <span class='ocrx_word' id='word_1_367' title='bbox 1127 1648 1216 1678; x_wconf 83' lang='lat' dir='ltr'>vinci</span> <span class='ocrx_word' id='word_1_368' title='bbox 1232 1653 1267 1678; x_wconf 88' lang='lat' dir='ltr'>et</span> <span class='ocrx_word' id='word_1_369' title='bbox 1287 1647 1476 1688; x_wconf 78' lang='lat' dir='ltr'>expugnari</span> <span class='ocrx_word' id='word_1_370' title='bbox 1492 1647 1594 1677; x_wconf 86' lang='lat' dir='ltr'>etiam</span> 
     </span>
     <span class='ocr_line' id='line_1_65' title="bbox 888 1697 1596 1738; baseline 0 -11"><span class='ocrx_word' id='word_1_371' title='bbox 888 1697 1066 1737; x_wconf 83' lang='lat' dir='ltr'>gaudebis,</span> <span class='ocrx_word' id='word_1_372' title='bbox 1098 1703 1133 1728; x_wconf 89' lang='lat' dir='ltr'>et</span> <span class='ocrx_word' id='word_1_373' title='bbox 1154 1698 1242 1737; x_wconf 86' lang='lat' dir='ltr'>apud</span> <span class='ocrx_word' id='word_1_374' title='bbox 1272 1702 1307 1728; x_wconf 88' lang='lat' dir='ltr'>te</span> <span class='ocrx_word' id='word_1_375' title='bbox 1333 1697 1477 1738; x_wconf 87' lang='lat' dir='ltr'>inquies,</span> <span class='ocrx_word' id='word_1_376' title='bbox 1501 1706 1596 1727; x_wconf 90' lang='lat' dir='ltr'>num-</span> 
     </span>
     <span class='ocr_line' id='line_1_66' title="bbox 890 1747 1595 1789; baseline -0.001 -11"><span class='ocrx_word' id='word_1_377' title='bbox 890 1748 969 1789; x_wconf 88' lang='lat' dir='ltr'>quid</span> <span class='ocrx_word' id='word_1_378' title='bbox 987 1757 1050 1787; x_wconf 84' lang='lat' dir='ltr'>ego</span> <span class='ocrx_word' id='word_1_379' title='bbox 1076 1752 1146 1778; x_wconf 86' lang='lat' dir='ltr'>tam</span> <span class='ocrx_word' id='word_1_380' title='bbox 1173 1748 1293 1778; x_wconf 85' lang='lat' dir='ltr'>blande</span> <span class='ocrx_word' id='word_1_381' title='bbox 1314 1748 1354 1778; x_wconf 83' lang='lat' dir='ltr'>ab</span> <span class='ocrx_word' id='word_1_382' title='bbox 1378 1748 1436 1778; x_wconf 87' lang='lat' dir='ltr'>illa</span> <span class='ocrx_word' id='word_1_383' title='bbox 1450 1747 1595 1778; x_wconf 86' lang='lat' dir='ltr'>accersi-</span> 
     </span>
     <span class='ocr_line' id='line_1_67' title="bbox 890 1797 1550 1838; baseline -0.002 -10"><span class='ocrx_word' id='word_1_384' title='bbox 890 1803 942 1828; x_wconf 84' lang='lat' dir='ltr'>tus</span> <span class='ocrx_word' id='word_1_385' title='bbox 960 1802 1165 1838; x_wconf 83' lang='lat' dir='ltr'>rogatusque</span> <span class='ocrx_word' id='word_1_386' title='bbox 1185 1807 1319 1836; x_wconf 82' lang='lat' dir='ltr'>possum</span> <span class='ocrx_word' id='word_1_387' title='bbox 1332 1807 1398 1828; x_wconf 87' lang='lat' dir='ltr'>non</span> <span class='ocrx_word' id='word_1_388' title='bbox 1415 1797 1550 1828; x_wconf 85' lang='lat' dir='ltr'>redire?</span> 
     </span>
    </p>

    <p class='ocr_par' dir='ltr' id='par_1_21' title="bbox 889 1847 1595 2140">
     <span class='ocr_line' id='line_1_68' title="bbox 933 1847 1594 1887; baseline 0.002 -10"><span class='ocrx_word' id='word_1_389' title='bbox 933 1850 994 1877; x_wconf 86' lang='grc'><strong>172</strong></span> <span class='ocrx_word' id='word_1_390' title='bbox 1019 1848 1070 1877; x_wconf 85' lang='lat' dir='ltr'>Ne</span> <span class='ocrx_word' id='word_1_391' title='bbox 1087 1857 1179 1886; x_wconf 70' lang='lat' dir='ltr'>nnnc,</span> <span class='ocrx_word' id='word_1_392' title='bbox 1200 1857 1264 1877; x_wconf 84' lang='lat' dir='ltr'>cum</span> <span class='ocrx_word' id='word_1_393' title='bbox 1290 1857 1436 1887; x_wconf 77' lang='lat' dir='ltr'>arcessar,</span> <span class='ocrx_word' id='word_1_394' title='bbox 1450 1847 1516 1887; x_wconf 58' lang='lat' dir='ltr'>eya]</span> <span class='ocrx_word' id='word_1_395' title='bbox 1541 1848 1594 1878; x_wconf 86' lang='lat' dir='ltr'>Ex</span> 
     </span>
     <span class='ocr_line' id='line_1_69' title="bbox 891 1897 1592 1936; baseline 0 -9"><span class='ocrx_word' id='word_1_396' title='bbox 891 1897 1080 1928; x_wconf 74' lang='lat' dir='ltr'>Menandro</span> <span class='ocrx_word' id='word_1_397' title='bbox 1111 1899 1304 1936; x_wconf 80' lang='lat' dir='ltr'>Terentius,</span> <span class='ocrx_word' id='word_1_398' title='bbox 1334 1899 1421 1928; x_wconf 83' lang='lat' dir='ltr'>Eun.</span> <span class='ocrx_word' id='word_1_399' title='bbox 1450 1907 1542 1927; x_wconf 85' lang='lat' dir='ltr'>scen.</span> <span class='ocrx_word' id='word_1_400' title='bbox 1562 1900 1592 1927; x_wconf 92' lang='lat' dir='ltr'>l.</span> 
     </span>
     <span class='ocr_line' id='line_1_70' title="bbox 889 1948 1593 1987; baseline -0.003 -7"><span class='ocrx_word' id='word_1_401' title='bbox 889 1950 897 1964; x_wconf 93' lang='lat'>‘</span> <span class='ocrx_word' id='word_1_402' title='bbox 917 1948 1006 1980; x_wconf 84' lang='lat' dir='ltr'>Quid</span> <span class='ocrx_word' id='word_1_403' title='bbox 1034 1948 1136 1987; x_wconf 80' lang='lat' dir='ltr'>igitur</span> <span class='ocrx_word' id='word_1_404' title='bbox 1162 1948 1305 1978; x_wconf 82' lang='lat' dir='ltr'>faciam?</span> <span class='ocrx_word' id='word_1_405' title='bbox 1342 1949 1420 1979; x_wconf 85' lang='lat' dir='ltr'>Non</span> <span class='ocrx_word' id='word_1_406' title='bbox 1444 1958 1534 1986; x_wconf 87' lang='lat' dir='ltr'>eam,</span> <span class='ocrx_word' id='word_1_407' title='bbox 1550 1958 1593 1978; x_wconf 85' lang='lat' dir='ltr'>ne</span> 
     </span>
     <span class='ocr_line' id='line_1_71' title="bbox 889 1998 1595 2039; baseline 0 -10"><span class='ocrx_word' id='word_1_408' title='bbox 889 2008 978 2029; x_wconf 77' lang='lat' dir='ltr'>nunc</span> <span class='ocrx_word' id='word_1_409' title='bbox 1005 1998 1141 2039; x_wconf 85' lang='lat' dir='ltr'>quidem</span> <span class='ocrx_word' id='word_1_410' title='bbox 1182 2000 1266 2029; x_wconf 79' lang='lat' dir='ltr'>Cum</span> <span class='ocrx_word' id='word_1_411' title='bbox 1292 2008 1450 2029; x_wconf 78' lang='lat' dir='ltr'>accersor</span> <span class='ocrx_word' id='word_1_412' title='bbox 1486 1998 1595 2037; x_wconf 86' lang='lat' dir='ltr'>nltr0,&#39;</span> 
     </span>
     <span class='ocr_line' id='line_1_72' title="bbox 889 2049 1592 2090; baseline 0 -10"><span class='ocrx_word' id='word_1_413' title='bbox 889 2054 953 2081; x_wconf 56' lang='grc' dir='ltr'>ἃς.</span> <span class='ocrx_word' id='word_1_414' title='bbox 1012 2049 1056 2080; x_wconf 82' lang='lat' dir='ltr'>Et</span> <span class='ocrx_word' id='word_1_415' title='bbox 1083 2059 1125 2080; x_wconf 79' lang='lat' dir='ltr'>ex</span> <span class='ocrx_word' id='word_1_416' title='bbox 1150 2054 1297 2090; x_wconf 88' lang='lat' dir='ltr'>utroque</span> <span class='ocrx_word' id='word_1_417' title='bbox 1325 2049 1502 2088; x_wconf 75' lang='lat' dir='ltr'>Horatius,</span> <span class='ocrx_word' id='word_1_418' title='bbox 1520 2049 1592 2080; x_wconf 87' lang='lat' dir='ltr'>Sat.</span> 
     </span>
     <span class='ocr_line' id='line_1_73' title="bbox 889 2099 1154 2140; baseline 0 -10"><span class='ocrx_word' id='word_1_419' title='bbox 889 2109 929 2131; x_wconf 87' lang='lat'>11.</span> <span class='ocrx_word' id='word_1_420' title='bbox 955 2103 987 2130; x_wconf 83' lang='lat'>3.</span> <span class='ocrx_word' id='word_1_421' title='bbox 1005 2100 1078 2140; x_wconf 81' lang='lat' dir='ltr'>jani</span> <span class='ocrx_word' id='word_1_422' title='bbox 1096 2099 1154 2130; x_wconf 82' lang='lat' dir='ltr'>cit.</span> 
     </span>
    </p>

    <p class='ocr_par' dir='ltr' id='par_1_22' title="bbox 887 2150 1594 2739">
     <span class='ocr_line' id='line_1_74' title="bbox 932 2150 1594 2190; baseline -0.003 -8"><span class='ocrx_word' id='word_1_423' title='bbox 932 2154 992 2182; x_wconf 79' lang='grc'><strong>173</strong></span> <span class='ocrx_word' id='word_1_424' title='bbox 1017 2151 1054 2181; x_wconf 66' lang='grc' dir='ltr'>δι’</span> <span class='ocrx_word' id='word_1_425' title='bbox 1070 2154 1151 2181; x_wconf 79' lang='lat' dir='ltr'>totns</span> <span class='ocrx_word' id='word_1_426' title='bbox 1161 2153 1191 2181; x_wconf 81' lang='lat' dir='ltr'>et</span> <span class='ocrx_word' id='word_1_427' title='bbox 1207 2150 1328 2190; x_wconf 75' lang='lat' dir='ltr'>integer</span> <span class='ocrx_word' id='word_1_428' title='bbox 1342 2151 1426 2181; x_wconf 79' lang='lat' dir='ltr'>illinc</span> <span class='ocrx_word' id='word_1_429' title='bbox 1443 2150 1594 2190; x_wconf 72' lang='lat' dir='ltr'>Exieras]</span> 
     </span>
     <span class='ocr_line' id='line_1_75' title="bbox 889 2201 1593 2242; baseline -0.003 -9"><span class='ocrx_word' id='word_1_430' title='bbox 889 2202 936 2233; x_wconf 78' lang='lat' dir='ltr'>At</span> <span class='ocrx_word' id='word_1_431' title='bbox 951 2212 1012 2242; x_wconf 82' lang='lat' dir='ltr'>ego</span> <span class='ocrx_word' id='word_1_432' title='bbox 1037 2203 1157 2232; x_wconf 83' lang='lat' dir='ltr'>Davus</span> <span class='ocrx_word' id='word_1_433' title='bbox 1177 2202 1239 2232; x_wconf 83' lang='lat' dir='ltr'>tibi</span> <span class='ocrx_word' id='word_1_434' title='bbox 1256 2201 1377 2240; x_wconf 80' lang='lat' dir='ltr'>fidelis,</span> <span class='ocrx_word' id='word_1_435' title='bbox 1393 2212 1412 2232; x_wconf 94' lang='lat' dir='ltr'>o</span> <span class='ocrx_word' id='word_1_436' title='bbox 1434 2201 1525 2240; x_wconf 83' lang='lat' dir='ltr'>here,</span> <span class='ocrx_word' id='word_1_437' title='bbox 1542 2211 1593 2232; x_wconf 89' lang='lat' dir='ltr'>re-</span> 
     </span>
     <span class='ocr_line' id='line_1_76' title="bbox 889 2252 1593 2292; baseline 0 -11"><span class='ocrx_word' id='word_1_438' title='bbox 889 2252 1062 2292; x_wconf 85' lang='lat' dir='ltr'>spondeo:</span> <span class='ocrx_word' id='word_1_439' title='bbox 1090 2256 1124 2282; x_wconf 90' lang='lat' dir='ltr'>te</span> <span class='ocrx_word' id='word_1_440' title='bbox 1146 2261 1206 2281; x_wconf 81' lang='lat' dir='ltr'>nee</span> <span class='ocrx_word' id='word_1_441' title='bbox 1222 2256 1382 2291; x_wconf 81' lang='lat' dir='ltr'>oportere</span> <span class='ocrx_word' id='word_1_442' title='bbox 1400 2252 1442 2281; x_wconf 85' lang='lat' dir='ltr'>ad</span> <span class='ocrx_word' id='word_1_443' title='bbox 1459 2252 1593 2291; x_wconf 81' lang='lat' dir='ltr'>Chrysi-</span> 
     </span>
     <span class='ocr_line' id='line_1_77' title="bbox 889 2302 1593 2339; baseline 0.001 -7"><span class='ocrx_word' id='word_1_444' title='bbox 889 2303 939 2332; x_wconf 84' lang='lat' dir='ltr'>dis</span> <span class='ocrx_word' id='word_1_445' title='bbox 957 2303 1156 2333; x_wconf 83' lang='lat' dir='ltr'>servitutem</span> <span class='ocrx_word' id='word_1_446' title='bbox 1177 2303 1315 2339; x_wconf 78' lang='lat' dir='ltr'>reverti,</span> <span class='ocrx_word' id='word_1_447' title='bbox 1342 2302 1474 2333; x_wconf 81' lang='lat' dir='ltr'>etiamsi</span> <span class='ocrx_word' id='word_1_448' title='bbox 1498 2312 1593 2333; x_wconf 88' lang='lat' dir='ltr'>revo-</span> 
     </span>
     <span class='ocr_line' id='line_1_78' title="bbox 889 2353 1591 2393; baseline 0 -9"><span class='ocrx_word' id='word_1_449' title='bbox 889 2358 958 2392; x_wconf 87' lang='lat' dir='ltr'>cet,</span> <span class='ocrx_word' id='word_1_450' title='bbox 975 2358 1009 2384; x_wconf 83' lang='lat' dir='ltr'>et</span> <span class='ocrx_word' id='word_1_451' title='bbox 1026 2354 1115 2383; x_wconf 87' lang='lat' dir='ltr'>ultro</span> <span class='ocrx_word' id='word_1_452' title='bbox 1143 2353 1314 2393; x_wconf 88' lang='lat' dir='ltr'>supplicet</span> <span class='ocrx_word' id='word_1_453' title='bbox 1330 2364 1338 2391; x_wconf 91' lang='lat'>;</span> <span class='ocrx_word' id='word_1_454' title='bbox 1366 2353 1531 2393; x_wconf 82' lang='lat' dir='ltr'>siquidem</span> <span class='ocrx_word' id='word_1_455' title='bbox 1548 2354 1591 2384; x_wconf 84' lang='lat' dir='ltr'>ad</span> 
     </span>
     <span class='ocr_line' id='line_1_79' title="bbox 887 2404 1592 2444; baseline 0.003 -10"><span class='ocrx_word' id='word_1_456' title='bbox 887 2404 945 2434; x_wconf 86' lang='lat' dir='ltr'>illa</span> <span class='ocrx_word' id='word_1_457' title='bbox 971 2414 1036 2435; x_wconf 88' lang='lat' dir='ltr'>non</span> <span class='ocrx_word' id='word_1_458' title='bbox 1063 2414 1186 2444; x_wconf 83' lang='lat' dir='ltr'>corpus</span> <span class='ocrx_word' id='word_1_459' title='bbox 1203 2409 1332 2435; x_wconf 79' lang='lat' dir='ltr'>tantum</span> <span class='ocrx_word' id='word_1_460' title='bbox 1349 2405 1515 2444; x_wconf 83' lang='lat' dir='ltr'>extulisti,</span> <span class='ocrx_word' id='word_1_461' title='bbox 1532 2406 1592 2436; x_wconf 87' lang='lat' dir='ltr'>sed</span> 
     </span>
     <span class='ocr_line' id='line_1_80' title="bbox 889 2453 1590 2495; baseline 0.001 -11"><span class='ocrx_word' id='word_1_462' title='bbox 889 2459 923 2484; x_wconf 82' lang='lat' dir='ltr'>et</span> <span class='ocrx_word' id='word_1_463' title='bbox 947 2455 1106 2493; x_wconf 84' lang='lat' dir='ltr'>animum,</span> <span class='ocrx_word' id='word_1_464' title='bbox 1134 2464 1204 2492; x_wconf 89' lang='lat' dir='ltr'>cor,</span> <span class='ocrx_word' id='word_1_465' title='bbox 1232 2453 1414 2493; x_wconf 52' lang='lat' dir='ltr'>affectuum</span> <span class='ocrx_word' id='word_1_466' title='bbox 1437 2455 1590 2495; x_wconf 86' lang='lat' dir='ltr'>adeoque</span> 
     </span>
     <span class='ocr_line' id='line_1_81' title="bbox 888 2505 1590 2545; baseline -0.001 -10"><span class='ocrx_word' id='word_1_467' title='bbox 888 2505 1067 2545; x_wconf 79' lang='lat' dir='ltr'>integeret</span> <span class='ocrx_word' id='word_1_468' title='bbox 1083 2510 1172 2536; x_wconf 84' lang='lat' dir='ltr'>totus</span> <span class='ocrx_word' id='word_1_469' title='bbox 1191 2505 1338 2537; x_wconf 83' lang='lat' dir='ltr'>evasisti.</span> <span class='ocrx_word' id='word_1_470' title='bbox 1361 2506 1369 2522; x_wconf 91' lang='lat'>‘</span> <span class='ocrx_word' id='word_1_471' title='bbox 1385 2505 1507 2536; x_wconf 78' lang='lat' dir='ltr'>Anima</span> <span class='ocrx_word' id='word_1_472' title='bbox 1523 2514 1590 2535; x_wconf 88' lang='lat' dir='ltr'>ma-</span> 
     </span>
     <span class='ocr_line' id='line_1_82' title="bbox 889 2554 1591 2596; baseline -0.003 -11"><span class='ocrx_word' id='word_1_473' title='bbox 889 2555 938 2595; x_wconf 85' lang='lat' dir='ltr'>gis</span> <span class='ocrx_word' id='word_1_474' title='bbox 955 2560 1006 2586; x_wconf 88' lang='lat' dir='ltr'>est</span> <span class='ocrx_word' id='word_1_475' title='bbox 1024 2555 1081 2586; x_wconf 90' lang='lat' dir='ltr'>ubi</span> <span class='ocrx_word' id='word_1_476' title='bbox 1110 2560 1212 2594; x_wconf 87' lang='lat' dir='ltr'>amat,</span> <span class='ocrx_word' id='word_1_477' title='bbox 1234 2566 1333 2596; x_wconf 86' lang='lat' dir='ltr'>quam</span> <span class='ocrx_word' id='word_1_478' title='bbox 1360 2555 1415 2585; x_wconf 90' lang='lat' dir='ltr'>ubi</span> <span class='ocrx_word' id='word_1_479' title='bbox 1442 2554 1591 2584; x_wconf 87' lang='lat' dir='ltr'>animat.&#39;</span> 
     </span>
     <span class='ocr_line' id='line_1_83' title="bbox 887 2604 1589 2637; baseline -0.001 -1"><span class='ocrx_word' id='word_1_480' title='bbox 887 2606 1003 2637; x_wconf 88' lang='lat' dir='ltr'>Plaut.</span> <span class='ocrx_word' id='word_1_481' title='bbox 1034 2606 1165 2637; x_wconf 83' lang='lat' dir='ltr'>Asinar.</span> <span class='ocrx_word' id='word_1_482' title='bbox 1194 2615 1285 2636; x_wconf 90' lang='lat' dir='ltr'>scen.</span> <span class='ocrx_word' id='word_1_483' title='bbox 1317 2608 1347 2635; x_wconf 82' lang='lat'>3.</span> <span class='ocrx_word' id='word_1_484' title='bbox 1387 2605 1514 2634; x_wconf 81' lang='lat' dir='ltr'>‘Fixus</span> <span class='ocrx_word' id='word_1_485' title='bbox 1535 2604 1589 2635; x_wconf 86' lang='lat' dir='ltr'>hie</span> 
     </span>
     <span class='ocr_line' id='line_1_84' title="bbox 887 2654 1590 2696; baseline -0.003 -9"><span class='ocrx_word' id='word_1_486' title='bbox 887 2655 979 2696; x_wconf 80' lang='lat' dir='ltr'>apud</span> <span class='ocrx_word' id='word_1_487' title='bbox 993 2666 1052 2687; x_wconf 85' lang='lat' dir='ltr'>nos</span> <span class='ocrx_word' id='word_1_488' title='bbox 1065 2661 1118 2688; x_wconf 88' lang='lat' dir='ltr'>est</span> <span class='ocrx_word' id='word_1_489' title='bbox 1133 2656 1263 2687; x_wconf 84' lang='lat' dir='ltr'>animus</span> <span class='ocrx_word' id='word_1_490' title='bbox 1280 2660 1356 2686; x_wconf 88' lang='lat' dir='ltr'>tuus</span> <span class='ocrx_word' id='word_1_491' title='bbox 1374 2655 1470 2685; x_wconf 87' lang='lat' dir='ltr'>clavo</span> <span class='ocrx_word' id='word_1_492' title='bbox 1494 2654 1590 2696; x_wconf 84' lang='lat' dir='ltr'>cupi-</span> 
     </span>
     <span class='ocr_line' id='line_1_85' title="bbox 887 2705 996 2739; baseline 0.018 -2"><span class='ocrx_word' id='word_1_493' title='bbox 887 2705 996 2739; x_wconf 84' lang='lat' dir='ltr'>dinis.&#39;</span> 
     </span>
    </p>
   </div>
  </div>
 </body>
</html>
