1888 3032
695 185 877 216 SATIRA
915 187 982 217 vl.

1480 176 1564 217 181

110 283 123 301 ‘
142 280 379 334 Progenies
399 281 556 322 ten-ees
588 280 749 332 Quaere
772 295 829 322 ex
849 296 934 332 me,
959 282 1056 335 quis
1074 282 1178 323 mihi
1200 286 1380 335 quartus

109 348 177 390 Sit
203 352 353 402 pater:
386 349 501 390 haud
524 354 707 403 promte,
729 351 874 390 dicam
893 354 1047 392 tamen.

1119 349 1248 391 Adde
1267 351 1399 392 etiam
1421 363 1570 400 unum,

109 415 255 457 Unum
274 418 424 458 etiam:
458 424 582 459 terrae
603 423 670 459 est
683 420 778 472 jam
800 418 941 470 filius;
972 423 1016 459 et
1035 419 1142 459 mihi
1163 419 1248 459 ritu

108 483 289 525 Manius
309 485 380 525 hic
402 487 568 538 generis
589 499 726 539 prope
747 485 889 539 major
910 486 1150 527 avunculus
1173 487 1281 527 exit.

1513 485 1570 527 60

108 606 234 643 terroga
252 613 311 643 me,
326 604 466 644 quisnam
490 604 567 635 milii
584 603 653 642 suit
669 606 797 644 quartus
818 613 942 644 parens,
990 605 1063 635 Non
1083 604 1182 643 facile
1211 606 1335 645 dicam,
1360 609 1395 636 at
1417 605 1574 636 nihilomi-

109 657 164 677 nus
176 646 343 686 proferam.
368 647 476 685 Adjice
491 648 537 677 vel
554 647 689 686 unicum,
704 647 798 678 imnw
813 648 955 683 unicum:
970 647 1041 685 J'am
1056 652 1102 679 est
1122 649 1227 680 Terrae
1237 650 1462 689 progenies:et
1480 649 1574 679 lilan-

111 690 181 720 aius
197 689 247 721 ille
258 690 366 730 prodit
382 689 454 727 scre
477 690 553 721 mihi
577 692 672 730 major
687 691 855 721 avunculus
885 691 991 722 ordine
1013 691 1133 732 stirpis.

1178 694 1227 723 'l'u
1254 702 1335 723 vero
1359 693 1413 732 qui
1433 692 1576 723 anterior

775 788 914 820 NOTAE

110 859 304 902 discerptus
320 862 451 904 fuisset,
468 868 507 895 ut
525 868 642 896 notum
658 869 710 896 est
721 865 815 896 cuili-

111 911 183 952 bet,
206 922 248 943 ex
282 914 355 945 AEn.
372 923 437 945 vn.
467 914 569 946 Ovid.
598 915 690 946 Fast.
706 924 762 946 ur.
778 920 815 946 et

111 971 161 994 Π.
186 963 329 995 Metam.
347 973 406 996 xv.
425 964 495 997 fab.
509 968 562 997 45.

151 1013 295 1055 Manius]
332 1015 496 1055 Ignobilis
513 1017 655 1058 quilibet
669 1021 707 1048 et
722 1018 814 1058 igno-

108 1068 175 1104 tus,
201 1066 376 1097 mendicus
401 1068 568 1108 quispiam
581 1067 751 1109 Aricinus,
773 1070 814 1100 si-

110 1115 200 1146 milis
227 1116 343 1148 Manio
366 1117 428 1157 illi,
451 1118 506 1159 qui
523 1117 578 1160 (ut
604 1119 652 1150 ait
675 1119 815 1160 Festus)

110 1163 233 1198 Dianae
248 1177 365 1208 agrum
390 1173 426 1199 et
452 1169 563 1200 lucum
588 1170 816 1208 consecravit,

108 1216 238 1248 Tritum
251 1217 370 1249 Romae
384 1219 610 1251 Proverbium
624 1225 711 1259 erat,
729 1221 814 1252 Mul-

109 1267 136 1298 ti
154 1267 258 1298 Manii
281 1268 423 1305 Aricioe3
447 1269 524 1310 quia
547 1270 671 1301 deinde
699 1271 814 1311 plures

108 1317 151 1348 ab
165 1317 222 1349 illo
240 1318 372 1350 oriundi
385 1320 455 1351 illic
464 1320 591 1352 virtute
603 1321 812 1354 claruerunt.

111 1368 213 1401 Quod
244 1374 358 1401 autem
388 1380 557 1411 pauperes
598 1377 635 1403 et
665 1373 814 1404 mendici

111 1417 271 1450 adessent
301 1419 334 1449 in
367 1429 407 1451 ea
437 1421 574 1461 regione
604 1421 816 1464 frequentes,

111 1472 211 1510 patet
239 1479 281 1499 ex
309 1469 490 1509 Juvenale,
518 1471 588 1503 Sat.
613 1482 725 1504 1v.vs.
744 1476 816 1505 117.

109 1519 119 1537 ·’
137 1519 267 1561 Dignus
284 1521 442 1553 Aricinos
462 1523 516 1564 qui
543 1524 754 1556 mendicaret
774 1526 817 1556 ad

110 1569 215 1601 axes!
276 1571 320 1601 Et
359 1572 512 1603 Martial.
550 1574 646 1614 Epig.
668 1583 736 1606 ΧΠ.
764 1579 818 1609 32.

110 1620 119 1636 ‘
139 1619 215 1651 Irus
234 1624 370 1653 tuorum
389 1627 581 1663 temporum
598 1624 816 1665 sequebari53

108 1670 261 1713 Migrare
274 1672 397 1704 clivum
416 1675 575 1706 crederes
592 1675 791 1708 Aricinun1.’

151 1724 192 1752 57
218 1722 386 1762 Progenies
396 1724 506 1764 terroe]
521 1724 721 1765 Respondet
733 1727 816 1758 Per-

111 1771 161 1802 sio
189 1772 298 1803 haeres
315 1774 383 1814 ille,
409 1774 452 1805 de
470 1785 537 1816 quo
565 1777 667 1817 paulo
693 1787 816 1818 supra:

110 1822 241 1854 scilicet
265 1824 436 1855 haeredem
460 1826 619 1857 institues
635 1827 754 1858 Terrae
778 1828 815 1859 fi-

109 1872 207 1912 lium,
238 1873 415 1913 Gigantum
436 1875 659 1915 fraterculum,
698 1882 737 1909 ut
767 1878 816 1910 ait

110 1922 290 1956 Juvenalis
319 1925 389 1956 Sat.
417 1935 465 1957 lv.
496 1937 542 1958 vs.
569 1929 622 1958 98.
645 1927 814 1959 hominem

109 1973 308 2016 ignobilem,
325 1976 489 2016 spurium,
503 1977 599 2019 cujus
614 1977 816 2017 ignorantur

108 2030 271 2066 parentes
288 2031 324 2057 et
341 2028 501 2067 prosapia
516 2028 526 2058 ?
550 2030 614 2059 διε.

157 2075 269 2110 Quaere
286 2086 325 2107 ex
340 2087 387 2108 me
406 2078 485 2118 quis,
499 2078 568 2118 ehu]
594 2078 745 2112 Quidni?
768 2079 815 2110 in-

113 2127 187 2168 quit
202 2127 354 2159 Persius.
400 2130 486 2160 Tam
502 2130 636 2161 Manius
653 2130 722 2163 erit
737 2131 816 2162 mihi

113 2177 221 2209 haeres
243 2183 278 2209 et
297 2179 520 2220 propinquus,
535 2190 635 2221 quam
653 2181 818 2222 quispiam

111 2232 245 2259 remota
259 2229 460 2268 cognatione
475 2229 595 2270 affinis,
610 2230 652 2262 de
669 2241 734 2272 quo
745 2242 820 2273 per-

111 2275 191 2308 inde
211 2278 369 2309 dubitare
383 2278 435 2310 fas
458 2280 537 2310 milii
553 2282 608 2321 sit,
620 2291 660 2312 ac
676 2282 718 2312 de
743 2283 819 2314 Ma-

111 2326 190 2366 nio3
226 2328 294 2369 qui,
323 2334 361 2361 ut
383 2331 503 2371 ceteri,
522 2340 654 2363 mecum
681 2331 725 2363 ab
751 2343 819 2364 una

111 2378 243 2420 origine
259 2386 472 2420 procreatus,
499 2387 538 2413 ut
554 2382 637 2421 dixi,
661 2392 782 2424 nempe
798 2394 818 2415 a

110 2429 218 2461 Terra
231 2433 403 2463 communi
419 2433 568 2464 omnium
581 2438 738 2475 parente,
753 2435 816 2466 sal-

110 2482 180 2511 tem
193 2490 235 2512 ea
250 2481 380 2513 ratione
395 2483 471 2524 conj
479 2488 600 2515 unctus
617 2489 680 2516 est.

157 2530 237 2566 Quis
265 2532 343 2563 mihi
368 2536 496 2574 quartus
522 2534 565 2566 sit
588 2536 695 2578 pater]
732 2535 817 2570 Quis

111 2577 238 2622 abavus
254 2592 359 2615 meus.

157 2633 200 2661 58
224 2632 320 2664 Haud
326 2638 462 2676 promte,
471 2636 573 2668 dicam
585 2638 705 2679 tamen]
737 2639 818 2671 Non

113 2678 214 2730 facile
236 2682 372 2723 quidem
396 2689 434 2717 et
472 2691 643 2727 promtum
665 2689 818 2721 indicare

113 2731 259 2764 abavum
286 2742 422 2774 menan
451 2735 486 2767 id
518 2741 632 2771 tamen
670 2738 816 2772 fortasse

872 868 1040 905 praestare
1054 868 1187 905 potero.

911 915 1000 945 Adde
1013 914 1305 955 etian211n1c111‚‹3,·c.]
1329 915 1429 948 Quod
1447 914 1472 946 si
1488 915 1574 948 ulte-

869 965 937 996 rius
959 970 1108 1006 repetas,
1134 975 1173 997 ac
1201 967 1256 997 vel
1283 976 1385 997 unum
1408 969 1576 1008 superius,

870 1021 905 1047 et
919 1021 1010 1047 retro
1023 1016 1233 1057 cognationis
1244 1017 1382 1056 gradum
1393 1019 1555 1050 scruteris
1566 1030 1576 1057 3

869 1071 906 1099 et
929 1077 1049 1108 poscas
1080 1067 1156 1108 quis
1187 1072 1306 1098 atavus
1334 1068 1413 1099 mihi
1444 1068 1575 1108 fuerit;

864 1118 937 1159 jam
955 1118 1111 1149 haerebo:
1137 1118 1204 1149 erit
1229 1119 1317 1149 enim
1347 1119 1376 1150 is
1402 1119 1482 1151 mihi
1506 1124 1576 1152 tam

869 1169 1018 1209 ignotus,
1031 1178 1130 1210 quam
1154 1168 1234 1208 iste,
1257 1178 1357 1210 quem
1383 1170 1489 1201 Terrae
1504 1180 1576 1211 pro-

868 1219 992 1259 geniem
1006 1219 1201 1260 appellasti.

911 1273 953 1301 59
979 1270 1084 1301 Terrae
1105 1270 1234 1309 estjam
1253 1271 1361 1313 filius]
1386 1273 1439 1303 Ex
1452 1273 1578 1313 Empe-

868 1319 976 1352 doclis
998 1321 1171 1352 sententia
1195 1327 1231 1353 et
1264 1322 1404 1353 aliorum
1431 1333 1578 1364 quorun-

869 1371 948 1403 dam
985 1375 1140 1403 veternm
1183 1372 1478 1413 Philosophorum,
1519 1373 1579 1414 qui

870 1427 967 1454 natos
997 1433 1016 1454 e
1042 1424 1149 1454 Terra
1168 1424 1294 1464 primos
1324 1424 1474 1456 homines
1500 1435 1577 1456 cen·

871 1484 983 1513 suere,
998 1485 1074 1505 cum
1092 1475 1149 1505 alii
1169 1485 1212 1506 ex
1228 1486 1314 1516 aqua
1343 1475 1465 1517 factos,
1490 1476 1578 1507 sicut

872 1528 908 1555 et
932 1524 998 1555 alia
1020 1525 1190 1565 universa,
1217 1526 1449 1565 opinarentur.
1496 1526 1577 1557 Huc

872 1575 975 1606 etiam
998 1574 1083 1606 facit
1096 1576 1187 1616 quod
1211 1575 1381 1606 hominem
1412 1576 1456 1607 ab
1476 1576 1578 1608 humo

872 1630 1006 1657 veteres
1045 1626 1174 1657 dixere.
1247 1627 1357 1658 Porro
1395 1628 1486 1668 quod
1516 1637 1579 1669 per

875 1677 980 1708 Tem-a>
992 1677 1101 1719 filium
1115 1678 1213 1708 homo
1236 1678 1330 1708 nihili
1355 1679 1579 1721 significetur,

869 1731 906 1758 et
918 1727 1096 1767 obscurus,
1114 1732 1210 1768 patet
1223 1738 1266 1759 ex
1292 1729 1401 1759 Tullio
1421 1729 1463 1760 ad
1488 1729 1579 1762 Atti-

870 1788 948 1809 cum
975 1778 1025 1808 ita
1054 1778 1246 1810 scribente:
1302 1780 1311 1795 ‘
1330 1779 1421 1810 Huic
1459 1780 1579 1812 Terrae

869 1827 938 1858 filio
965 1827 1178 1858 committere
1204 1828 1382 1868 epistolam
1407 1829 1510 1860 tantis
1535 1829 1579 1861 de

870 1879 972 1910 rebus
989 1888 1056 1910 non
1073 1877 1206 1910 audeo.'
1252 1880 1380 1910 Tertul.
1401 1880 1436 1910 in
1452 1879 1581 1920 Apolo—

870 1934 940 1970 get.
955 1931 964 1945 ‘
978 1929 1104 1959 Dictus
1121 1929 1284 1960 Saturnus
1296 1931 1407 1960 Terrae
1423 1931 1580 1972 Coelique

869 1979 969 2020 filius,
996 1980 1074 2021 quia
1113 1980 1231 2020 ignoti,
1255 1981 1308 2011 vel
1335 1990 1376 2011 ex
1403 1981 1580 2023 inopinato

872 2034 1080 2070 apparentes
1104 2030 1146 2060 de
1170 2031 1256 2061 coelo
1281 2031 1502 2072 supervenire
1530 2032 1579 2063 di·

871 2086 1014 2118 cuntur;
1039 2081 1128 2111 sicut
1142 2080 1262 2112 Terrae
1280 2081 1366 2112 filios
1387 2082 1506 2122 vulgus
1523 2091 1581 2114 vo-

872 2135 940 2171 cat,
952 2140 1095 2172 quorum
1113 2140 1220 2171 genus
1237 2131 1404 2162 incertum
1422 2137 1495 2164 est:
1531 2132 1581 2173 gi-

873 2186 1060 2223 gantesque
1076 2181 1138 2213 hac
1163 2182 1296 2213 ratione
1316 2183 1432 2213 Terrae
1449 2181 1510 2213 filii
1523 2192 1582 2223 ap-

874 2232 1069 2273 pellantur.’
1092 2231 1181 2262 Vide
1195 2233 1280 2264 Coel.
1290 2232 1437 2273 Rhodig.
1451 2235 1579 2265 xx.28.

916 2285 957 2314 60
982 2283 1090 2321 Major
1113 2283 1281 2313 avunculus
1308 2282 1391 2322 exit]
1443 2282 1579 2316 Manius

874 2332 946 2374 ipse
989 2333 1098 2363 videri
1134 2332 1240 2373 possit
1271 2338 1446 2374 cognatus,
1477 2338 1514 2366 et
1544 2333 1581 2366 iu

873 2388 1055 2416 stemmate
1096 2384 1205 2425 major
1237 2386 1422 2416 avunculus
1450 2385 1580 2425 scribi;

872 2435 1035 2477 siquidem
1053 2435 1136 2466 alius
1153 2445 1253 2466 nemo
1271 2435 1386 2476 prodit
1402 2441 1437 2467 et
1454 2440 1579 2477 praesto

872 2491 937 2526 est,
951 2486 1008 2528 qui
1025 2487 1167 2527 gradum
1193 2487 1281 2518 hunc
1305 2491 1341 2518 et
1363 2487 1474 2518 locum
1489 2486 1579 2517 inter

871 2538 1018 2579 maj0res
1031 2548 1137 2578 meos,
1152 2542 1187 2570 et
1212 2538 1246 2568 in
1266 2537 1384 2569 ordine
1401 2536 1514 2575 stirpis
1541 2538 1578 2566 et

873 2590 1086 2630 cognationis
1117 2599 1217 2628 meae,
1242 2589 1321 2629 jure
1359 2586 1481 2627 potiori
1511 2584 1579 2617 sibi

872 2644 976 2681 queat
993 2639 1179 2671 vindicare.
1226 2638 1331 2676 Major
1345 2636 1510 2667 uentriculus
1524 2639 1578 2668 est

872 2689 926 2720 avi
955 2690 1009 2721 vel
1034 2690 1118 2721 aviae
1143 2688 1273 2719 frater:
1303 2690 1363 2717 aut
1392 2686 1496 2716 etiam
1520 2685 1575 2717 avi

871 2741 1025 2784 aviaeque
1041 2735 1240 2779 avunculus,
1256 2741 1294 2769 ut
1305 2736 1422 2779 placet
1437 2737 1554 2770 Festo.
