1888 3032
695 174 876 204 SA'mRA
911 173 976 204 [V.

1483 165 1566 206 105

108 268 286 311 Caecum
306 268 462 309 vulnus
481 268 638 310 habes:
671 267 747 308 sed
766 267 858 308 lato
878 267 1050 308 balteus
1070 279 1176 308 auro

107 336 340 388 Praetegit:
371 339 418 376 ut
438 335 596 385 mavis,
618 334 677 376 da
694 335 843 384 verba,
865 340 909 375 et
928 334 1084 388 decipe
1104 344 1275 385 nervos,

377 405 388 423 ‘
407 402 639 455 Egregium
659 415 759 443 cum
778 414 848 441 me
868 401 1030 442 vicinia
1051 401 1183 452 dicat,

510 470 638 520 Viso,
670 469 708 510 si
728 469 881 522 palles,
903 469 1115 522 improbe,
1134 483 1337 522 nummo;

105 402 154 443 Si
175 406 316 456 poteS.

106 470 209 512 Non
231 470 406 512 credam
418 470 451 511 'l'

105 600 276 639 objicimus.

327 600 403 631 Vita
416 600 471 631 hoa:
486 601 574 631 modo
587 599 775 631 traducitur.
823 599 874 631 Ita
890 599 1013 630 scimus.
1059 599 1124 631 Sub
1151 600 1244 632 ilibus
1266 603 1394 642 plagam
1417 601 1566 632 occultam

101 644 199 683 geris,
213 644 266 674 sed
282 652 353 673 eam
370 642 504 682 cooperit
520 642 637 673 balteus
650 653 726 673 auro
740 643 852 683 amplo.
898 642 989 674 Sicut
1009 644 1120 674 metius
1133 644 1273 682 duxeris,
1290 644 1422 684 impone,
1439 648 1469 675 et
1486 643 1566 682 falle

104 687 196 726 vires,
207 686 367 716 dummodo
378 685 411 716 id
425 695 527 725 queas.
566 685 704 717 Atenim
718 687 838 727 quando
853 685 948 717 vicini
957 695 1003 717 me
1011 687 1197 727 praclarum
1205 687 1393 727 proedicunt,
1403 686 1565 728 numquid

765 820 906 854 NOTAE

102 907 281 938 habemns:
302 907 375 948 jam
390 912 423 939 te
441 909 532 939 intus
549 908 633 940 etin
652 913 732 939 cute
750 918 804 939 no·

103 958 223 988 vimus.

146 1007 223 1048 Ilia]
260 1007 314 1039 Ab
325 1009 390 1040 ileo
402 1008 562 1040 intestino
574 1009 632 1040 ilia
644 1009 805 1040 dicuntur

102 1067 176 1088 ossa
198 1058 265 1089 duo
289 1059 391 1089 imum
410 1063 563 1089 ventrem
581 1059 657 1090 hine
672 1063 707 1090 et
726 1058 804 1089 inde

101 1107 295 1140 attinentia.
343 1109 404 1139 His
431 1109 533 1139 etiam
557 1107 673 1140 affines
691 1114 805 1150 partes

102 1158 272 1199 utrimque
289 1159 444 1189 laterales
460 1159 548 1189 ilium
564 1159 697 1190 nomine
714 1168 806 1200 saepe

101 1207 348 1248 intelliguntur.
406 1209 472 1240 Hic
499 1219 580 1240 vero
611 1220 672 1250 per
699 1215 806 1241 meta-

101 1259 252 1298 phoram,
268 1260 324 1290 ilia
341 1258 534 1300 significant
551 1260 686 1291 intimos
703 1260 804 1291 animi

102 1318 264 1340 recessus.

142 1361 183 1389 44
210 1361 332 1391 Coecum
354 1361 461 1391 vulnus
486 1360 593 1400 habes]
640 1361 803 1392 Conscius

102 1409 163 1440 tibi
179 1419 215 1440 es
232 1411 412 1440 multarum
429 1411 625 1449 libidinum,
644 1412 803 1451 plurium-

101 1469 167 1500 que
183 1460 348 1490 scelerum
362 1461 448 1490 clam
465 1466 752 1501 perpetratorum.

145 1510 207 1540 Sed
223 1511 284 1541 lato
294 1510 412 1541 balteus
423 1520 499 1541 auro
511 1511 676 1551 proetegi’t]
709 1511 804 1541 Sum-

101 1570 174 1591 mus
213 1560 328 1591 Romae
360 1561 580 1600 Principatus
618 1561 729 1601 legum
769 1566 804 1591 te

102 1615 195 1640 metu
212 1610 341 1647 eximit,
359 1619 466 1650 eoque
491 1616 524 1640 te
543 1609 583 1640 ad
601 1618 699 1640 omne
722 1608 804 1640 faci-

101 1670 161 1690 nus
191 1659 406 1691 audaciorem
436 1658 532 1691 facit.
592 1660 746 1691 Allusum
761 1661 803 1690 ad

100 1709 380 1741 consuetudinem
408 1710 642 1741 Gladiatorum
667 1711 725 1751 qui
750 1720 803 1741 ac-

101 1766 239 1801 ceptum
256 1760 288 1790 in
303 1770 406 1791 arena
420 1762 540 1791 vulnus
559 1767 675 1801 tegere
691 1762 804 1793 balteo

100 1811 308 1847 nitebantur,
346 1817 382 1843 et
418 1817 652 1852 spectatorum
689 1813 805 1843 oculos

103 1861 232 1892 fallere.
274 1862 329 1892 lta
342 1867 474 1892 veteres
488 1862 634 1893 Glossae.
680 1863 804 1902 Neque

101 1912 296 1942 dissentiam
317 1922 335 1942 a
352 1912 564 1949 Casaubono,
591 1911 649 1951 qui
675 1911 804 1950 pariter

100 1963 173 1992 vult
191 1962 341 1992 Persium
365 1961 520 1991 habuisse
539 1960 572 1990 in
589 1961 700 1990 animo
716 1961 803 1991 ictus

99 2018 133 2042 et
153 2012 293 2042 vulnera
317 2011 446 2043 Neroni
463 2009 592 2041 inflicta
609 2020 666 2050 per
685 2011 801 2041 urbem

100 2067 203 2092 noctu
222 2062 416 2101 petulanter
430 2061 579 2101 vaganti,
595 2066 632 2091 ut
646 2066 696 2091 est
712 2060 801 2101 apud

99 2113 238 2142 Sueton.
257 2121 286 2142 c.
304 2114 357 2142 26.
376 2117 412 2142 et
428 2111 586 2141 Tacitum
605 2110 727 2141 Annal.
743 2111 800 2141 lib.

102 2170 181 2191 xiii.
197 2161 282 2192 adeo
297 2167 332 2191 ut
343 2161 520 2192 cicatrices
532 2162 635 2191 ctiam
649 2171 706 2191 ore
720 2171 803 2201 prae-

103 2212 231 2242 tulerit.

144 2263 223 2293 Luto
251 2262 368 2293 balteus
395 2261 484 2300 auro]
535 2262 664 2291 Balteus
687 2261 803 2302 cingu-

99 2314 167 2345 lum
184 2319 235 2345 est
251 2315 397 2344 militare
414 2324 431 2343 e
448 2313 540 2343 corio
557 2313 690 2349 bubulo,
705 2324 723 2344 e
736 2324 802 2354 quo

100 2374 192 2395 arma
223 2364 428 2404 dependent.
474 2364 713 2403 Metaphorice
746 2374 804 2403 po-

100 2414 192 2445 nitur
209 2424 269 2455 pro
286 2415 454 2454 dignitate
471 2418 506 2445 et
524 2415 687 2454 potentia.
727 2415 803 2444 Lati

102 2471 196 2496 certe
226 2470 324 2496 eraut
356 2465 526 2496 veteribus
558 2465 680 2503 baltei;
719 2475 802 2505 quos

101 2522 242 2555 argento
267 2517 410 2547 decoros
443 2516 537 2546 aiunt
568 2514 670 2546 fuisse
698 2516 800 2546 etiarn

102 2567 282 2605 gregariis:
307 2567 424 2597 Duces
439 2571 550 2597 autem
568 2571 604 2598 et
622 2566 800 2606 Principes

100 2616 206 2645 multo
223 2616 404 2655 gestabant
429 2626 523 2655 auro,
547 2616 727 2657 multisque
744 2627 800 2646 au-

101 2665 166 2695 reis
183 2664 281 2694 bullis
297 2666 478 2708 distinctos
490 2676 529 2697 ac
543 2665 799 2706 praefulgentes.

100 2715 221 2756 virgil.
255 2715 382 2747 AEueid.
400 2721 432 2747 5.
477 2719 485 2734 ‘
500 2718 586 2749 Lato
610 2727 710 2761 quam
734 2717 797 2748 cir-

861 918 937 939 cum
965 907 1188 949 amplectitur
1204 917 1287 939 auro
1310 905 1476 939 Balteus!
1520 906 1566 937 Et

859 958 992 990 AEneid.
1012 962 1062 990 12.
1106 959 1268 990 ‘Balteus
1285 963 1322 989 et
1348 957 1435 988 notis
1464 956 1565 987 fulse-

859 1014 938 1041 runt
965 1010 1102 1050 cingula
1127 1009 1227 1040 bullis
1252 1008 1420 1039 Pallantis
1444 1006 1565 1048 pueri.’

861 1059 950 1090 Vide
967 1059 1069 1091 Alex.
1086 1059 1127 1090 ab
1144 1058 1244 1090 Alex.
1260 1058 1319 1089 lib.
1336 1067 1376 1088 ιι.
1392 1067 1470 1098 cap.
1489 1060 1542 1088 29.

901 1113 942 1140 45
971 1110 1014 1141 Ut
1026 1110 1134 1149 matis,
1145 1111 1185 1140 da
1196 1109 1303 1150 cerba]
1327 1109 1417 1148 Ergo
1429 1109 1565 1148 impone

861 1160 947 1200 aliis,
963 1165 1127 1201 qnantum
1153 1159 1303 1198 libuerit,
1333 1159 1399 1189 imo
1426 1162 1462 1189 et
1488 1157 1564 1189 tibi.

859 1212 911 1242 Te
945 1221 1063 1242 sanum
1099 1216 1133 1242 et
1169 1210 1211 1241 ad
1248 1209 1358 1241 omnia
1393 1208 1564 1239 valentem

861 1261 978 1301 crede,
1004 1266 1039 1292 et
1060 1261 1170 1302 jacta:
1196 1260 1409 1300 adjuvabunt
1424 1269 1490 1289 non
1508 1268 1565 1298 pa-

861 1321 934 1342 rum
951 1311 1157 1342 adulatores.
1204 1310 1324 1342 Horat.
1349 1310 1409 1341 lib.
1427 1319 1452 1341 1.
1470 1309 1565 1340 satir.

859 1365 891 1393 4.
935 1362 943 1378 ⁴
957 1362 1007 1393 Ut
1023 1361 1128 1392 mavis
1145 1361 1298 1392 imitare.³

902 1412 1019 1452 Decipe
1034 1421 1155 1450 nervos,
1167 1411 1194 1442 si
1205 1411 1307 1452 potes]
1346 1410 1447 1441 Vires
1461 1409 1565 1440 etiam

861 1466 935 1493 tuas
958 1462 1109 1502 Imperio
1136 1461 1279 1492 ferendo
1304 1471 1404 1501 pares
1421 1461 1564 1496 aesfima,

859 1512 886 1541 si
902 1516 1014 1542 tamen
1030 1516 1127 1552 potes
1146 1512 1300 1542 ulti-icem
1321 1510 1564 1542 conscientiam

859 1561 992 1601 fallere,
1018 1562 1194 1602 indignum
1226 1566 1259 1592 te
1287 1560 1488 1600 Principatu
1508 1559 1566 1590 ob-

852 1613 1054 1653 jectantem.
1101 1613 1191 1643 Cave
1208 1620 1249 1642 ne
1276 1610 1418 1641 imiteris
1434 1619 1492 1640 eos
1508 1609 1565 1651 qui

859 1664 961 1695 nimio
979 1668 1061 1704 potu
1086 1673 1124 1694 ae
1152 1663 1284 1693 Venere
1301 1664 1495 1693 contractos
1512 1670 1564 1691 ar-

860 1714 1020 1745 ticulares
1036 1714 1169 1744 morbos
1183 1712 1247 1743 etsi
1263 1711 1565 1750 dissimulant,ner-

861 1773 975 1795 vorum
994 1769 1106 1794 tamen
1120 1763 1330 1794 debilitatem
1349 1761 1512 1801 sentiunt,
1529 1766 1565 1790 et

859 1815 1009 1846 dolorem
1041 1815 1228 1855 patiuntur.
1294 1814 1418 1844 Forat.
1451 1812 1508 1843 lib.
1539 1821 1563 1842 r.

859 1867 958 1906 epist.
978 1869 1030 1897 16.
1075 1868 1083 1882 ‘
1099 1865 1176 1896 Neu
1193 1865 1219 1895 si
1236 1869 1268 1894 te
1288 1864 1430 1904 populus
1445 1873 1563 1894 sanum

858 1920 1020 1956 reeteque
1038 1916 1206 1945 valentem
1220 1915 1382 1950 Dictstet,
1395 1914 1563 1944 occultam

857 1964 987 1995 febrem
999 1964 1061 1995 sub
1072 1969 1206 2004 tempus
1216 1964 1339 1995 edendi
1350 1963 1564 2002 Dissimukns,

858 2015 965 2046 donec
997 2015 1149 2045 manibus
1178 2024 1266 2044 mors
1288 2013 1417 2044 incidat
1441 2014 1564 2044 unctis.

856 2065 1045 2095 Stultorum
1073 2065 1227 2095 incurata
1252 2063 1362 2104 pudor
1388 2065 1494 2094 malus
1519 2064 1565 2094 ul-

858 2126 936 2147 cera
952 2115 1063 2147 celat!

899 2169 940 2197 46
966 2166 1139 2205 Egregium
1162 2175 1230 2195 cum
1256 2175 1302 2195 me
1325 2164 1441 2195 vicinia
1467 2165 1562 2203 dicat,

857 2216 923 2255 ἐξα]
960 2215 1160 2255 Respondet
1176 2214 1387 2252 Alcibiades,
1402 2214 1562 2244 autNero

857 2266 1019 2297 adversus
1051 2266 1310 2306 objurgantem:
1350 2264 1457 2304 Atqui
1494 2274 1562 2295 non

857 2327 920 2357 ego
949 2326 1003 2347 me
1035 2326 1119 2346 unus
1153 2316 1276 2346 bonum
1303 2324 1341 2344 ac
1371 2314 1561 2354 sapientem

859 2368 953 2397 dico:
979 2376 1019 2397 en
1032 2365 1134 2396 vicini
1146 2370 1179 2396 et
1191 2365 1245 2395 alii
1258 2365 1346 2395 ultro
1359 2364 1562 2404 praedicant.

857 2417 925 2448 Cur
939 2427 1004 2447 non
1022 2415 1181 2446 credam?
1206 2416 1252 2445 Et
1268 2423 1370 2453 quare
1384 2421 1561 2454 suspectos

856 2467 987 2498 habebo
1012 2472 1081 2497 tam
1107 2465 1192 2496 bene
1215 2464 1257 2495 de
1274 2464 1559 2504 mejudicantes?

857 2517 980 2547 Horat.
1010 2517 1084 2546 loco
1113 2525 1190 2544 mox
1218 2515 1343 2545 citato:
1380 2518 1415 2543 et
1443 2513 1500 2542 lib.
1519 2522 1560 2542 ii.

856 2567 958 2599 Satir.
974 2572 1005 2598 5.
1051 2567 1060 2584 ‘
1076 2565 1221 2606 Egregie
1238 2563 1366 2594 factum
1383 2562 1499 2592 laudet
1515 2561 1561 2590 vi-

856 2618 960 2649 cinia.’

896 2671 936 2698 47
967 2668 1038 2698 Viso
1067 2668 1095 2697 si
1119 2666 1227 2706 palles,
1253 2662 1321 2703 85⁶3]
1371 2660 1559 2698 Redarguit

853 2719 1077 2759 Philosophus
1090 2722 1148 2748 aut
1156 2713 1467 2747 Persiusl's'eronem
1481 2722 1486 2741 :
1505 2712 1558 2744 Au
