<?xml version="1.0" encoding="UTF-8"?>
<!DOCTYPE html PUBLIC "-//W3C//DTD XHTML 1.0 Transitional//EN"
    "http://www.w3.org/TR/xhtml1/DTD/xhtml1-transitional.dtd">
<html xmlns="http://www.w3.org/1999/xhtml" xml:lang="en" lang="en">
 <head>
  <title>
</title>
<meta http-equiv="Content-Type" content="text/html;charset=utf-8" />
  <meta name='ocr-system' content='tesseract 3.04.00' />
  <meta name='ocr-capabilities' content='ocr_page ocr_carea ocr_par ocr_line ocrx_word'/>
</head>
<body>
  <div class='ocr_page' id='page_1' title='image "./operaomnia00persuoft_0132.png"; bbox 0 0 1888 3032; ppageno 0'>
   <div class='ocr_carea' id='block_1_1' title="bbox 249 91 334 134">
    <p class='ocr_par' dir='ltr' id='par_1_1' title="bbox 249 91 334 134">
     <span class='ocr_line' id='line_1_1' title="bbox 249 91 334 134; baseline 0.012 -1"><span class='ocrx_word' id='word_1_1' title='bbox 249 91 334 134; x_wconf 77' lang='lat'>120</span> 
     </span>
    </p>
   </div>
   <div class='ocr_carea' id='block_1_2' title="bbox 246 195 1289 252">
    <p class='ocr_par' dir='ltr' id='par_1_2' title="bbox 246 195 1289 252">
     <span class='ocr_line' id='line_1_2' title="bbox 246 195 1289 252; baseline 0.004 -14"><span class='ocrx_word' id='word_1_2' title='bbox 246 195 560 252; x_wconf 69' lang='lat' dir='ltr'>Artificemquo</span> <span class='ocrx_word' id='word_1_3' title='bbox 583 201 656 237; x_wconf 82' lang='lat' dir='ltr'>tuo</span> <span class='ocrx_word' id='word_1_4' title='bbox 677 197 801 237; x_wconf 75' lang='lat' dir='ltr'>ducit,</span> <span class='ocrx_word' id='word_1_5' title='bbox 822 199 904 237; x_wconf 82' lang='lat' dir='ltr'>sub</span> <span class='ocrx_word' id='word_1_6' title='bbox 926 199 1086 251; x_wconf 70' lang='lat' dir='ltr'>pollice</span> <span class='ocrx_word' id='word_1_7' title='bbox 1107 201 1289 242; x_wconf 83' lang='lat' dir='ltr'>vultum.</span> 
     </span>
    </p>
   </div>
   <div class='ocr_carea' id='block_1_3' title="bbox 750 102 1199 136">
    <p class='ocr_par' dir='ltr' id='par_1_3' title="bbox 750 102 1199 136">
     <span class='ocr_line' id='line_1_3' title="bbox 750 102 1199 136; baseline 0.011 -5"><span class='ocrx_word' id='word_1_8' title='bbox 750 103 795 133; x_wconf 77' lang='lat' dir='ltr'>A.</span> <span class='ocrx_word' id='word_1_9' title='bbox 827 102 990 133; x_wconf 76' lang='lat' dir='ltr'>PERSH</span> <span class='ocrx_word' id='word_1_10' title='bbox 1026 103 1199 136; x_wconf 74' lang='lat' dir='ltr'>FLAOCI</span> 
     </span>
    </p>
   </div>
   <div class='ocr_carea' id='block_1_4' title="bbox 1650 203 1709 245">
    <p class='ocr_par' dir='ltr' id='par_1_4' title="bbox 1650 203 1709 245">
     <span class='ocr_line' id='line_1_4' title="bbox 1650 203 1709 245; baseline 0 0"><span class='ocrx_word' id='word_1_11' title='bbox 1650 203 1709 245; x_wconf 78' lang='lat'>40</span> 
     </span>
    </p>
   </div>
   <div class='ocr_carea' id='block_1_5' title="bbox 247 265 1443 455">
    <p class='ocr_par' dir='ltr' id='par_1_5' title="bbox 247 265 1443 455">
     <span class='ocr_line' id='line_1_5' title="bbox 247 265 1387 318; baseline 0.003 -12"><span class='ocrx_word' id='word_1_12' title='bbox 247 265 411 306; x_wconf 81' lang='lat' dir='ltr'>Tecum</span> <span class='ocrx_word' id='word_1_13' title='bbox 433 266 588 306; x_wconf 70' lang='lat' dir='ltr'>etenim</span> <span class='ocrx_word' id='word_1_14' title='bbox 610 266 762 315; x_wconf 59' lang='lat' dir='ltr'>longos</span> <span class='ocrx_word' id='word_1_15' title='bbox 782 265 958 306; x_wconf 78' lang='lat' dir='ltr'>memini</span> <span class='ocrx_word' id='word_1_16' title='bbox 980 279 1233 311; x_wconf 72' lang='lat' dir='ltr'>consumere</span> <span class='ocrx_word' id='word_1_17' title='bbox 1256 269 1387 318; x_wconf 74' lang='lat' dir='ltr'>soles,</span> 
     </span>
     <span class='ocr_line' id='line_1_6' title="bbox 249 331 1250 386; baseline 0.004 -14"><span class='ocrx_word' id='word_1_18' title='bbox 249 331 307 373; x_wconf 85' lang='lat' dir='ltr'>Et</span> <span class='ocrx_word' id='word_1_19' title='bbox 327 337 466 374; x_wconf 71' lang='lat' dir='ltr'>tecum</span> <span class='ocrx_word' id='word_1_20' title='bbox 490 333 656 385; x_wconf 74' lang='lat' dir='ltr'>primus</span> <span class='ocrx_word' id='word_1_21' title='bbox 677 332 817 386; x_wconf 81' lang='lat' dir='ltr'>opulis</span> <span class='ocrx_word' id='word_1_22' title='bbox 837 332 1064 386; x_wconf 70' lang='lat' dir='ltr'>decerpere</span> <span class='ocrx_word' id='word_1_23' title='bbox 1086 338 1250 376; x_wconf 84' lang='lat' dir='ltr'>noctes.</span> 
     </span>
     <span class='ocr_line' id='line_1_7' title="bbox 249 399 1443 455; baseline 0.003 -15"><span class='ocrx_word' id='word_1_24' title='bbox 249 399 393 441; x_wconf 86' lang='lat' dir='ltr'>Unum</span> <span class='ocrx_word' id='word_1_25' title='bbox 416 413 527 453; x_wconf 75' lang='lat' dir='ltr'>opus</span> <span class='ocrx_word' id='word_1_26' title='bbox 548 404 590 441; x_wconf 76' lang='lat' dir='ltr'>ot</span> <span class='ocrx_word' id='word_1_27' title='bbox 609 401 799 453; x_wconf 79' lang='lat' dir='ltr'>requiem</span> <span class='ocrx_word' id='word_1_28' title='bbox 820 402 981 454; x_wconf 75' lang='lat' dir='ltr'>pariter</span> <span class='ocrx_word' id='word_1_29' title='bbox 1001 401 1276 455; x_wconf 70' lang='lat' dir='ltr'>disponimus</span> <span class='ocrx_word' id='word_1_30' title='bbox 1297 403 1443 453; x_wconf 82' lang='lat' dir='ltr'>ambo,</span> 
     </span>
    </p>
   </div>
   <div class='ocr_carea' id='block_1_6' title="bbox 238 563 1712 606">
    <p class='ocr_par' dir='ltr' id='par_1_6' title="bbox 238 563 1712 606">
     <span class='ocr_line' id='line_1_8' title="bbox 238 563 1712 606; baseline 0.003 -14"><span class='ocrx_word' id='word_1_31' title='bbox 238 563 376 602; x_wconf 81' lang='lat' dir='ltr'>sormam</span> <span class='ocrx_word' id='word_1_32' title='bbox 392 565 486 595; x_wconf 78' lang='lat' dir='ltr'>sumit</span> <span class='ocrx_word' id='word_1_33' title='bbox 501 565 556 595; x_wconf 79' lang='lat' dir='ltr'>snb</span> <span class='ocrx_word' id='word_1_34' title='bbox 569 565 672 602; x_wconf 63' lang='lat' dir='ltr'>‹lig-ito</span> <span class='ocrx_word' id='word_1_35' title='bbox 686 568 739 596; x_wconf 75' lang='lat' dir='ltr'>tuo</span> <span class='ocrx_word' id='word_1_36' title='bbox 754 566 872 598; x_wconf 77' lang='lat' dir='ltr'>solerti.</span> <span class='ocrx_word' id='word_1_37' title='bbox 911 566 992 596; x_wconf 81' lang='lat' dir='ltr'>Num</span> <span class='ocrx_word' id='word_1_38' title='bbox 1009 568 1152 597; x_wconf 72' lang='lat' dir='ltr'>recordor</span> <span class='ocrx_word' id='word_1_39' title='bbox 1165 567 1353 604; x_wconf 66' lang='lat' dir='ltr'>transegisse</span> <span class='ocrx_word' id='word_1_40' title='bbox 1367 570 1467 597; x_wconf 77' lang='lat' dir='ltr'>tecum</span> <span class='ocrx_word' id='word_1_41' title='bbox 1481 566 1547 597; x_wconf 81' lang='lat' dir='ltr'>dies</span> <span class='ocrx_word' id='word_1_42' title='bbox 1560 565 1712 606; x_wconf 72' lang='lat' dir='ltr'>integros,</span> 
     </span>
    </p>
   </div>
   <div class='ocr_carea' id='block_1_7' title="bbox 246 606 917 648">
    <p class='ocr_par' dir='ltr' id='par_1_7' title="bbox 246 606 917 648">
     <span class='ocr_line' id='line_1_9' title="bbox 246 606 917 648; baseline 0.004 -12"><span class='ocrx_word' id='word_1_43' title='bbox 246 610 276 636; x_wconf 75' lang='lat' dir='ltr'>et</span> <span class='ocrx_word' id='word_1_44' title='bbox 293 606 374 637; x_wconf 79' lang='lat' dir='ltr'>cibos</span> <span class='ocrx_word' id='word_1_45' title='bbox 390 611 489 638; x_wconf 68' lang='lat' dir='ltr'>lecum</span> <span class='ocrx_word' id='word_1_46' title='bbox 505 609 651 648; x_wconf 71' lang='lat' dir='ltr'><em>carpsisse</em></span> <span class='ocrx_word' id='word_1_47' title='bbox 668 609 758 638; x_wconf 74' lang='lat' dir='ltr'>initio</span> <span class='ocrx_word' id='word_1_48' title='bbox 771 609 917 639; x_wconf 78' lang='lat' dir='ltr'>noctium.</span> 
     </span>
    </p>
   </div>
   <div class='ocr_carea' id='block_1_8' title="bbox 246 649 1323 691">
    <p class='ocr_par' dir='ltr' id='par_1_8' title="bbox 246 649 1323 691">
     <span class='ocr_line' id='line_1_10' title="bbox 246 649 1323 691; baseline 0.004 -12"><span class='ocrx_word' id='word_1_49' title='bbox 246 649 321 680; x_wconf 73' lang='lat' dir='ltr'>liter</span> <span class='ocrx_word' id='word_1_50' title='bbox 337 654 366 680; x_wconf 77' lang='lat' dir='ltr'>et</span> <span class='ocrx_word' id='word_1_51' title='bbox 384 651 534 690; x_wconf 59' lang='lat' dir='ltr'>quietem:</span> <span class='ocrx_word' id='word_1_52' title='bbox 556 655 585 681; x_wconf 63' lang='lat' dir='ltr'>«t</span> <span class='ocrx_word' id='word_1_53' title='bbox 612 661 666 681; x_wconf 78' lang='lat' dir='ltr'>res</span> <span class='ocrx_word' id='word_1_54' title='bbox 689 651 785 682; x_wconf 70' lang='lat' dir='ltr'>sericis</span> <span class='ocrx_word' id='word_1_55' title='bbox 812 652 1057 691; x_wconf 72' lang='lat' dir='ltr'>temperabamus</span> <span class='ocrx_word' id='word_1_56' title='bbox 1079 662 1162 683; x_wconf 80' lang='lat' dir='ltr'>coena</span> <span class='ocrx_word' id='word_1_57' title='bbox 1177 654 1323 683; x_wconf 73' lang='lat' dir='ltr'>modesta.</span> 
     </span>
    </p>
   </div>
   <div class='ocr_carea' id='block_1_9' title="bbox 861 768 997 779">
    <p class='ocr_par' dir='ltr' id='par_1_9' title="bbox 861 768 997 779">
     <span class='ocr_line' id='line_1_11' title="bbox 861 768 997 779; baseline 0.007 -1"><span class='ocrx_word' id='word_1_58' title='bbox 861 768 997 779; x_wconf 68' lang='lat' dir='ltr'>eeeeeee</span> 
     </span>
    </p>
   </div>
   <div class='ocr_carea' id='block_1_10' title="bbox 966 609 1710 649">
    <p class='ocr_par' dir='ltr' id='par_1_10' title="bbox 966 609 1710 649">
     <span class='ocr_line' id='line_1_12' title="bbox 966 609 1710 649; baseline 0.003 -12"><span class='ocrx_word' id='word_1_59' title='bbox 966 609 1195 640; x_wconf 70' lang='lat' dir='ltr'>Orslinaetbumns</span> <span class='ocrx_word' id='word_1_60' title='bbox 1218 610 1305 640; x_wconf 79' lang='lat' dir='ltr'>ambo</span> <span class='ocrx_word' id='word_1_61' title='bbox 1329 612 1448 640; x_wconf 78' lang='lat' dir='ltr'>eosdem</span> <span class='ocrx_word' id='word_1_62' title='bbox 1473 609 1601 649; x_wconf 76' lang='lat' dir='ltr'>labores,</span> <span class='ocrx_word' id='word_1_63' title='bbox 1623 610 1710 640; x_wconf 76' lang='lat' dir='ltr'>simi-</span> 
     </span>
    </p>
   </div>
   <div class='ocr_carea' id='block_1_11' title="bbox 1372 651 1711 684">
    <p class='ocr_par' dir='ltr' id='par_1_11' title="bbox 1372 651 1711 684">
     <span class='ocr_line' id='line_1_13' title="bbox 1372 651 1711 684; baseline 0 -2"><span class='ocrx_word' id='word_1_64' title='bbox 1372 654 1464 683; x_wconf 72' lang='lat' dir='ltr'>Certe</span> <span class='ocrx_word' id='word_1_65' title='bbox 1487 653 1565 684; x_wconf 79' lang='lat' dir='ltr'>illud</span> <span class='ocrx_word' id='word_1_66' title='bbox 1591 662 1629 683; x_wconf 84' lang='lat' dir='ltr'>ne</span> <span class='ocrx_word' id='word_1_67' title='bbox 1651 651 1711 683; x_wconf 76' lang='lat' dir='ltr'>tibi</span> 
     </span>
    </p>
   </div>
   <div class='ocr_carea' id='block_1_12' title="bbox 1001 769 1098 780">
    <p class='ocr_par' dir='ltr' id='par_1_12' title="bbox 1001 769 1098 780">
     <span class='ocr_line' id='line_1_14' title="bbox 1001 769 1098 780; baseline 0 0"><span class='ocrx_word' id='word_1_68' title='bbox 1001 769 1098 780; x_wconf 56' lang='grc'>’’’’’</span> 
     </span>
    </p>
   </div>
   <div class='ocr_carea' id='block_1_13' title="bbox 245 850 1713 1112">
    <p class='ocr_par' dir='ltr' id='par_1_13' title="bbox 245 850 1713 1112">
     <span class='ocr_line' id='line_1_15' title="bbox 246 850 1712 897; baseline 0.003 -15"><span class='ocrx_word' id='word_1_69' title='bbox 246 850 424 882; x_wconf 80' lang='lat' dir='ltr'>Juvennlis</span> <span class='ocrx_word' id='word_1_70' title='bbox 443 861 508 883; x_wconf 74' lang='lat' dir='ltr'>vn.</span> <span class='ocrx_word' id='word_1_71' title='bbox 525 856 598 885; x_wconf 77' lang='lat'><strong>237.</strong></span> <span class='ocrx_word' id='word_1_72' title='bbox 621 863 688 884; x_wconf 91' lang='lat' dir='ltr'>non</span> <span class='ocrx_word' id='word_1_73' title='bbox 707 855 779 885; x_wconf 80' lang='lat' dir='ltr'>sine</span> <span class='ocrx_word' id='word_1_74' title='bbox 807 855 936 886; x_wconf 85' lang='lat' dir='ltr'>ratione</span> <span class='ocrx_word' id='word_1_75' title='bbox 963 856 1086 897; x_wconf 87' lang='lat' dir='ltr'>aliquis</span> <span class='ocrx_word' id='word_1_76' title='bbox 1115 861 1215 897; x_wconf 85' lang='lat' dir='ltr'>putet</span> <span class='ocrx_word' id='word_1_77' title='bbox 1239 857 1419 897; x_wconf 75' lang='lat' dir='ltr'>legendum</span> <span class='ocrx_word' id='word_1_78' title='bbox 1438 857 1470 886; x_wconf 92' lang='lat' dir='ltr'>in</span> <span class='ocrx_word' id='word_1_79' title='bbox 1487 859 1602 887; x_wconf 72' lang='lat' dir='ltr'>nostro</span> <span class='ocrx_word' id='word_1_80' title='bbox 1626 856 1712 887; x_wconf 84' lang='lat' dir='ltr'>ducit</span> 
     </span>
     <span class='ocr_line' id='line_1_16' title="bbox 245 895 1712 941; baseline 0.004 -18"><span class='ocrx_word' id='word_1_81' title='bbox 245 904 298 924; x_wconf 80' lang='lat' dir='ltr'>ceu</span> <span class='ocrx_word' id='word_1_82' title='bbox 313 895 442 934; x_wconf 78' lang='lat' dir='ltr'>pollice,·</span> <span class='ocrx_word' id='word_1_83' title='bbox 465 896 523 926; x_wconf 83' lang='lat' dir='ltr'>sed</span> <span class='ocrx_word' id='word_1_84' title='bbox 542 897 622 927; x_wconf 76' lang='lat' dir='ltr'>nihil</span> <span class='ocrx_word' id='word_1_85' title='bbox 641 898 849 930; x_wconf 80' lang='lat' dir='ltr'>mutandum.</span> <span class='ocrx_word' id='word_1_86' title='bbox 876 900 1048 930; x_wconf 50' lang='lat' dir='ltr'>casaubon.</span> <span class='ocrx_word' id='word_1_87' title='bbox 1088 900 1307 931; x_wconf 82' lang='lat' dir='ltr'>Casanbonus</span> <span class='ocrx_word' id='word_1_88' title='bbox 1322 904 1419 941; x_wconf 83' lang='lat' dir='ltr'>putat</span> <span class='ocrx_word' id='word_1_89' title='bbox 1436 900 1589 930; x_wconf 82' lang='lat' dir='ltr'>Persium</span> <span class='ocrx_word' id='word_1_90' title='bbox 1606 899 1712 939; x_wconf 87' lang='lat' dir='ltr'>scrip-</span> 
     </span>
     <span class='ocr_line' id='line_1_17' title="bbox 245 937 1712 984; baseline 0.004 -18"><span class='ocrx_word' id='word_1_91' title='bbox 245 937 327 967; x_wconf 85' lang='lat' dir='ltr'>sisse</span> <span class='ocrx_word' id='word_1_92' title='bbox 343 937 477 979; x_wconf 67' lang='lat' dir='ltr'>artificis</span> <span class='ocrx_word' id='word_1_93' title='bbox 492 949 549 969; x_wconf 81' lang='lat' dir='ltr'>seu</span> <span class='ocrx_word' id='word_1_94' title='bbox 574 940 711 981; x_wconf 72' lang='lat' dir='ltr'>{11·t{fici;</span> <span class='ocrx_word' id='word_1_95' title='bbox 735 942 794 971; x_wconf 78' lang='lat' dir='ltr'>sed</span> <span class='ocrx_word' id='word_1_96' title='bbox 820 942 1057 972; x_wconf 65' lang='lat' dir='ltr'>emendatione</span> <span class='ocrx_word' id='word_1_97' title='bbox 1083 944 1164 973; x_wconf 83' lang='lat' dir='ltr'>nihil</span> <span class='ocrx_word' id='word_1_98' title='bbox 1193 947 1243 974; x_wconf 89' lang='lat' dir='ltr'>est</span> <span class='ocrx_word' id='word_1_99' title='bbox 1271 953 1367 984; x_wconf 87' lang='lat' dir='ltr'>opus.</span> <span class='ocrx_word' id='word_1_100' title='bbox 1395 942 1655 981; x_wconf 73' lang='lat' dir='ltr'>Koenigz&#39;us.-41</span> <span class='ocrx_word' id='word_1_101' title='bbox 1681 945 1712 973; x_wconf 78' lang='lat' dir='ltr'>et</span> 
     </span>
     <span class='ocr_line' id='line_1_18' title="bbox 247 982 1713 1027; baseline 0.002 -16"><span class='ocrx_word' id='word_1_102' title='bbox 247 988 310 1019; x_wconf 87' lang='lat' dir='ltr'>pro</span> <span class='ocrx_word' id='word_1_103' title='bbox 327 982 437 1011; x_wconf 74' lang='lat' dir='ltr'>etenim</span> <span class='ocrx_word' id='word_1_104' title='bbox 456 982 581 1013; x_wconf 29' lang='lat'>(2—,13</span> <span class='ocrx_word' id='word_1_105' title='bbox 607 983 827 1014; x_wconf 69' lang='lat' dir='ltr'>Cas-‹iubonus</span> <span class='ocrx_word' id='word_1_106' title='bbox 853 985 983 1015; x_wconf 82' lang='lat' dir='ltr'>mavult</span> <span class='ocrx_word' id='word_1_107' title='bbox 1007 996 1079 1023; x_wconf 76' lang='lat' dir='ltr'>una,</span> <span class='ocrx_word' id='word_1_108' title='bbox 1102 987 1191 1027; x_wconf 85' lang='lat' dir='ltr'>quod</span> <span class='ocrx_word' id='word_1_109' title='bbox 1209 990 1322 1017; x_wconf 78' lang='lat' dir='ltr'>tamen</span> <span class='ocrx_word' id='word_1_110' title='bbox 1341 987 1402 1016; x_wconf 79' lang='lat' dir='ltr'>noc</span> <span class='ocrx_word' id='word_1_111' title='bbox 1421 986 1493 1016; x_wconf 90' lang='lat' dir='ltr'>loco</span> <span class='ocrx_word' id='word_1_112' title='bbox 1510 994 1575 1015; x_wconf 91' lang='lat' dir='ltr'>non</span> <span class='ocrx_word' id='word_1_113' title='bbox 1592 992 1713 1015; x_wconf 86' lang='lat' dir='ltr'>conve-</span> 
     </span>
     <span class='ocr_line' id='line_1_19' title="bbox 246 1022 1709 1069; baseline 0.003 -17"><span class='ocrx_word' id='word_1_114' title='bbox 246 1022 313 1060; x_wconf 82' lang='lat' dir='ltr'>nit;</span> <span class='ocrx_word' id='word_1_115' title='bbox 340 1033 404 1053; x_wconf 86' lang='lat' dir='ltr'>non</span> <span class='ocrx_word' id='word_1_116' title='bbox 432 1024 520 1055; x_wconf 84' lang='lat' dir='ltr'>enim</span> <span class='ocrx_word' id='word_1_117' title='bbox 547 1025 662 1056; x_wconf 73' lang='lat' dir='ltr'>dicere</span> <span class='ocrx_word' id='word_1_118' title='bbox 680 1027 752 1057; x_wconf 77' lang='lat' dir='ltr'>vult</span> <span class='ocrx_word' id='word_1_119' title='bbox 783 1028 922 1066; x_wconf 65' lang='lat' dir='ltr'>Noster,</span> <span class='ocrx_word' id='word_1_120' title='bbox 950 1038 985 1058; x_wconf 81' lang='lat' dir='ltr'>so</span> <span class='ocrx_word' id='word_1_121' title='bbox 1012 1029 1131 1059; x_wconf 79' lang='lat' dir='ltr'>eodem</span> <span class='ocrx_word' id='word_1_122' title='bbox 1158 1033 1313 1069; x_wconf 67' lang='lat' dir='ltr'>tempore</span> <span class='ocrx_word' id='word_1_123' title='bbox 1339 1028 1460 1059; x_wconf 79' lang='lat' dir='ltr'>studiis</span> <span class='ocrx_word' id='word_1_124' title='bbox 1478 1037 1615 1058; x_wconf 84' lang='lat' dir='ltr'>vacasse</span> <span class='ocrx_word' id='word_1_125' title='bbox 1643 1036 1709 1068; x_wconf 87' lang='lat' dir='ltr'>quo</span> 
     </span>
     <span class='ocr_line' id='line_1_20' title="bbox 245 1064 1710 1112; baseline 0.004 -17"><span class='ocrx_word' id='word_1_126' title='bbox 245 1064 427 1107; x_wconf 77' lang='lat' dir='ltr'>Cornutus,</span> <span class='ocrx_word' id='word_1_127' title='bbox 442 1067 500 1097; x_wconf 85' lang='lat' dir='ltr'>sed</span> <span class='ocrx_word' id='word_1_128' title='bbox 518 1067 655 1099; x_wconf 83' lang='lat' dir='ltr'>easdem</span> <span class='ocrx_word' id='word_1_129' title='bbox 673 1078 727 1099; x_wconf 89' lang='lat' dir='ltr'>res</span> <span class='ocrx_word' id='word_1_130' title='bbox 740 1079 816 1100; x_wconf 85' lang='lat' dir='ltr'>cum</span> <span class='ocrx_word' id='word_1_131' title='bbox 832 1070 890 1101; x_wconf 90' lang='lat' dir='ltr'>illo</span> <span class='ocrx_word' id='word_1_132' title='bbox 907 1074 942 1100; x_wconf 86' lang='lat' dir='ltr'>et</span> <span class='ocrx_word' id='word_1_133' title='bbox 957 1070 1075 1102; x_wconf 88' lang='lat' dir='ltr'>eodem</span> <span class='ocrx_word' id='word_1_134' title='bbox 1089 1072 1244 1112; x_wconf 83' lang='lat' dir='ltr'>tempore</span> <span class='ocrx_word' id='word_1_135' title='bbox 1260 1076 1435 1102; x_wconf 79' lang='lat' dir='ltr'>tractasse.</span> <span class='ocrx_word' id='word_1_136' title='bbox 1453 1070 1497 1101; x_wconf 87' lang='lat' dir='ltr'>cf.</span> <span class='ocrx_word' id='word_1_137' title='bbox 1511 1071 1606 1111; x_wconf 76' lang='lat' dir='ltr'>Virg.</span> <span class='ocrx_word' id='word_1_138' title='bbox 1621 1070 1710 1101; x_wconf 74' lang='lat' dir='ltr'>Geo-</span> 
     </span>
    </p>
   </div>
   <div class='ocr_carea' id='block_1_14' title="bbox 903 1177 1043 1210">
    <p class='ocr_par' dir='ltr' id='par_1_14' title="bbox 903 1177 1043 1210">
     <span class='ocr_line' id='line_1_21' title="bbox 903 1177 1043 1210; baseline 0 0"><span class='ocrx_word' id='word_1_139' title='bbox 903 1177 1043 1210; x_wconf 87' lang='lat' dir='ltr'><strong>NOTAE</strong></span> 
     </span>
    </p>
   </div>
   <div class='ocr_carea' id='block_1_15' title="bbox 233 1246 954 2709">
    <p class='ocr_par' dir='ltr' id='par_1_15' title="bbox 241 1246 954 1532">
     <span class='ocr_line' id='line_1_22' title="bbox 243 1246 953 1293; baseline 0.013 -16"><span class='ocrx_word' id='word_1_140' title='bbox 243 1246 371 1287; x_wconf 77' lang='lat' dir='ltr'>fraenis,</span> <span class='ocrx_word' id='word_1_141' title='bbox 399 1251 487 1281; x_wconf 85' lang='lat' dir='ltr'>hunc</span> <span class='ocrx_word' id='word_1_142' title='bbox 527 1254 564 1281; x_wconf 84' lang='lat' dir='ltr'>tu</span> <span class='ocrx_word' id='word_1_143' title='bbox 595 1261 778 1293; x_wconf 75' lang='lat' dir='ltr'>compesce</span> <span class='ocrx_word' id='word_1_144' title='bbox 808 1253 953 1286; x_wconf 69' lang='lat' dir='ltr'>catena!</span> 
     </span>
     <span class='ocr_line' id='line_1_23' title="bbox 243 1297 951 1337; baseline 0.011 -9"><span class='ocrx_word' id='word_1_145' title='bbox 243 1297 360 1330; x_wconf 79' lang='lat' dir='ltr'>Plaut.</span> <span class='ocrx_word' id='word_1_146' title='bbox 390 1300 574 1333; x_wconf 81' lang='lat' dir='ltr'>Trinumin.</span> <span class='ocrx_word' id='word_1_147' title='bbox 604 1302 705 1335; x_wconf 86' lang='lat' dir='ltr'>Scen.</span> <span class='ocrx_word' id='word_1_148' title='bbox 736 1309 768 1335; x_wconf 86' lang='lat'>5.</span> <span class='ocrx_word' id='word_1_149' title='bbox 814 1306 822 1321; x_wconf 90' lang='lat'>‘</span> <span class='ocrx_word' id='word_1_150' title='bbox 839 1305 951 1337; x_wconf 85' lang='lat' dir='ltr'>Homo</span> 
     </span>
     <span class='ocr_line' id='line_1_24' title="bbox 244 1349 954 1386; baseline 0.011 -8"><span class='ocrx_word' id='word_1_151' title='bbox 244 1357 319 1379; x_wconf 90' lang='lat' dir='ltr'>cum</span> <span class='ocrx_word' id='word_1_152' title='bbox 337 1349 448 1380; x_wconf 85' lang='lat' dir='ltr'>animo</span> <span class='ocrx_word' id='word_1_153' title='bbox 462 1350 542 1381; x_wconf 89' lang='lat' dir='ltr'>inde</span> <span class='ocrx_word' id='word_1_154' title='bbox 559 1351 601 1382; x_wconf 87' lang='lat' dir='ltr'>ab</span> <span class='ocrx_word' id='word_1_155' title='bbox 615 1352 754 1384; x_wconf 85' lang='lat' dir='ltr'>ineunte</span> <span class='ocrx_word' id='word_1_156' title='bbox 771 1358 875 1385; x_wconf 80' lang='lat' dir='ltr'>aetate</span> <span class='ocrx_word' id='word_1_157' title='bbox 898 1355 954 1386; x_wconf 88' lang='lat' dir='ltr'>de-</span> 
     </span>
     <span class='ocr_line' id='line_1_25' title="bbox 241 1403 953 1440; baseline 0.01 -11"><span class='ocrx_word' id='word_1_158' title='bbox 241 1404 373 1440; x_wconf 79' lang='lat' dir='ltr'>pugnat</span> <span class='ocrx_word' id='word_1_159' title='bbox 403 1403 568 1433; x_wconf 63' lang='lat' dir='ltr'>sum-Tu</span> <span class='ocrx_word' id='word_1_160' title='bbox 603 1403 630 1433; x_wconf 89' lang='lat' dir='ltr'>si</span> <span class='ocrx_word' id='word_1_161' title='bbox 667 1404 815 1435; x_wconf 86' lang='lat' dir='ltr'>animum</span> <span class='ocrx_word' id='word_1_162' title='bbox 839 1405 953 1436; x_wconf 77' lang='lat' dir='ltr'>vicisti</span> 
     </span>
     <span class='ocr_line' id='line_1_26' title="bbox 242 1451 954 1496; baseline 0.007 -15"><span class='ocrx_word' id='word_1_163' title='bbox 242 1451 355 1491; x_wconf 79' lang='lat' dir='ltr'>potius</span> <span class='ocrx_word' id='word_1_164' title='bbox 372 1462 471 1493; x_wconf 87' lang='lat' dir='ltr'>quam</span> <span class='ocrx_word' id='word_1_165' title='bbox 490 1453 618 1484; x_wconf 85' lang='lat' dir='ltr'>animus</span> <span class='ocrx_word' id='word_1_166' title='bbox 633 1458 679 1493; x_wconf 87' lang='lat' dir='ltr'>te,</span> <span class='ocrx_word' id='word_1_167' title='bbox 705 1459 757 1486; x_wconf 89' lang='lat' dir='ltr'>est</span> <span class='ocrx_word' id='word_1_168' title='bbox 773 1455 862 1496; x_wconf 86' lang='lat' dir='ltr'>quod</span> <span class='ocrx_word' id='word_1_169' title='bbox 877 1465 954 1496; x_wconf 82' lang='lat' dir='ltr'>gau-</span> 
     </span>
     <span class='ocr_line' id='line_1_27' title="bbox 243 1500 349 1532; baseline 0.009 -1"><span class='ocrx_word' id='word_1_170' title='bbox 243 1500 349 1532; x_wconf 84' lang='lat' dir='ltr'>deas.&#39;</span> 
     </span>
    </p>

    <p class='ocr_par' dir='ltr' id='par_1_16' title="bbox 241 1552 954 1845">
     <span class='ocr_line' id='line_1_28' title="bbox 292 1552 954 1597; baseline 0.006 -14"><span class='ocrx_word' id='word_1_171' title='bbox 292 1552 441 1593; x_wconf 73' lang='lat' dir='ltr'>&#39;Vincique</span> <span class='ocrx_word' id='word_1_172' title='bbox 469 1554 605 1594; x_wconf 82' lang='lat' dir='ltr'>laborat]</span> <span class='ocrx_word' id='word_1_173' title='bbox 640 1555 744 1596; x_wconf 84' lang='lat' dir='ltr'>AEgre</span> <span class='ocrx_word' id='word_1_174' title='bbox 773 1559 954 1597; x_wconf 84' lang='lat' dir='ltr'>superatur</span> 
     </span>
     <span class='ocr_line' id='line_1_29' title="bbox 241 1603 952 1645; baseline 0.007 -13"><span class='ocrx_word' id='word_1_175' title='bbox 241 1607 366 1633; x_wconf 85' lang='lat' dir='ltr'>natura</span> <span class='ocrx_word' id='word_1_176' title='bbox 396 1603 439 1633; x_wconf 90' lang='lat' dir='ltr'>ad</span> <span class='ocrx_word' id='word_1_177' title='bbox 467 1605 591 1635; x_wconf 90' lang='lat' dir='ltr'>malum</span> <span class='ocrx_word' id='word_1_178' title='bbox 622 1606 796 1645; x_wconf 82' lang='lat' dir='ltr'>proclivis.</span> <span class='ocrx_word' id='word_1_179' title='bbox 852 1606 952 1637; x_wconf 85' lang='lat' dir='ltr'>Unde</span> 
     </span>
     <span class='ocr_line' id='line_1_30' title="bbox 242 1654 951 1697; baseline 0.006 -13"><span class='ocrx_word' id='word_1_180' title='bbox 242 1663 338 1684; x_wconf 87' lang='lat' dir='ltr'>mens</span> <span class='ocrx_word' id='word_1_181' title='bbox 355 1658 389 1685; x_wconf 88' lang='lat' dir='ltr'>et</span> <span class='ocrx_word' id='word_1_182' title='bbox 406 1654 493 1684; x_wconf 87' lang='lat' dir='ltr'>ratio</span> <span class='ocrx_word' id='word_1_183' title='bbox 515 1659 632 1686; x_wconf 80' lang='lat' dir='ltr'>contra</span> <span class='ocrx_word' id='word_1_184' title='bbox 658 1656 850 1696; x_wconf 83' lang='lat' dir='ltr'>appetitum</span> <span class='ocrx_word' id='word_1_185' title='bbox 869 1666 951 1697; x_wconf 86' lang='lat' dir='ltr'>pug—</span> 
     </span>
     <span class='ocr_line' id='line_1_31' title="bbox 242 1704 952 1745; baseline 0.006 -12"><span class='ocrx_word' id='word_1_186' title='bbox 242 1713 340 1743; x_wconf 88' lang='lat' dir='ltr'>nans,</span> <span class='ocrx_word' id='word_1_187' title='bbox 358 1704 452 1744; x_wconf 84' lang='lat' dir='ltr'>quasi</span> <span class='ocrx_word' id='word_1_188' title='bbox 469 1714 584 1735; x_wconf 89' lang='lat' dir='ltr'>secum</span> <span class='ocrx_word' id='word_1_189' title='bbox 612 1704 686 1744; x_wconf 84' lang='lat' dir='ltr'>ipsa</span> <span class='ocrx_word' id='word_1_190' title='bbox 714 1706 877 1745; x_wconf 84' lang='lat' dir='ltr'>luctatur,</span> <span class='ocrx_word' id='word_1_191' title='bbox 905 1707 952 1737; x_wconf 85' lang='lat' dir='ltr'>la-</span> 
     </span>
     <span class='ocr_line' id='line_1_32' title="bbox 242 1753 951 1798; baseline 0.007 -15"><span class='ocrx_word' id='word_1_192' title='bbox 242 1753 340 1784; x_wconf 86' lang='lat' dir='ltr'>borat</span> <span class='ocrx_word' id='word_1_193' title='bbox 356 1758 469 1784; x_wconf 84' lang='lat' dir='ltr'>tamen</span> <span class='ocrx_word' id='word_1_194' title='bbox 487 1758 522 1785; x_wconf 78' lang='lat' dir='ltr'>et</span> <span class='ocrx_word' id='word_1_195' title='bbox 537 1754 654 1785; x_wconf 89' lang='lat' dir='ltr'><strong>studet</strong></span> <span class='ocrx_word' id='word_1_196' title='bbox 678 1759 714 1786; x_wconf 87' lang='lat' dir='ltr'>ut</span> <span class='ocrx_word' id='word_1_197' title='bbox 732 1755 951 1798; x_wconf 29' lang='lat' dir='ltr'>vincatur-et-</span> 
     </span>
     <span class='ocr_line' id='line_1_33' title="bbox 242 1803 735 1845; baseline 0.006 -11"><span class='ocrx_word' id='word_1_198' title='bbox 242 1803 270 1835; x_wconf 88' lang='lat' dir='ltr'>si</span> <span class='ocrx_word' id='word_1_199' title='bbox 287 1813 480 1845; x_wconf 85' lang='lat' dir='ltr'>repugnans</span> <span class='ocrx_word' id='word_1_200' title='bbox 497 1809 530 1835; x_wconf 82' lang='lat' dir='ltr'>et</span> <span class='ocrx_word' id='word_1_201' title='bbox 547 1805 735 1838; x_wconf 87' lang='lat' dir='ltr'>reluctans.</span> 
     </span>
    </p>

    <p class='ocr_par' dir='ltr' id='par_1_17' title="bbox 239 1855 951 2404">
     <span class='ocr_line' id='line_1_34' title="bbox 286 1855 950 1898; baseline 0.002 -11"><span class='ocrx_word' id='word_1_202' title='bbox 286 1858 329 1887; x_wconf 81' lang='lat'>40</span> <span class='ocrx_word' id='word_1_203' title='bbox 352 1855 574 1897; x_wconf 82' lang='lat' dir='ltr'>Artificemque</span> <span class='ocrx_word' id='word_1_204' title='bbox 609 1859 674 1897; x_wconf 80' lang='lat' dir='ltr'>tuo,</span> <span class='ocrx_word' id='word_1_205' title='bbox 702 1856 771 1897; x_wconf 51' lang='grc' dir='ltr'>δῖα]</span> <span class='ocrx_word' id='word_1_206' title='bbox 819 1856 950 1898; x_wconf 85' lang='lat' dir='ltr'>Hypal-</span> 
     </span>
     <span class='ocr_line' id='line_1_35' title="bbox 240 1906 950 1948; baseline 0.003 -12"><span class='ocrx_word' id='word_1_207' title='bbox 240 1907 332 1947; x_wconf 86' lang='lat' dir='ltr'>lage,</span> <span class='ocrx_word' id='word_1_208' title='bbox 349 1916 423 1946; x_wconf 81' lang='lat' dir='ltr'>pre,</span> <span class='ocrx_word' id='word_1_209' title='bbox 437 1906 566 1947; x_wconf 64' lang='lat' dir='ltr'>flrtffissi·</span> <span class='ocrx_word' id='word_1_210' title='bbox 600 1907 725 1937; x_wconf 85' lang='lat' dir='ltr'>Potest</span> <span class='ocrx_word' id='word_1_211' title='bbox 747 1911 783 1938; x_wconf 88' lang='lat' dir='ltr'>et</span> <span class='ocrx_word' id='word_1_212' title='bbox 806 1907 884 1948; x_wconf 85' lang='lat' dir='ltr'>legi,</span> <span class='ocrx_word' id='word_1_213' title='bbox 899 1918 950 1938; x_wconf 80' lang='lat' dir='ltr'>ar-</span> 
     </span>
     <span class='ocr_line' id='line_1_36' title="bbox 239 1956 950 1998; baseline 0.004 -11"><span class='ocrx_word' id='word_1_214' title='bbox 239 1957 361 1998; x_wconf 78' lang='lat' dir='ltr'>tificis;</span> <span class='ocrx_word' id='word_1_215' title='bbox 398 1961 434 1988; x_wconf 88' lang='lat' dir='ltr'>ut</span> <span class='ocrx_word' id='word_1_216' title='bbox 450 1956 552 1988; x_wconf 88' lang='lat' dir='ltr'>docte</span> <span class='ocrx_word' id='word_1_217' title='bbox 578 1961 694 1988; x_wconf 87' lang='lat' dir='ltr'>monet</span> <span class='ocrx_word' id='word_1_218' title='bbox 719 1957 950 1991; x_wconf 84' lang='lat' dir='ltr'>Casaubonus.</span> 
     </span>
     <span class='ocr_line' id='line_1_37' title="bbox 239 2007 950 2041; baseline 0.003 -3"><span class='ocrx_word' id='word_1_219' title='bbox 239 2007 366 2039; x_wconf 88' lang='lat' dir='ltr'>Sensus</span> <span class='ocrx_word' id='word_1_220' title='bbox 383 2012 436 2039; x_wconf 88' lang='lat' dir='ltr'>est</span> <span class='ocrx_word' id='word_1_221' title='bbox 453 2019 460 2039; x_wconf 73' lang='grc' dir='ltr'>ε</span> <span class='ocrx_word' id='word_1_222' title='bbox 498 2009 629 2040; x_wconf 82' lang='lat' dir='ltr'>animus</span> <span class='ocrx_word' id='word_1_223' title='bbox 646 2018 739 2040; x_wconf 89' lang='lat' dir='ltr'>meus</span> <span class='ocrx_word' id='word_1_224' title='bbox 755 2019 775 2040; x_wconf 88' lang='lat' dir='ltr'>a</span> <span class='ocrx_word' id='word_1_225' title='bbox 792 2013 826 2040; x_wconf 88' lang='lat' dir='ltr'>te</span> <span class='ocrx_word' id='word_1_226' title='bbox 842 2010 950 2041; x_wconf 87' lang='lat' dir='ltr'>molli-</span> 
     </span>
     <span class='ocr_line' id='line_1_38' title="bbox 243 2060 951 2093; baseline 0.001 -2"><span class='ocrx_word' id='word_1_227' title='bbox 243 2063 298 2091; x_wconf 89' lang='lat' dir='ltr'>ter</span> <span class='ocrx_word' id='word_1_228' title='bbox 313 2063 350 2090; x_wconf 90' lang='lat' dir='ltr'>et</span> <span class='ocrx_word' id='word_1_229' title='bbox 366 2060 453 2091; x_wconf 88' lang='lat' dir='ltr'>scite</span> <span class='ocrx_word' id='word_1_230' title='bbox 470 2065 637 2092; x_wconf 83' lang='lat' dir='ltr'>tractatus</span> <span class='ocrx_word' id='word_1_231' title='bbox 652 2071 727 2092; x_wconf 87' lang='lat' dir='ltr'>eam</span> <span class='ocrx_word' id='word_1_232' title='bbox 751 2071 884 2093; x_wconf 79' lang='lat' dir='ltr'>omnem</span> <span class='ocrx_word' id='word_1_233' title='bbox 901 2062 951 2092; x_wconf 89' lang='lat' dir='ltr'>in-</span> 
     </span>
     <span class='ocr_line' id='line_1_39' title="bbox 243 2111 949 2152; baseline 0.003 -11"><span class='ocrx_word' id='word_1_234' title='bbox 243 2111 319 2142; x_wconf 82' lang='lat' dir='ltr'>duit</span> <span class='ocrx_word' id='word_1_235' title='bbox 347 2111 498 2152; x_wconf 88' lang='lat' dir='ltr'>speciem</span> <span class='ocrx_word' id='word_1_236' title='bbox 540 2112 679 2143; x_wconf 87' lang='lat' dir='ltr'>tandem</span> <span class='ocrx_word' id='word_1_237' title='bbox 720 2118 755 2143; x_wconf 90' lang='lat' dir='ltr'>et</span> <span class='ocrx_word' id='word_1_238' title='bbox 791 2111 949 2152; x_wconf 86' lang='lat' dir='ltr'>formam,</span> 
     </span>
     <span class='ocr_line' id='line_1_40' title="bbox 242 2162 951 2204; baseline 0.001 -11"><span class='ocrx_word' id='word_1_239' title='bbox 242 2172 344 2204; x_wconf 87' lang='lat' dir='ltr'>quam</span> <span class='ocrx_word' id='word_1_240' title='bbox 360 2162 442 2193; x_wconf 84' lang='lat' dir='ltr'>dare</span> <span class='ocrx_word' id='word_1_241' title='bbox 459 2166 495 2193; x_wconf 90' lang='lat' dir='ltr'>et</span> <span class='ocrx_word' id='word_1_242' title='bbox 511 2162 673 2193; x_wconf 83' lang='lat' dir='ltr'>inducere</span> <span class='ocrx_word' id='word_1_243' title='bbox 691 2163 841 2203; x_wconf 86' lang='lat' dir='ltr'>voluisti,</span> <span class='ocrx_word' id='word_1_244' title='bbox 855 2163 951 2194; x_wconf 84' lang='lat' dir='ltr'>velut</span> 
     </span>
     <span class='ocr_line' id='line_1_41' title="bbox 241 2212 950 2255; baseline 0.003 -12"><span class='ocrx_word' id='word_1_245' title='bbox 241 2212 367 2244; x_wconf 81' lang='lat' dir='ltr'>artifex</span> <span class='ocrx_word' id='word_1_246' title='bbox 384 2213 515 2253; x_wconf 89' lang='lat' dir='ltr'>peritus</span> <span class='ocrx_word' id='word_1_247' title='bbox 528 2213 563 2244; x_wconf 91' lang='lat' dir='ltr'>in</span> <span class='ocrx_word' id='word_1_248' title='bbox 580 2214 734 2255; x_wconf 79' lang='lat' dir='ltr'>argillam</span> <span class='ocrx_word' id='word_1_249' title='bbox 751 2218 809 2245; x_wconf 91' lang='lat' dir='ltr'>aut</span> <span class='ocrx_word' id='word_1_250' title='bbox 825 2223 950 2246; x_wconf 85' lang='lat' dir='ltr'>ceram.</span> 
     </span>
     <span class='ocr_line' id='line_1_42' title="bbox 241 2262 950 2307; baseline 0.004 -13"><span class='ocrx_word' id='word_1_251' title='bbox 241 2262 400 2295; x_wconf 83' lang='lat' dir='ltr'><strong>Juvenal.</strong></span> <span class='ocrx_word' id='word_1_252' title='bbox 416 2264 489 2296; x_wconf 87' lang='lat' dir='ltr'>Sat.</span> <span class='ocrx_word' id='word_1_253' title='bbox 507 2274 571 2297; x_wconf 83' lang='lat' dir='ltr'>vu.</span> <span class='ocrx_word' id='word_1_254' title='bbox 602 2275 648 2297; x_wconf 88' lang='lat' dir='ltr'>vs.</span> <span class='ocrx_word' id='word_1_255' title='bbox 664 2268 740 2297; x_wconf 83' lang='lat'><strong>237.</strong></span> <span class='ocrx_word' id='word_1_256' title='bbox 786 2266 950 2307; x_wconf 16' lang='lat' dir='ltr'>‘AExigite</span> 
     </span>
     <span class='ocr_line' id='line_1_43' title="bbox 241 2315 950 2357; baseline 0.006 -14"><span class='ocrx_word' id='word_1_257' title='bbox 241 2316 281 2343; x_wconf 84' lang='lat' dir='ltr'>ut</span> <span class='ocrx_word' id='word_1_258' title='bbox 303 2322 413 2344; x_wconf 89' lang='lat' dir='ltr'>mores</span> <span class='ocrx_word' id='word_1_259' title='bbox 438 2318 572 2345; x_wconf 79' lang='lat' dir='ltr'>teneros</span> <span class='ocrx_word' id='word_1_260' title='bbox 598 2324 659 2345; x_wconf 86' lang='lat' dir='ltr'>ceu</span> <span class='ocrx_word' id='word_1_261' title='bbox 683 2315 808 2356; x_wconf 78' lang='lat' dir='ltr'>pollice</span> <span class='ocrx_word' id='word_1_262' title='bbox 833 2316 950 2357; x_wconf 88' lang='lat' dir='ltr'>ducat,</span> 
     </span>
     <span class='ocr_line' id='line_1_44' title="bbox 241 2362 785 2404; baseline 0.006 -10"><span class='ocrx_word' id='word_1_263' title='bbox 241 2362 291 2394; x_wconf 93' lang='lat' dir='ltr'>Ut</span> <span class='ocrx_word' id='word_1_264' title='bbox 306 2362 333 2393; x_wconf 92' lang='lat' dir='ltr'>si</span> <span class='ocrx_word' id='word_1_265' title='bbox 350 2364 422 2404; x_wconf 85' lang='lat' dir='ltr'>quis</span> <span class='ocrx_word' id='word_1_266' title='bbox 439 2373 519 2394; x_wconf 84' lang='lat' dir='ltr'>cera</span> <span class='ocrx_word' id='word_1_267' title='bbox 535 2365 664 2396; x_wconf 84' lang='lat' dir='ltr'>vultum</span> <span class='ocrx_word' id='word_1_268' title='bbox 680 2365 785 2397; x_wconf 87' lang='lat' dir='ltr'>facit.’</span> 
     </span>
    </p>

    <p class='ocr_par' dir='ltr' id='par_1_18' title="bbox 233 2414 948 2709">
     <span class='ocr_line' id='line_1_45' title="bbox 286 2414 948 2458; baseline 0.005 -13"><span class='ocrx_word' id='word_1_269' title='bbox 286 2414 421 2454; x_wconf 81' lang='lat' dir='ltr'>Pollice]</span> <span class='ocrx_word' id='word_1_270' title='bbox 466 2415 625 2447; x_wconf 83' lang='lat' dir='ltr'>Macrob.</span> <span class='ocrx_word' id='word_1_271' title='bbox 637 2425 701 2448; x_wconf 84' lang='lat' dir='ltr'>vn.</span> <span class='ocrx_word' id='word_1_272' title='bbox 720 2420 772 2448; x_wconf 84' lang='lat'>13.</span> <span class='ocrx_word' id='word_1_273' title='bbox 787 2418 948 2458; x_wconf 85' lang='lat' dir='ltr'>pollicem</span> 
     </span>
     <span class='ocr_line' id='line_1_46' title="bbox 242 2464 947 2508; baseline 0.001 -12"><span class='ocrx_word' id='word_1_274' title='bbox 242 2464 375 2496; x_wconf 90' lang='lat' dir='ltr'>dictum</span> <span class='ocrx_word' id='word_1_275' title='bbox 403 2465 451 2496; x_wconf 89' lang='lat' dir='ltr'>ait</span> <span class='ocrx_word' id='word_1_276' title='bbox 479 2475 498 2495; x_wconf 86' lang='lat' dir='ltr'>a</span> <span class='ocrx_word' id='word_1_277' title='bbox 530 2465 702 2506; x_wconf 87' lang='lat' dir='ltr'>pollendo,</span> <span class='ocrx_word' id='word_1_278' title='bbox 733 2467 860 2508; x_wconf 88' lang='lat' dir='ltr'>quippe</span> <span class='ocrx_word' id='word_1_279' title='bbox 889 2467 947 2507; x_wconf 86' lang='lat' dir='ltr'>qui</span> 
     </span>
     <span class='ocr_line' id='line_1_47' title="bbox 240 2515 946 2557; baseline 0.001 -11"><span class='ocrx_word' id='word_1_280' title='bbox 240 2525 308 2547; x_wconf 89' lang='lat' dir='ltr'>non</span> <span class='ocrx_word' id='word_1_281' title='bbox 324 2515 433 2546; x_wconf 91' lang='lat' dir='ltr'>minus</span> <span class='ocrx_word' id='word_1_282' title='bbox 462 2525 562 2557; x_wconf 90' lang='lat' dir='ltr'>quam</span> <span class='ocrx_word' id='word_1_283' title='bbox 578 2519 652 2547; x_wconf 83' lang='lat' dir='ltr'>tota</span> <span class='ocrx_word' id='word_1_284' title='bbox 675 2526 793 2547; x_wconf 89' lang='lat' dir='ltr'>manus</span> <span class='ocrx_word' id='word_1_285' title='bbox 809 2526 946 2556; x_wconf 86' lang='lat' dir='ltr'>semper</span> 
     </span>
     <span class='ocr_line' id='line_1_48' title="bbox 239 2564 946 2599; baseline 0.003 -3"><span class='ocrx_word' id='word_1_286' title='bbox 239 2565 275 2597; x_wconf 89' lang='lat' dir='ltr'>in</span> <span class='ocrx_word' id='word_1_287' title='bbox 291 2564 403 2597; x_wconf 89' lang='lat' dir='ltr'>officio</span> <span class='ocrx_word' id='word_1_288' title='bbox 418 2570 484 2598; x_wconf 78' lang='lat' dir='ltr'>est.</span> <span class='ocrx_word' id='word_1_289' title='bbox 529 2566 630 2598; x_wconf 89' lang='lat' dir='ltr'>Unde</span> <span class='ocrx_word' id='word_1_290' title='bbox 646 2571 683 2598; x_wconf 89' lang='lat' dir='ltr'>et</span> <span class='ocrx_word' id='word_1_291' title='bbox 699 2567 831 2599; x_wconf 82' lang='lat' dir='ltr'>Graecis</span> <span class='ocrx_word' id='word_1_292' title='bbox 847 2574 946 2598; x_wconf 82' lang='lat' dir='ltr'>voca-</span> 
     </span>
     <span class='ocr_line' id='line_1_49' title="bbox 233 2615 946 2659; baseline 0.001 -12"><span class='ocrx_word' id='word_1_293' title='bbox 233 2619 299 2655; x_wconf 56' lang='lat' dir='ltr'>³tur</span> <span class='ocrx_word' id='word_1_294' title='bbox 313 2615 464 2658; x_wconf 76' lang='grc' dir='ltr'>ἆννίχειρ,</span> <span class='ocrx_word' id='word_1_295' title='bbox 480 2617 574 2659; x_wconf 86' lang='lat' dir='ltr'>quasi</span> <span class='ocrx_word' id='word_1_296' title='bbox 589 2626 708 2649; x_wconf 87' lang='lat' dir='ltr'>manus</span> <span class='ocrx_word' id='word_1_297' title='bbox 725 2617 845 2650; x_wconf 89' lang='lat' dir='ltr'>altera.</span> <span class='ocrx_word' id='word_1_298' title='bbox 878 2617 946 2648; x_wconf 90' lang='lat' dir='ltr'>Pa-</span> 
     </span>
     <span class='ocr_line' id='line_1_50' title="bbox 242 2665 946 2709; baseline -0.001 -9"><span class='ocrx_word' id='word_1_299' title='bbox 242 2665 327 2700; x_wconf 65' lang='lat' dir='ltr'>niter</span> <span class='ocrx_word' id='word_1_300' title='bbox 355 2667 495 2709; x_wconf 80' lang='lat' dir='ltr'>quidem</span> <span class='ocrx_word' id='word_1_301' title='bbox 520 2667 642 2701; x_wconf 80' lang='lat' dir='ltr'>asserit</span> <span class='ocrx_word' id='word_1_302' title='bbox 670 2667 830 2701; x_wconf 74' lang='lat' dir='ltr'>Graecam</span> <span class='ocrx_word' id='word_1_303' title='bbox 859 2666 946 2700; x_wconf 78' lang='lat' dir='ltr'>hanc</span> 
     </span>
    </p>
   </div>
   <div class='ocr_carea' id='block_1_16' title="bbox 999 1254 1712 2701">
    <p class='ocr_par' dir='ltr' id='par_1_19' title="bbox 1007 1254 1712 1337">
     <span class='ocr_line' id='line_1_51' title="bbox 1007 1254 1712 1296; baseline -0.001 -10"><span class='ocrx_word' id='word_1_304' title='bbox 1007 1255 1247 1296; x_wconf 79' lang='lat' dir='ltr'>etymologiam</span> <span class='ocrx_word' id='word_1_305' title='bbox 1265 1256 1341 1287; x_wconf 86' lang='lat' dir='ltr'>Gal.</span> <span class='ocrx_word' id='word_1_306' title='bbox 1387 1255 1457 1286; x_wconf 91' lang='lat' dir='ltr'>Alii</span> <span class='ocrx_word' id='word_1_307' title='bbox 1479 1258 1593 1286; x_wconf 83' lang='lat' dir='ltr'>tamen</span> <span class='ocrx_word' id='word_1_308' title='bbox 1611 1254 1712 1286; x_wconf 85' lang='lat' dir='ltr'>aliter</span> 
     </span>
     <span class='ocr_line' id='line_1_52' title="bbox 1007 1306 1170 1337; baseline 0.012 -2"><span class='ocrx_word' id='word_1_309' title='bbox 1007 1306 1170 1337; x_wconf 87' lang='lat' dir='ltr'>sentiunt.</span> 
     </span>
    </p>

    <p class='ocr_par' dir='ltr' id='par_1_20' title="bbox 1006 1355 1712 1549">
     <span class='ocr_line' id='line_1_53' title="bbox 1049 1355 1711 1396; baseline -0.002 -9"><span class='ocrx_word' id='word_1_310' title='bbox 1049 1359 1089 1387; x_wconf 85' lang='grc'>41</span> <span class='ocrx_word' id='word_1_311' title='bbox 1119 1356 1229 1387; x_wconf 80' lang='lat' dir='ltr'>Tecum</span> <span class='ocrx_word' id='word_1_312' title='bbox 1256 1357 1368 1387; x_wconf 80' lang='lat' dir='ltr'>etenim</span> <span class='ocrx_word' id='word_1_313' title='bbox 1394 1357 1510 1396; x_wconf 77' lang='lat' dir='ltr'>longos,</span> <span class='ocrx_word' id='word_1_314' title='bbox 1526 1355 1596 1396; x_wconf 45' lang='lat' dir='ltr'>swa]</span> <span class='ocrx_word' id='word_1_315' title='bbox 1642 1356 1711 1386; x_wconf 90' lang='lat' dir='ltr'>Die</span> 
     </span>
     <span class='ocr_line' id='line_1_54' title="bbox 1007 1406 1712 1448; baseline 0 -10"><span class='ocrx_word' id='word_1_316' title='bbox 1007 1411 1177 1448; x_wconf 79' lang='lat' dir='ltr'>nocteque</span> <span class='ocrx_word' id='word_1_317' title='bbox 1195 1418 1214 1438; x_wconf 86' lang='lat' dir='ltr'>a</span> <span class='ocrx_word' id='word_1_318' title='bbox 1231 1412 1265 1438; x_wconf 75' lang='lat' dir='ltr'>te</span> <span class='ocrx_word' id='word_1_319' title='bbox 1281 1416 1347 1437; x_wconf 88' lang='lat' dir='ltr'>non</span> <span class='ocrx_word' id='word_1_320' title='bbox 1363 1406 1593 1437; x_wconf 80' lang='lat' dir='ltr'>discedebam.</span> <span class='ocrx_word' id='word_1_321' title='bbox 1616 1406 1712 1446; x_wconf 80' lang='lat' dir='ltr'>Virg.</span> 
     </span>
     <span class='ocr_line' id='line_1_55' title="bbox 1007 1456 1712 1499; baseline -0.003 -10"><span class='ocrx_word' id='word_1_322' title='bbox 1007 1459 1081 1489; x_wconf 88' lang='lat' dir='ltr'>Ecl.</span> <span class='ocrx_word' id='word_1_323' title='bbox 1098 1467 1152 1490; x_wconf 78' lang='lat' dir='ltr'>lx.</span> <span class='ocrx_word' id='word_1_324' title='bbox 1177 1458 1186 1475; x_wconf 92' lang='lat'>‘</span> <span class='ocrx_word' id='word_1_325' title='bbox 1199 1458 1298 1499; x_wconf 81' lang='lat' dir='ltr'>Saepe</span> <span class='ocrx_word' id='word_1_326' title='bbox 1312 1468 1375 1498; x_wconf 84' lang='lat' dir='ltr'>ego</span> <span class='ocrx_word' id='word_1_327' title='bbox 1397 1458 1515 1497; x_wconf 82' lang='lat' dir='ltr'>longos</span> <span class='ocrx_word' id='word_1_328' title='bbox 1532 1456 1712 1488; x_wconf 85' lang='lat' dir='ltr'>Cantando</span> 
     </span>
     <span class='ocr_line' id='line_1_56' title="bbox 1006 1507 1666 1549; baseline -0.003 -9"><span class='ocrx_word' id='word_1_329' title='bbox 1006 1518 1149 1549; x_wconf 87' lang='lat' dir='ltr'>puerum</span> <span class='ocrx_word' id='word_1_330' title='bbox 1166 1509 1304 1540; x_wconf 85' lang='lat' dir='ltr'>memini</span> <span class='ocrx_word' id='word_1_331' title='bbox 1321 1518 1373 1539; x_wconf 88' lang='lat' dir='ltr'>me</span> <span class='ocrx_word' id='word_1_332' title='bbox 1390 1508 1538 1539; x_wconf 83' lang='lat' dir='ltr'>condere</span> <span class='ocrx_word' id='word_1_333' title='bbox 1553 1507 1666 1538; x_wconf 72' lang='lat' dir='ltr'>soles!</span> 
     </span>
    </p>

    <p class='ocr_par' dir='ltr' id='par_1_21' title="bbox 1003 1558 1712 2358">
     <span class='ocr_line' id='line_1_57' title="bbox 1048 1558 1712 1599; baseline -0.003 -9"><span class='ocrx_word' id='word_1_334' title='bbox 1048 1561 1090 1589; x_wconf 77' lang='lat'>42</span> <span class='ocrx_word' id='word_1_335' title='bbox 1115 1560 1160 1590; x_wconf 82' lang='lat' dir='ltr'>Et</span> <span class='ocrx_word' id='word_1_336' title='bbox 1177 1563 1276 1590; x_wconf 79' lang='lat' dir='ltr'>tecum</span> <span class='ocrx_word' id='word_1_337' title='bbox 1294 1559 1413 1599; x_wconf 82' lang='lat' dir='ltr'>primas</span> <span class='ocrx_word' id='word_1_338' title='bbox 1438 1559 1536 1598; x_wconf 75' lang='lat' dir='ltr'>epulis</span> <span class='ocrx_word' id='word_1_339' title='bbox 1550 1558 1712 1599; x_wconf 81' lang='lat' dir='ltr'>decerpere</span> 
     </span>
     <span class='ocr_line' id='line_1_58' title="bbox 1004 1608 1712 1651; baseline -0.003 -10"><span class='ocrx_word' id='word_1_340' title='bbox 1004 1610 1123 1650; x_wconf 78' lang='lat' dir='ltr'>noctes]</span> <span class='ocrx_word' id='word_1_341' title='bbox 1180 1611 1243 1641; x_wconf 84' lang='lat' dir='ltr'>Est</span> <span class='ocrx_word' id='word_1_342' title='bbox 1273 1610 1330 1651; x_wconf 87' lang='lat' dir='ltr'>qui</span> <span class='ocrx_word' id='word_1_343' title='bbox 1361 1610 1621 1649; x_wconf 75' lang='lat' dir='ltr'>interpretetm,</span> <span class='ocrx_word' id='word_1_344' title='bbox 1648 1608 1712 1639; x_wconf 80' lang='lat' dir='ltr'>ini-</span> 
     </span>
     <span class='ocr_line' id='line_1_59' title="bbox 1007 1658 1711 1691; baseline -0.001 -1"><span class='ocrx_word' id='word_1_345' title='bbox 1007 1660 1090 1690; x_wconf 87' lang='lat' dir='ltr'>tium</span> <span class='ocrx_word' id='word_1_346' title='bbox 1121 1660 1224 1691; x_wconf 86' lang='lat' dir='ltr'>etiam</span> <span class='ocrx_word' id='word_1_347' title='bbox 1254 1660 1365 1690; x_wconf 86' lang='lat' dir='ltr'>noctis</span> <span class='ocrx_word' id='word_1_348' title='bbox 1398 1659 1558 1690; x_wconf 85' lang='lat' dir='ltr'>dabamus</span> <span class='ocrx_word' id='word_1_349' title='bbox 1596 1658 1711 1690; x_wconf 85' lang='lat' dir='ltr'>studio</span> 
     </span>
     <span class='ocr_line' id='line_1_60' title="bbox 1006 1709 1711 1752; baseline -0.001 -12"><span class='ocrx_word' id='word_1_350' title='bbox 1006 1710 1245 1751; x_wconf 65' lang='lat' dir='ltr'>Philosophiae,</span> <span class='ocrx_word' id='word_1_351' title='bbox 1272 1710 1375 1752; x_wconf 86' lang='lat' dir='ltr'>idque</span> <span class='ocrx_word' id='word_1_352' title='bbox 1405 1709 1568 1750; x_wconf 80' lang='lat' dir='ltr'>temporis</span> <span class='ocrx_word' id='word_1_353' title='bbox 1595 1709 1711 1741; x_wconf 82' lang='lat' dir='ltr'>decer-</span> 
     </span>
     <span class='ocr_line' id='line_1_61' title="bbox 1006 1759 1712 1802; baseline -0.003 -11"><span class='ocrx_word' id='word_1_354' title='bbox 1006 1760 1169 1800; x_wconf 83' lang='lat' dir='ltr'>pebamus</span> <span class='ocrx_word' id='word_1_355' title='bbox 1205 1761 1313 1802; x_wconf 84' lang='lat' dir='ltr'>quieti</span> <span class='ocrx_word' id='word_1_356' title='bbox 1346 1765 1381 1791; x_wconf 88' lang='lat' dir='ltr'>et</span> <span class='ocrx_word' id='word_1_357' title='bbox 1418 1760 1540 1800; x_wconf 90' lang='lat' dir='ltr'>epulis,</span> <span class='ocrx_word' id='word_1_358' title='bbox 1575 1759 1608 1790; x_wconf 87' lang='lat' dir='ltr'>id</span> <span class='ocrx_word' id='word_1_359' title='bbox 1647 1763 1712 1799; x_wconf 86' lang='lat' dir='ltr'>est,</span> 
     </span>
     <span class='ocr_line' id='line_1_62' title="bbox 1005 1809 1710 1852; baseline -0.001 -11"><span class='ocrx_word' id='word_1_360' title='bbox 1005 1811 1294 1852; x_wconf 83' lang='lat' dir='ltr'>resciudebamus,</span> <span class='ocrx_word' id='word_1_361' title='bbox 1332 1810 1576 1842; x_wconf 88' lang='lat' dir='ltr'>adimebamus.</span> <span class='ocrx_word' id='word_1_362' title='bbox 1642 1809 1710 1840; x_wconf 87' lang='lat' dir='ltr'>Sed</span> 
     </span>
     <span class='ocr_line' id='line_1_63' title="bbox 1003 1860 1711 1902; baseline -0.001 -10"><span class='ocrx_word' id='word_1_363' title='bbox 1003 1861 1124 1893; x_wconf 85' lang='lat' dir='ltr'>melius</span> <span class='ocrx_word' id='word_1_364' title='bbox 1141 1866 1192 1893; x_wconf 84' lang='lat' dir='ltr'>est</span> <span class='ocrx_word' id='word_1_365' title='bbox 1210 1871 1286 1893; x_wconf 92' lang='lat' dir='ltr'>cum</span> <span class='ocrx_word' id='word_1_366' title='bbox 1312 1861 1386 1893; x_wconf 81' lang='lat' dir='ltr'>aliis</span> <span class='ocrx_word' id='word_1_367' title='bbox 1411 1870 1517 1902; x_wconf 85' lang='lat' dir='ltr'>prope</span> <span class='ocrx_word' id='word_1_368' title='bbox 1542 1860 1711 1900; x_wconf 87' lang='lat' dir='ltr'>omnibus,</span> 
     </span>
     <span class='ocr_line' id='line_1_64' title="bbox 1003 1911 1711 1953; baseline 0 -11"><span class='ocrx_word' id='word_1_369' title='bbox 1003 1912 1197 1953; x_wconf 85' lang='lat' dir='ltr'>intelligere</span> <span class='ocrx_word' id='word_1_370' title='bbox 1214 1912 1256 1943; x_wconf 88' lang='lat' dir='ltr'>de</span> <span class='ocrx_word' id='word_1_371' title='bbox 1273 1911 1397 1953; x_wconf 85' lang='lat' dir='ltr'>frugali</span> <span class='ocrx_word' id='word_1_372' title='bbox 1414 1921 1531 1942; x_wconf 87' lang='lat' dir='ltr'>mensa</span> <span class='ocrx_word' id='word_1_373' title='bbox 1551 1911 1711 1942; x_wconf 84' lang='lat' dir='ltr'>studiosis</span> 
     </span>
     <span class='ocr_line' id='line_1_65' title="bbox 1004 1962 1712 2004; baseline -0.001 -11"><span class='ocrx_word' id='word_1_374' title='bbox 1004 1962 1210 2002; x_wconf 81' lang='lat' dir='ltr'>necessaria,</span> <span class='ocrx_word' id='word_1_375' title='bbox 1240 1963 1331 2004; x_wconf 88' lang='lat' dir='ltr'>quod</span> <span class='ocrx_word' id='word_1_376' title='bbox 1368 1962 1509 1993; x_wconf 87' lang='lat' dir='ltr'>verbnm</span> <span class='ocrx_word' id='word_1_377' title='bbox 1549 1962 1712 2003; x_wconf 83' lang='lat' dir='ltr'>decerpere</span> 
     </span>
     <span class='ocr_line' id='line_1_66' title="bbox 1004 2011 1711 2052; baseline 0 -8"><span class='ocrx_word' id='word_1_378' title='bbox 1004 2012 1136 2044; x_wconf 80' lang='lat' dir='ltr'>indicat</span> <span class='ocrx_word' id='word_1_379' title='bbox 1151 2013 1255 2044; x_wconf 87' lang='lat' dir='ltr'>satis:</span> <span class='ocrx_word' id='word_1_380' title='bbox 1281 2017 1318 2043; x_wconf 88' lang='lat' dir='ltr'>ut</span> <span class='ocrx_word' id='word_1_381' title='bbox 1335 2022 1451 2043; x_wconf 81' lang='lat' dir='ltr'>sensus</span> <span class='ocrx_word' id='word_1_382' title='bbox 1470 2013 1525 2052; x_wconf 81' lang='lat' dir='ltr'>sit,</span> <span class='ocrx_word' id='word_1_383' title='bbox 1551 2021 1619 2043; x_wconf 91' lang='lat' dir='ltr'>non</span> <span class='ocrx_word' id='word_1_384' title='bbox 1635 2011 1711 2044; x_wconf 82' lang='lat' dir='ltr'>dies</span> 
     </span>
     <span class='ocr_line' id='line_1_67' title="bbox 1004 2062 1710 2104; baseline 0.001 -11"><span class='ocrx_word' id='word_1_385' title='bbox 1004 2063 1159 2094; x_wconf 84' lang='lat' dir='ltr'>noctibus</span> <span class='ocrx_word' id='word_1_386' title='bbox 1176 2063 1344 2103; x_wconf 88' lang='lat' dir='ltr'>epulando</span> <span class='ocrx_word' id='word_1_387' title='bbox 1362 2062 1602 2104; x_wconf 83' lang='lat' dir='ltr'>jungebamus,</span> <span class='ocrx_word' id='word_1_388' title='bbox 1618 2062 1710 2104; x_wconf 92' lang='lat' dir='ltr'>quod</span> 
     </span>
     <span class='ocr_line' id='line_1_68' title="bbox 1003 2112 1710 2154; baseline 0 -10"><span class='ocrx_word' id='word_1_389' title='bbox 1003 2112 1134 2145; x_wconf 86' lang='lat' dir='ltr'>faciunt</span> <span class='ocrx_word' id='word_1_390' title='bbox 1149 2114 1345 2153; x_wconf 79' lang='lat' dir='ltr'>helluones3</span> <span class='ocrx_word' id='word_1_391' title='bbox 1368 2113 1427 2145; x_wconf 85' lang='lat' dir='ltr'>sed</span> <span class='ocrx_word' id='word_1_392' title='bbox 1452 2114 1617 2154; x_wconf 85' lang='lat' dir='ltr'>pauculas</span> <span class='ocrx_word' id='word_1_393' title='bbox 1635 2117 1710 2144; x_wconf 84' lang='lat' dir='ltr'>tan-</span> 
     </span>
     <span class='ocr_line' id='line_1_69' title="bbox 1004 2161 1710 2207; baseline 0 -13"><span class='ocrx_word' id='word_1_394' title='bbox 1004 2168 1075 2195; x_wconf 85' lang='lat' dir='ltr'>tum</span> <span class='ocrx_word' id='word_1_395' title='bbox 1100 2161 1213 2204; x_wconf 83' lang='lat' dir='ltr'>lioras,</span> <span class='ocrx_word' id='word_1_396' title='bbox 1240 2164 1344 2207; x_wconf 87' lang='lat' dir='ltr'>idque</span> <span class='ocrx_word' id='word_1_397' title='bbox 1372 2164 1529 2204; x_wconf 86' lang='lat' dir='ltr'>vesperi;</span> <span class='ocrx_word' id='word_1_398' title='bbox 1554 2168 1590 2195; x_wconf 87' lang='lat' dir='ltr'>et</span> <span class='ocrx_word' id='word_1_399' title='bbox 1614 2163 1710 2205; x_wconf 87' lang='lat' dir='ltr'>quasi</span> 
     </span>
     <span class='ocr_line' id='line_1_70' title="bbox 1003 2215 1708 2256; baseline -0.001 -10"><span class='ocrx_word' id='word_1_400' title='bbox 1003 2215 1129 2256; x_wconf 84' lang='lat' dir='ltr'>raptim</span> <span class='ocrx_word' id='word_1_401' title='bbox 1158 2215 1279 2246; x_wconf 75' lang='lat' dir='ltr'>&#39;cibum</span> <span class='ocrx_word' id='word_1_402' title='bbox 1327 2215 1566 2256; x_wconf 86' lang='lat' dir='ltr'>carpebamus,</span> <span class='ocrx_word' id='word_1_403' title='bbox 1605 2223 1708 2255; x_wconf 89' lang='lat' dir='ltr'>quem</span> 
     </span>
     <span class='ocr_line' id='line_1_71' title="bbox 1003 2264 1709 2307; baseline -0.001 -11"><span class='ocrx_word' id='word_1_404' title='bbox 1003 2275 1106 2307; x_wconf 90' lang='lat' dir='ltr'>porro</span> <span class='ocrx_word' id='word_1_405' title='bbox 1122 2267 1276 2298; x_wconf 83' lang='lat' dir='ltr'>honestis</span> <span class='ocrx_word' id='word_1_406' title='bbox 1294 2265 1504 2298; x_wconf 86' lang='lat' dir='ltr'>sermonibus</span> <span class='ocrx_word' id='word_1_407' title='bbox 1528 2264 1709 2296; x_wconf 61' lang='lat' dir='ltr'>condiebffi</span> 
     </span>
     <span class='ocr_line' id='line_1_72' title="bbox 1004 2317 1440 2358; baseline -0.002 -10"><span class='ocrx_word' id='word_1_408' title='bbox 1004 2326 1091 2356; x_wconf 88' lang='lat' dir='ltr'>mus,</span> <span class='ocrx_word' id='word_1_409' title='bbox 1107 2321 1145 2348; x_wconf 88' lang='lat' dir='ltr'>ut</span> <span class='ocrx_word' id='word_1_410' title='bbox 1162 2321 1215 2348; x_wconf 80' lang='lat' dir='ltr'>est</span> <span class='ocrx_word' id='word_1_411' title='bbox 1230 2317 1333 2358; x_wconf 87' lang='lat' dir='ltr'>paulo</span> <span class='ocrx_word' id='word_1_412' title='bbox 1351 2320 1440 2357; x_wconf 88' lang='lat' dir='ltr'>post.</span> 
     </span>
    </p>

    <p class='ocr_par' dir='ltr' id='par_1_22' title="bbox 999 2363 1708 2701">
     <span class='ocr_line' id='line_1_73' title="bbox 1045 2363 1707 2408; baseline -0.005 -10"><span class='ocrx_word' id='word_1_413' title='bbox 1045 2369 1087 2398; x_wconf 75' lang='lat'>43</span> <span class='ocrx_word' id='word_1_414' title='bbox 1115 2367 1220 2398; x_wconf 81' lang='lat' dir='ltr'>Unum</span> <span class='ocrx_word' id='word_1_415' title='bbox 1236 2377 1320 2408; x_wconf 79' lang='lat' dir='ltr'>opus,</span> <span class='ocrx_word' id='word_1_416' title='bbox 1338 2370 1368 2398; x_wconf 83' lang='lat' dir='ltr'>et</span> <span class='ocrx_word' id='word_1_417' title='bbox 1383 2366 1528 2407; x_wconf 75' lang='lat' dir='ltr'>requiem,</span> <span class='ocrx_word' id='word_1_418' title='bbox 1543 2364 1611 2405; x_wconf 52' lang='grc' dir='ltr'>ἔγω]</span> <span class='ocrx_word' id='word_1_419' title='bbox 1649 2363 1707 2395; x_wconf 82' lang='lat' dir='ltr'>&#39;Si-</span> 
     </span>
     <span class='ocr_line' id='line_1_74' title="bbox 1002 2413 1708 2457; baseline -0.007 -9"><span class='ocrx_word' id='word_1_420' title='bbox 1002 2417 1071 2449; x_wconf 89' lang='lat' dir='ltr'>mul</span> <span class='ocrx_word' id='word_1_421' title='bbox 1097 2417 1216 2457; x_wconf 88' lang='lat' dir='ltr'>labori,</span> <span class='ocrx_word' id='word_1_422' title='bbox 1245 2417 1341 2448; x_wconf 89' lang='lat' dir='ltr'>simul</span> <span class='ocrx_word' id='word_1_423' title='bbox 1372 2416 1478 2457; x_wconf 84' lang='lat' dir='ltr'>quieti</span> <span class='ocrx_word' id='word_1_424' title='bbox 1509 2413 1708 2454; x_wconf 77' lang='lat' dir='ltr'>indulgeba-</span> 
     </span>
     <span class='ocr_line' id='line_1_75' title="bbox 1001 2463 1706 2506; baseline -0.003 -9"><span class='ocrx_word' id='word_1_425' title='bbox 1001 2476 1085 2497; x_wconf 82' lang='lat' dir='ltr'>muS.</span> <span class='ocrx_word' id='word_1_426' title='bbox 1135 2467 1205 2497; x_wconf 85' lang='lat' dir='ltr'>Una</span> <span class='ocrx_word' id='word_1_427' title='bbox 1227 2476 1301 2506; x_wconf 81' lang='lat' dir='ltr'>opus</span> <span class='ocrx_word' id='word_1_428' title='bbox 1328 2469 1359 2496; x_wconf 84' lang='lat' dir='ltr'>et</span> <span class='ocrx_word' id='word_1_429' title='bbox 1386 2465 1536 2506; x_wconf 82' lang='lat' dir='ltr'>requiem,</span> <span class='ocrx_word' id='word_1_430' title='bbox 1561 2466 1613 2503; x_wconf 70' lang='grc' dir='ltr'>ἅμ’.</span> <span class='ocrx_word' id='word_1_431' title='bbox 1636 2463 1706 2504; x_wconf 84' lang='lat' dir='ltr'>legi</span> 
     </span>
     <span class='ocr_line' id='line_1_76' title="bbox 1001 2515 1705 2549; baseline -0.001 -3"><span class='ocrx_word' id='word_1_432' title='bbox 1001 2516 1087 2546; x_wconf 85' lang='lat' dir='ltr'>velit</span> <span class='ocrx_word' id='word_1_433' title='bbox 1104 2515 1344 2546; x_wconf 75' lang='lat' dir='ltr'>Casaubonus:</span> <span class='ocrx_word' id='word_1_434' title='bbox 1370 2520 1405 2546; x_wconf 85' lang='lat' dir='ltr'>at</span> <span class='ocrx_word' id='word_1_435' title='bbox 1432 2515 1567 2546; x_wconf 82' lang='lat' dir='ltr'>videtur</span> <span class='ocrx_word' id='word_1_436' title='bbox 1590 2518 1705 2549; x_wconf 87' lang='lat' dir='ltr'>tamen</span> 
     </span>
     <span class='ocr_line' id='line_1_77' title="bbox 1000 2564 1706 2606; baseline 0.003 -10"><span class='ocrx_word' id='word_1_437' title='bbox 1000 2565 1140 2596; x_wconf 84' lang='lat' dir='ltr'>Persius</span> <span class='ocrx_word' id='word_1_438' title='bbox 1157 2565 1349 2606; x_wconf 85' lang='lat' dir='ltr'>respexisse</span> <span class='ocrx_word' id='word_1_439' title='bbox 1365 2565 1448 2596; x_wconf 90' lang='lat' dir='ltr'>illud</span> <span class='ocrx_word' id='word_1_440' title='bbox 1465 2564 1599 2606; x_wconf 85' lang='lat' dir='ltr'>Virgilii</span> <span class='ocrx_word' id='word_1_441' title='bbox 1616 2565 1706 2598; x_wconf 76' lang='lat' dir='ltr'>Geo-</span> 
     </span>
     <span class='ocr_line' id='line_1_78' title="bbox 1001 2615 1707 2660; baseline -0.006 -12"><span class='ocrx_word' id='word_1_442' title='bbox 1001 2625 1051 2649; x_wconf 75' lang='grc' dir='ltr'>ιν.</span> <span class='ocrx_word' id='word_1_443' title='bbox 1073 2615 1082 2633; x_wconf 92' lang='lat'>‘</span> <span class='ocrx_word' id='word_1_444' title='bbox 1099 2615 1267 2648; x_wconf 88' lang='lat' dir='ltr'>Omnibus</span> <span class='ocrx_word' id='word_1_445' title='bbox 1290 2625 1360 2647; x_wconf 87' lang='lat' dir='ltr'>una</span> <span class='ocrx_word' id='word_1_446' title='bbox 1381 2616 1474 2660; x_wconf 90' lang='lat' dir='ltr'>quies</span> <span class='ocrx_word' id='word_1_447' title='bbox 1489 2615 1707 2658; x_wconf 70' lang='lat' dir='ltr'>opernm,la.</span> 
     </span>
     <span class='ocr_line' id='line_1_79' title="bbox 999 2664 1360 2701; baseline 0.003 -2"><span class='ocrx_word' id='word_1_448' title='bbox 999 2665 1061 2701; x_wconf 75' lang='lat' dir='ltr'>bot</span> <span class='ocrx_word' id='word_1_449' title='bbox 1076 2665 1232 2700; x_wconf 85' lang='lat' dir='ltr'>omnibus</span> <span class='ocrx_word' id='word_1_450' title='bbox 1244 2664 1360 2700; x_wconf 58' lang='lat' dir='ltr'>idem)</span> 
     </span>
    </p>
   </div>
  </div>
 </body>
</html>
