1888 3032
737 114 920 146 SATIRA
953 114 985 144 1.
1549 103 1607 144 45

196 216 207 234 ‘
227 212 315 254 Sed
339 212 445 267 quid
465 225 579 266 opus
602 215 771 252 teneras
792 211 987 252 mordaci
1006 210 1155 251 radere
1175 223 1278 251 vero

135 280 371 322 Auriculas
390 282 408 321 ’ἒ
441 280 543 321 vide
568 282 644 330 sis,
664 293 719 320 ne
739 280 955 333 majorum
977 280 1057 320 tibi
1076 278 1186 319 forte

135 348 306 388 Limina
326 347 561 400 frigescant
579 362 588 388 ε
622 351 749 388 sonat
768 347 839 387 hic
861 347 914 387 de
934 359 1038 387 nare
1060 346 1215 387 canina

135 414 311 456 Litera?
371 415 457 455 Per
478 428 545 455 me
566 414 768 469 equidem
788 415 873 454 sint
893 414 1040 454 onmia
1058 413 1255 467 protinus
1274 413 1404 465 alba3

1520 413 1604 454 110

135 564 230 596 neque
244 557 359 587 redolet
376 566 492 596 ungues
505 565 636 586 arrosos.
681 555 727 586 At
750 564 894 595 quorsum
913 554 1008 593 jurat
1030 555 1246 594 perstringere
1261 563 1352 584 aures
1367 553 1514 584 delicatas
1528 553 1608 584 veri-

137 602 201 629 tate
218 598 390 630 irritantes?
427 600 520 638 Care,
541 599 568 629 si
582 600 640 638 vis,
662 609 698 629 ne
712 598 852 636 fortasse
867 598 978 636 januae
990 597 1256 638 potentiumfiant
1273 596 1496 636 tzbifrigidae:
1531 605 1607 626 nam

135 641 202 672 illic
223 642 315 673 litera
331 643 366 672 de
382 651 455 672 uaso
471 651 580 672 canum
595 642 695 672 nimis
711 644 828 682 crepat.
874 641 939 672 Per·
955 650 1001 671 me
1024 640 1164 681 profecto
1180 640 1273 681 licet,
1297 642 1405 670 cuncta
1420 642 1508 670 sunto
1524 639 1609 670 dein-

757 756 994 767 eeeeeeeeeeee

137 843 234 875 Attin
253 843 318 874 Nec
330 844 467 884 pluteum
484 845 588 883 caedit,
603 855 656 876 nec
671 846 824 877 demorsos
838 845 920 886 sapit
937 855 1064 885 ungue-5.
1093 843 1395 885 Koenigius.—107
1418 843 1525 874 rodere
1540 851 1610 873 tero

804 979 948 1011 NOTAE

139 1062 331 1103 armarium,
356 1065 391 1096 in
423 1075 489 1106 quo
516 1064 594 1096 libri
621 1071 847 1107 reponuntur.

138 1114 318 1145 Praeterea
348 1115 456 1155 plutei
490 1115 654 1146 militares
681 1120 849 1147 vocantur

139 1168 253 1195 crates
268 1165 423 1205 quaedam
448 1166 542 1197 corio
559 1170 701 1205 opertae,
727 1165 850 1206 quibus

139 1218 219 1245 ante
247 1225 282 1245 se
309 1215 430 1246 locatis
456 1216 604 1247 hostium
631 1215 702 1246 tela
730 1219 849 1246 arcent

139 1264 264 1296 milites
283 1265 361 1296 dum
376 1264 509 1296 faciunt
524 1275 620 1306 opus.
666 1265 758 1306 Lips.
782 1266 848 1296 Po-

139 1314 273 1346 liorcet.
290 1315 349 1347 lib.
363 1325 387 1347 1.
405 1316 529 1357 dialog.
546 1319 577 1347 7.

184 1366 252 1396 Nec
273 1367 414 1406 pluteum
438 1366 547 1406 caedit]
590 1367 676 1397 Tale
703 1366 850 1397 Carmen

142 1424 210 1446 non
226 1415 377 1446 ostendit
403 1425 600 1456 percussum
629 1426 648 1446 a
676 1415 851 1455 Scriptore

141 1463 308 1505 pluteum,
334 1470 370 1496 et
401 1466 573 1507 pulsatum
601 1476 671 1507 prae
698 1466 853 1506 indigna-

144 1514 249 1554 tione,
287 1516 377 1556 quod
407 1516 536 1547 animus
565 1516 608 1547 ad
637 1522 753 1548 votum
784 1526 852 1546 non

144 1570 357 1606 suggereret.
418 1566 511 1598 Quin
527 1565 584 1597 ille
607 1576 726 1606 parum
741 1565 853 1596 solici-

143 1619 199 1646 tus
216 1614 283 1646 fuit
299 1626 400 1656 quam
419 1616 537 1655 bonos,
558 1617 619 1647 scd
644 1626 745 1657 quam
769 1617 852 1647 mul-

145 1670 198 1697 tos
225 1670 262 1697 et
289 1665 410 1697 faciles
438 1665 600 1698 funderet
616 1677 746 1706 versus,
762 1667 852 1698 unde

143 1726 208 1748 nec
235 1717 357 1748 mirum
383 1718 411 1748 si
438 1727 636 1757 exsuccum,
659 1727 796 1757 enerve,
819 1722 854 1748 et

145 1766 279 1799 elumbe
295 1777 432 1799 carmen
449 1772 512 1807 est,
528 1768 619 1808 quod
645 1768 716 1798 sine
742 1767 853 1798 delec-

146 1823 195 1859 tu,
213 1820 283 1850 sine
300 1820 430 1859 labore,
453 1820 525 1850 sine
552 1819 726 1850 anxietate
751 1819 855 1849 animi

145 1868 212 1901 fuit
227 1870 465 1910 compositum.
512 1870 655 1902 Quintil.
672 1879 707 1900 x.
725 1873 756 1901 3.
773 1871 857 1901 citat

147 1919 235 1951 hunc
252 1920 364 1950 Persii
381 1921 503 1951 locum.

190 1970 260 2001 Nec
274 1971 429 2001 demorsos
443 1971 527 2010 sapit
543 1969 673 2009 ungues]
704 1971 781 2000 Prae
800 1980 856 2000 an-

147 2019 277 2051 xietate
289 2020 391 2050 animi
404 2020 437 2050 in
456 2018 625 2060 profunda
637 2019 857 2050 meditatione

150 2069 263 2110 defixi,
281 2071 466 2112 diligenter
481 2076 516 2101 et
533 2075 691 2102 accurate
705 2070 857 2101 scribere

150 2121 296 2152 volentis
311 2132 319 2158 3
355 2131 421 2152 non
438 2121 614 2162 probantis
630 2123 765 2153 omnino
783 2132 857 2163 qua:

151 2171 302 2211 scripsit,
317 2181 355 2201 uc
369 2172 509 2201 meliora
527 2172 724 2212 quaerentis.
757 2172 859 2204 Quod

151 2220 230 2252 boni
259 2222 379 2252 I'oe'tae
407 2222 528 2252 solent.
586 2222 712 2252 Horat.
738 2223 808 2253 Sat.
832 2232 857 2253 1.

153 2274 206 2303 10.
229 2273 238 2289 ‘
256 2273 301 2302 Et
325 2273 358 2302 in
386 2281 486 2302 versu
514 2270 670 2302 faciendo
687 2273 787 2313 Saepe
805 2283 859 2303 ca-

153 2327 215 2363 put
241 2322 410 2363 scaberet,
440 2323 532 2353 vivos
561 2327 595 2353 et
623 2323 763 2354 roderet
800 2333 859 2353 uu-

154 2372 259 2413 gues!

198 2425 259 2453 107
284 2422 347 2452 Sed
376 2422 449 2462 qnid
474 2431 558 2462 opus,
578 2421 650 2462 ξω]
696 2422 860 2453 Rationes

153 2483 229 2505 suas
257 2473 366 2504 elnsas
391 2483 410 2504 a
438 2473 558 2503 Persio
585 2472 861 2504 animadvertens

155 2523 305 2554 monitor
324 2522 463 2553 adhibet
486 2523 606 2562 minas,
631 2527 669 2553 ut
691 2532 709 2553 a
727 2523 864 2554 satirica

157 2571 340 2604 dicacitate
358 2583 432 2603 euni
449 2574 638 2604 deterreat.

204 2623 335 2654 Teucras
349 2623 519 2663 auriculas]
542 2623 652 2655 Aures
668 2623 814 2655 Neronis
829 2628 866 2655 et

159 2671 320 2706 nobilium
341 2674 569 2706 Romanorum
594 2674 867 2718 reprehensionis

902 1064 1134 1105 impatientes,

946 1115 1093 1146 Mordaci
1108 1115 1193 1156 vero]
1235 1113 1316 1145 Tuis
1332 1111 1453 1144 Satiris
1471 1111 1613 1143 nimium

903 1165 1096 1204 veracibus,
1111 1164 1231 1206 quibus
1249 1164 1322 1194 sine
1334 1163 1404 1193 ulla
1415 1161 1612 1203 cujusquam

903 1216 1096 1247 reverentia
1110 1225 1185 1246 suos
1202 1214 1325 1255 cuique
1355 1213 1457 1244 etiam
1483 1213 1615 1244 nolenti

903 1275 1037 1297 errores
1051 1264 1200 1296 ostendis
1217 1269 1253 1295 et
1275 1262 1463 1304 exprobras
1479 1262 1616 1303 acriter,

905 1317 1005 1355 salse,
1022 1316 1184 1357 satyrice.

947 1366 1087 1406 Radere]
1132 1365 1288 1405 Metaph.
1307 1375 1326 1395 a
1343 1363 1532 1404 Chirurgis,
1558 1362 1614 1404 qui

904 1417 1047 1447 vulnera
1064 1416 1204 1456 putrida
1216 1415 1328 1446 cultro
1343 1415 1469 1445 radunt
1485 1424 1524 1445 ac
1539 1423 1617 1455 pur-

907 1472 1001 1507 gant,
1016 1472 1063 1505 et,
1079 1467 1105 1496 si
1123 1476 1221 1506 opus,
1238 1470 1369 1496 secant.

952 1520 1013 1547 109
1045 1516 1173 1547 Limina
1189 1515 1385 1555 frigescant]
1429 1516 1529 1546 Time
1556 1525 1617 1556 po-

908 1567 1074 1597 tentiores
1091 1567 1139 1597 ita
1156 1565 1303 1597 offensos
1329 1566 1471 1605 habere,
1496 1570 1534 1596 ut
1558 1564 1619 1596 fri-

908 1616 988 1657 gide
1015 1621 1050 1647 te
1078 1617 1266 1657 excipiant,
1281 1616 1324 1647 ab
1342 1617 1490 1652 amicitia
1505 1616 1619 1647 exclu-

908 1668 1013 1706 dant;
1050 1668 1104 1698 vel
1136 1668 1238 1698 etiam
1276 1672 1422 1697 mortem
1460 1665 1620 1707 inferant,

910 1728 984 1759 quae
1002 1718 1146 1759 frigidos
1161 1717 1257 1749 facit.
1305 1719 1427 1749 Horat.
1446 1718 1516 1748 Sat.
1530 1727 1570 1749 11.
1587 1720 1619 1748 1.

910 1770 918 1785 ‘
938 1769 969 1800 Ο
987 1779 1085 1809 puer,
1109 1774 1148 1799 ut
1163 1769 1206 1799 sis
1231 1769 1354 1800 Vitatis
1370 1774 1498 1807 metim,
1516 1769 1620 1809 majo-

908 1829 981 1849 rum
999 1829 1041 1850 ne
1059 1820 1133 1860 quis
1146 1819 1273 1850 amicus
1287 1820 1426 1858 Frigore
1444 1825 1478 1849 te
1495 1818 1622 1850 feriat!

953 1868 1051 1899 Sonat
1068 1868 1133 1908 hic]
1171 1869 1213 1899 In
1240 1869 1307 1899 tuis
1333 1869 1452 1899 Satiris
1482 1869 1621 1899 nimium

912 1924 963 1949 est
981 1919 1179 1949 acerbitatis
1195 1930 1202 1949 ε
1238 1920 1294 1950 vel
1310 1920 1344 1949 in
1357 1919 1457 1949 domo
1474 1919 1621 1950 Neronis

913 1978 951 1999 ac
970 1968 1132 1999 nobilium
1148 1969 1198 1999 ira
1216 1975 1251 1999 et
1278 1969 1361 2000 ultio
1378 1968 1539 2011 frequens
1556 1974 1621 2001 est.

914 2019 1001 2050 Haec
1016 2020 1178 2051 monitor.

956 2071 1007 2101 De
1022 2080 1097 2101 nare
1112 2071 1223 2102 canina
1241 2070 1352 2110 litero]
1370 2071 1488 2102 Litera
1500 2072 1624 2103 canina

913 2126 966 2152 est
983 2123 1024 2152 R.
1042 2122 1127 2152 lianc
1155 2122 1245 2153 enim
1271 2132 1371 2154 canes
1386 2123 1548 2154 videntur
1565 2133 1623 2154 ex-

914 2173 1073 2213 primere,
1090 2173 1170 2203 dum
1199 2173 1368 2204 restrictis
1393 2173 1490 2203 labiis
1512 2174 1626 2205 irrita-

914 2228 966 2255 tos
984 2234 1019 2255 se
1033 2224 1236 2264 significant,
1248 2229 1350 2265 atque
1366 2224 1522 2255 hirriunt.

958 2276 1018 2303 110
1054 2274 1118 2304 Per
1147 2284 1194 2304 me
1221 2273 1373 2313 equidem]
1422 2273 1626 2314 Respondet

913 2323 1051 2354 Persius
1079 2333 1141 2362 per
1165 2323 1420 2353 concessionem
1446 2323 1624 2363 ironicam,

914 2376 942 2405 si
966 2374 1103 2415 quidem
1130 2374 1179 2404 ita
1204 2375 1266 2412 vis,
1301 2374 1487 2413 probentur
1513 2374 1626 2405 omnia

915 2426 1010 2456 velut
1035 2424 1212 2465 concinna,
1239 2425 1342 2455 etiam
1376 2434 1451 2465 quae
1487 2425 1626 2455 minime

916 2479 1005 2505 sunt.

960 2525 1058 2565 Alba]
1102 2526 1196 2556 Sicut
1218 2525 1350 2565 nigrum
1379 2534 1439 2564 pro
1465 2523 1626 2562 nialo,ita

918 2585 979 2616 pro
996 2576 1085 2607 bono
1112 2577 1227 2607 album
1256 2576 1404 2615 ponitur.
1451 2573 1627 2613 Pythago-

919 2636 973 2657 ras
991 2626 1081 2667 apud
1097 2627 1270 2657 Laertium
1284 2637 1291 2656 :
1320 2625 1357 2655 τὸ
1372 2623 1428 2662 μὲν
1443 2623 1556 2655 λευκὸν
1568 2625 1627 2662 τῆς

920 2675 1039 2716 ἀγαθοῦ
1054 2674 1186 2717 φύσεως,
1198 2675 1236 2706 τὸ
1251 2674 1284 2705 δὲ
1298 2673 1398 2714 μέλαν
1410 2674 1516 2706 κακοῦ.
