1888 3032
736 118 918 150 SA‘HRA
954 117 1017 148 Vl.

145 219 375 270 Discrepet
399 216 466 256 his
488 215 614 256 alius.

144 285 361 327 Producis
383 285 523 336 genio.

1521 103 1606 145 169

676 214 904 263 Geminos,
927 213 1189 265 horoscope,
1207 222 1317 251 varo

585 283 700 323 Solis
721 283 937 322 natalibus
959 283 1027 321 est
1046 279 1119 333 qui

141 353 298 404 Tingut
319 352 413 391 olus
436 352 600 399 siccum
622 350 762 390 muria
781 348 902 389 vafer
923 349 965 387 in
987 348 1124 387 calice
1144 349 1273 395 emta,

143 420 246 473 Ipse
268 431 440 459 sacrum
464 419 647 459 irrorans
668 417 830 470 patina}
851 416 992 469 piper.

140 486 337 527 Grandia
358 487 660 537 magnanimus
682 484 850 538 peragit
872 497 994 536 pucr.

1548 340 1604 382 :20

1056 415 1146 454 Hic
1168 415 1285 454 bona
1306 411 1432 452 dente

1057 481 1165 523 Utar
1186 494 1281 534 eg0,
1303 483 1420 531 utar3

140 616 274 647 roscope,
297 606 419 647 profers
438 607 584 645 gemellos
609 605 733 644 ingenio
760 604 917 635 dissimili.
963 605 1057 635 Unus
1082 606 1126 633 est
1152 602 1201 642 qui
1219 602 1272 631 (lic
1289 598 1468 630 nativitatis
1483 599 1604 645 lantum

139 649 248 680 herbas
263 651 368 679 uriaelns
392 650 548 687 salsugine
574 650 691 679 ‹roiimta
708 648 838 679 callidus
850 648 883 678 in
897 648 1016 678 vasculo
1033 647 1184 684 intingat,
1210 645 1272 684 ipse
1300 645 1479 682 inspergens
1501 643 1606 670 calmo

138 693 227 732 piper
239 695 406 722 sacratum.
452 692 510 721 Ille
528 702 607 722 vero
625 692 750 729 jur-cuis
766 701 877 730 magno
893 690 996 720 αηὶηιο
1012 690 1153 728 ingentes
1168 688 1342 724 facultates
1368 683 1509 715 (lontibus
1534 691 1604 712 con-

139 735 243 765 sumit.

756 818 870 829 ““““

291 735 361 774 Ego
387 734 469 765 meis
498 738 683 774 utur,1u‘ar,
710 735 864 775 iuquam:
889 743 985 773 neque
1008 735 1171 773 propterca
1194 730 1345 771 prodigus
1371 737 1428 758 ero
1455 734 1606 766 apponere

875 818 991 829 oooooo

139 874 223 902 -18
238 873 324 903 cario
341 873 407 904 Ms.
427 872 593 904 (ἰαὶ-22
612 877 746 914 peragat
764 873 831 904 Ms.
849 873 1016 904 (lah—23
1033 870 1183 902 scombros
1199 869 1266 900 Ms.
1282 866 1357 899 Gal.
1375 866 1440 896 lucc
1455 861 1606 895 scrombos

800 947 941 980 NOTAE

183 1014 223 1041 IS
246 1011 411 1053 Dis-crepet
427 1014 477 1044 his
491 1013 586 1054 alius]
620 1014 760 1045 Etiamsi
775 1013 844 1045 lon-

140 1072 181 1102 ge
197 1063 260 1093 aliu
278 1063 341 1094 erit
359 1065 430 1094 aliis
448 1075 541 1095 mens
570 1069 604 1096 et
630 1065 765 1096 vivendi
794 1075 844 1095 ra-

139 1112 199 1152 tio,
215 1122 281 1143 nou
301 1114 463 1145 mirabor:
490 1115 655 1156 siquidem
682 1120 716 1146 et
743 1116 844 1155 gemi-

139 1164 172 1194 ni
188 1162 312 1195 fratres
329 1175 418 1205 saepe
435 1166 634 1206 discrepant
647 1166 808 1197 moribus.

181 1214 375 1256 Horoscope]
411 1216 550 1247 Astrum
568 1218 693 1257 natale,
711 1227 768 1248 seu
787 1227 844 1247 na-

138 1265 264 1296 tivitati
297 1268 496 1306 praesidens,
526 1278 544 1298 e
575 1269 674 1308 cujus
713 1273 844 1308 specta-

139 1315 230 1346 tione
267 1315 445 1358 Astrologi
477 1318 652 1358 judiciarii
687 1319 843 1350 divinant

139 1366 219 1407 quid
235 1367 359 1398 homini
377 1369 421 1399 sit
437 1373 639 1400 eventurum
656 1370 688 1399 in
703 1370 786 1401 vita.

185 1417 265 1448 Varo
287 1419 431 1457 producis
444 1419 553 1459 genio]
603 1420 694 1457 Varo,
717 1420 750 1449 id
776 1424 841 1459 est,

139 1468 231 1499 vario
262 1479 300 1499 ac
332 1470 500 1501 dissimili.
561 1471 649 1502 Vide
687 1472 759 1502 Sat.
792 1481 842 1502 iv.

139 1529 186 1550 κε.
206 1522 257 1550 12.
285 1519 326 1550 ad
344 1520 416 1550 haec
434 1521 553 1552 verba:
580 1522 679 1552 Fallit
697 1522 775 1561 pede
797 1531 844 1552 re-

134 1570 209 1609 gula
227 1580 309 1601 raro.
356 1571 525 1611 Quicquid
543 1581 624 1602 vero
648 1572 844 1602 Astrouomi

139 1619 414 1659 garriant,etiam
430 1621 493 1651 sub
509 1621 626 1652 eadem
643 1622 743 1652 stella
756 1622 844 1652 natis

138 1669 314 1701 dissimilia
351 1671 551 1711 contingere
589 1680 842 1712 nonnunquam,

137 1725 270 1752 certum
294 1726 357 1753 est.
405 1722 460 1753 Sic
487 1727 602 1754 narrat
626 1723 841 1763 Lampridius

137 1772 357 1803 Commodum
375 1777 410 1804 et
423 1772 633 1805 Antoninum
648 1775 760 1805 Marci
777 1774 843 1805 Im-

138 1822 304 1862 peratoris
330 1821 418 1852 filios
444 1823 594 1862 geminos
622 1824 704 1854 nihil
733 1825 843 1855 simile

138 1873 169 1903 iu
188 1873 258 1904 vita
284 1873 455 1913 habuisse,
471 1875 593 1914 quibus
617 1879 730 1906 tamen
747 1876 844 1916 paria

137 1923 249 1953 omnia
264 1923 488 1963 promiserant
502 1924 748 1956 Mathematici.
773 1926 844 1956 Ho-

137 1978 200 2005 rat.
217 1974 288 2004 Sat.
305 1983 346 2004 11.
365 1976 394 2004 l.
418 1974 427 1990 ⁴
442 1973 564 2004 Castor
584 1975 710 2015 gaudet
732 1976 841 2016 equis,

137 2033 199 2055 ovo
217 2028 402 2064 prognatus
419 2023 539 2055 eodem
552 2024 706 2065 Pugnis:
752 2026 840 2057 Vide

139 2074 180 2107 A.
196 2074 356 2115 Gellium,
384 2078 506 2106 xw.l.
536 2075 594 2106 ubi
621 2076 841 2108 Genethliaci

137 2126 274 2166 egregie
288 2126 541 2166 impugnantur.

182 2179 223 2208 19
245 2175 327 2206 Solis
342 2175 497 2206 natalibus
511 2180 558 2208 est
572 2177 635 2217 qui,
655 2177 725 2217 ἔγω]
770 2178 841 2209 Ho-

139 2238 210 2258 rum
227 2227 435 2268 geminorum
459 2226 602 2258 fratrum
618 2229 703 2259 alter
719 2239 841 2269 parcus

139 2284 175 2309 et
202 2282 303 2309 tenax
327 2278 406 2317 erit,
428 2282 464 2309 et
490 2277 525 2308 in
553 2288 612 2309 sua
639 2278 842 2319 parsimonia

139 2329 244 2360 <olem
270 2334 304 2359 et
333 2327 444 2359 vafer:
478 2332 514 2359 et
540 2329 595 2359 vix
622 2329 749 2370 aliquid
776 2330 841 2361 sibi

138 2379 329 2417 indulgebit
357 2378 391 2410 in
419 2377 514 2410 festis
552 2379 732 2419 duntaxat,
760 2390 792 2412 v.
810 2390 840 2421 g.

136 2429 319 2468 natalibus,
350 2429 472 2470 quibus
510 2429 609 2469 genio
647 2429 739 2460 litari
768 2440 840 2461 mos

138 2483 224 2519 erat,
238 2485 274 2510 et
289 2479 398 2520 epulis
413 2489 552 2519 operam
569 2478 661 2510 dare.

183 2524 364 2570 Natalibus]
406 2529 472 2560 Vel
489 2529 593 2568 urbis,
616 2530 669 2560 vel
687 2529 840 2571 Impera-

142 2583 264 2619 torum,
280 2580 322 2610 de
337 2579 458 2620 quibus
473 2579 575 2610 Ovid.
592 2579 625 2610 in
644 2580 765 2612 Fastis.

182 2631 224 2660 20
252 2630 369 2669 Tingnt
384 2631 450 2660 olus
461 2629 575 2660 siccum
591 2630 706 2670 muria]
742 2630 841 2662 Levi-

142 2683 194 2713 ter
222 2678 351 2713 imbuat
380 2681 472 2712 olera
501 2685 538 2712 et
574 2679 696 2713 herbas
727 2680 840 2725 aliquo

899 1012 1129 1044 condimento.

941 1063 1051 1094 Murio
1066 1059 1163 1100 emta]
1186 1058 1400 1090 salsamento
1416 1053 1506 1096 quod
1525 1057 1605 1084 tunc

898 1115 993 1153 emit,
1004 1123 1081 1152 nec,
1093 1116 1131 1143 ut
1147 1110 1330 1148 alii,habet
1344 1108 1378 1137 in
1392 1115 1500 1147 penu:
1527 1104 1606 1145 quia

898 1165 1036 1196 delicias
1052 1163 1125 1193 illas
1139 1166 1174 1192 et
1190 1159 1351 1201 cupedias
1365 1166 1440 1187 raro
1456 1155 1605 1186 adhibet.

898 1216 1021 1247 Fiebat
1049 1214 1157 1245 inuria
1181 1222 1199 1243 e
1224 1211 1429 1251 thynnorum
1453 1207 1545 1244 tabe,
1571 1209 1606 1235 et

898 1274 1088 1306 pauperum
1119 1267 1193 1294 erat
1227 1265 1263 1291 et
1295 1267 1473 1290 avarorum
1521 1256 1603 1286 dun-

898 1321 1005 1348 taxat.
1051 1314 1100 1345 At
1125 1322 1242 1355 garum
1267 1321 1284 1342 e
1308 1309 1466 1340 scombro
1483 1306 1607 1337 delica-

898 1373 1010 1400 torum
1035 1371 1107 1398 erat
1133 1376 1172 1396 ac
1194 1364 1351 1395 divitum.
1397 1359 1485 1391 Vide
1515 1357 1606 1389 Plin.

898 1427 1005 1449 xxxi.
1022 1421 1052 1448 8.
1088 1417 1176 1447 Hinc
1192 1415 1297 1446 Mart.
1314 1412 1414 1453 Epig.
1429 1419 1511 1441 xxii.
1531 1411 1605 1439 103.

898 1469 941 1499 de
970 1468 1105 1499 Muria:
1131 1463 1381 1505 ‘Antipolitani
1396 1461 1505 1493 fateor
1531 1469 1605 1491 sum

896 1517 963 1548 filia
993 1517 1127 1558 thynni:
1153 1517 1271 1546 Essem
1299 1514 1327 1544 si
1353 1511 1509 1548 scombri,
1536 1519 1604 1540 non

897 1568 961 1598 tibi
979 1568 1080 1598 missa
1095 1565 1226 1597 forem.'

944 1618 1041 1657 Vafer
1058 1618 1092 1649 z'n
1105 1616 1215 1656 calice]
1272 1615 1384 1646 Etiam
1401 1611 1542 1644 callidus
1560 1609 1605 1642 ad

897 1669 1032 1709 genium
1059 1672 1141 1699 tune
1167 1664 1453 1703 defraudandum,
1475 1662 1604 1703 quippe

895 1728 960 1750 non
986 1719 1050 1749 nisi
1078 1718 1111 1748 in
1140 1717 1279 1749 vasculo
1307 1714 1451 1746 muriam
1478 1711 1605 1743 coemit

898 1776 933 1802 et
949 1775 1138 1811 comparat,
1163 1769 1253 1800 unde
1279 1773 1314 1798 et
1340 1767 1487 1798 intincta
1510 1764 1605 1795 olera

898 1822 990 1852 sicca
1027 1824 1204 1851 remanent
1243 1819 1363 1849 saltem
1403 1820 1503 1857 parte
1552 1812 1604 1844 sui

898 1871 1053 1901 maxima.

941 1923 981 1952 21
1008 1920 1079 1959 Ipse
1090 1929 1213 1950 sucrum
1228 1918 1377 1954 irrorans,
1393 1915 1463 1956 850]
1509 1913 1603 1946 Cibis

896 1979 1082 2011 aspergens
1100 1969 1268 2000 modicum
1287 1968 1396 2008 piper,
1418 1966 1473 1997 cui
1489 1964 1605 2005 parcit

895 2022 1000 2053 etiam
1035 2021 1128 2052 velut
1153 2020 1201 2050 rei
1231 2028 1351 2050 sacrae.
1412 2017 1493 2057 Ipse
1519 2024 1603 2047 vero

896 2071 1060 2112 aspergit,
1085 2081 1128 2101 ne
1155 2079 1272 2102 servus
1287 2072 1347 2100 aut
1369 2076 1496 2108 coquus
1514 2066 1604 2106 plus-

896 2123 1008 2153 culum
1038 2121 1226 2162 impendat.
1285 2120 1371 2151 Hor.
1408 2120 1477 2149 Sat.
1508 2127 1534 2148 1.
1571 2119 1602 2148 1.

894 2173 902 2189 ‘
918 2173 1096 2213 Congestis
1122 2171 1270 2213 undique
1295 2169 1402 2201 saccis
1430 2166 1601 2198 Indormis

895 2225 1040 2265 inhians,
1069 2230 1104 2255 et
1132 2229 1291 2265 tanquam
1322 2230 1466 2263 parcere
1497 2218 1602 2250 sacris

897 2275 1060 2315 Cogeris.'
1106 2275 1151 2305 Et
1176 2275 1248 2304 Sat.
1276 2281 1316 2304 11.
1342 2275 1374 2303 3.
1398 2272 1406 2288 ‘
1423 2270 1490 2303 Qui
1508 2279 1601 2301 num-

896 2334 979 2364 mos,
1002 2333 1189 2365 aurumque
1205 2322 1374 2362 recondit,
1398 2321 1534 2352 nescius
1550 2319 1603 2351 uti

897 2373 1115 2414 Compositis,
1143 2378 1367 2414 metuensque
1398 2372 1493 2403 velut
1523 2379 1601 2402 con-

895 2423 1028 2464 tingere
1044 2422 1200 2455 sacrum!

939 2475 1004 2506 Hic
1024 2474 1101 2506 bona
1124 2476 1226 2515 dente,
1241 2473 1312 2514 ἔξω]
1358 2472 1459 2504 Alter
1482 2474 1599 2501 autem

895 2526 1105 2565 geminorum
1137 2525 1299 2566 prodigus
1328 2532 1410 2563 opes
1438 2518 1600 2558 abligurit

894 2579 929 2607 et
945 2576 1113 2617 dilapidat
1128 2576 1160 2606 iu
1178 2574 1343 2606 conviviis
1359 2577 1394 2603 et
1409 2572 1501 2610 luxu,
1517 2571 1584 2599 &c.

935 2629 978 2658 22
1000 2625 1238 2667 Magnanimus]
1261 2623 1386 2665 ,Valde
1403 2630 1438 2651 se
1455 2627 1597 2660 genero-

894 2687 967 2710 sum
983 2678 1078 2710 velut
1101 2679 1290 2715 ostentam,
1316 2673 1394 2704 dum
1419 2670 1598 2713 profundit
