1888 3032
716 162 899 193 SATlRA
934 163 987 192 11.

1536 150 1591 189 <31

127 256 197 298 An
219 259 324 311 quia
342 271 429 299 non
451 257 572 299 fibris
592 258 738 299 ovium
760 257 1047 312 Ergennaque
1061 257 1241 312 jubente

126 324 270 365 Triste
284 324 408 378 jaces
431 325 543 366 lucis
563 325 899 378 evitandumque
920 324 1129 374 bidental,

126 389 302 432 Idcirco
321 392 526 433 stolidam
548 394 717 446 -praebct
737 393 814 432 tibi
837 393 996 433 vellere
1016 393 1200 433 barbam

124 457 326 511 Jupiter?
361 464 434 500 aut
455 460 665 513 quidnam
681 463 762 509 est,
779 471 870 512 qua
889 463 935 500 tu
955 459 1154 499 mercede
1177 459 1371 499 Deorum

125 524 293 566 Emeris
315 527 567 568 auriculas?
600 526 806 579 pulmone
828 529 870 566 et
889 526 1076 566 lactibus
1096 526 1271 566 unctis?

1536 525 1593 566 30

122 705 212 735 quam
235 699 282 734 tu,
305 698 335 726 et
357 695 437 726 oedes
454 696 541 726 tuae?
579 695 624 726 Et
639 695 782 735 quoniam.
805 704 864 726 non
884 697 1062 734 prostratus
1084 703 1115 725 es
1138 694 1170 724 in
1192 694 1298 735 sylvis,
1321 697 1461 725 moestum
1484 697 1514 725 et
1534 703 1594 725 non

122 739 312 776 tangemlum
326 738 474 775 bidental,
503 738 692 778 expiandum
708 737 792 768 extis
806 737 1006 776 ovicularum,
1020 741 1050 768 et
1068 738 1217 776 Ergenna
1229 737 1439 777 proecz'piente,
1463 746 1503 767 an
1526 737 1593 766 ideo

122 781 251 820 Jupiter
269 779 397 818 fatuum
413 780 539 811 barbam
559 780 698 821 porrigit
721 780 780 811 tibi
803 778 1028 811 vellicandum?
1073 780 1125 810 An
1150 789 1230 810 vero
1257 782 1302 810 est
1329 779 1461 819 aliquid,
1477 789 1534 819 quo
1559 782 1593 809 tu

118 823 220 862 pretio
234 826 386 854 mercatus
397 823 440 853 sis
454 833 544 854 aures
559 820 728 854 Deorum?
766 821 821 854 An
834 823 990 864 pulmone,
1008 825 1037 853 et
1048 822 1217 863 pinguibus
1229 820 1413 854 intestinis?
1443 821 1593 852 Aliunde

789 961 930 995 NOTAE

165 1057 207 1085 26
230 1054 281 1087 An
296 1055 368 1095 quia
384 1055 560 1097 nonfibris,
575 1055 645 1096 ἐγὼ]
668 1054 723 1086 An
737 1055 828 1097 quod

122 1115 189 1136 non
213 1115 249 1137 es
276 1104 414 1137 fulmine
432 1106 534 1146 ictus,
559 1106 708 1137 necdum
726 1107 827 1147 jaces

122 1155 155 1185 in
186 1156 300 1196 sylvis,
323 1166 388 1187 non
415 1157 664 1197 contingendus
682 1156 756 1187 sine
779 1157 828 1196 pi-

121 1206 232 1244 aculo,
248 1211 435 1247 expectans
463 1208 674 1246 sepulturam
699 1206 827 1237 ibidem

121 1264 162 1285 ex
180 1256 340 1288 mandato
359 1257 527 1297 Ergennae
549 1257 748 1297 haruspicis,
769 1257 826 1298 qui

122 1303 315 1336 bidentibus
331 1306 427 1337 caesis
445 1307 558 1337 locum
581 1306 756 1346 expiabit3
784 1316 826 1337 an

120 1359 301 1395 propterea
320 1357 410 1397 quod
429 1358 602 1398 liucusque
618 1357 678 1388 tibi
704 1366 827 1397 peper-

121 1405 168 1435 cit
179 1406 331 1446 Jupiter,
347 1407 477 1438 idcirco
504 1412 605 1447 putas
627 1417 695 1437 non
717 1412 827 1438 metu-

121 1454 242 1486 endam
266 1457 410 1496 amplius
435 1457 507 1497 ejus
536 1457 734 1496 vindictam,
759 1457 826 1488 imo

120 1504 225 1535 licere
243 1505 304 1535 tibi
321 1506 457 1546 impune
475 1506 555 1539 Jovi
572 1506 735 1547 deinceps
753 1506 826 1537 illu·

120 1554 224 1585 dere?

163 1605 283 1647 Fibrz's]
305 1607 414 1639 Extis.
432 1607 502 1639 Sat.
516 1617 540 1639 ῐ.

163 1658 369 1698 Ergennaque
372 1658 516 1699 jubente]
534 1660 698 1699 Ergennas
707 1660 822 1690 Etrus-

118 1717 177 1739 cus
190 1708 555 1749 haruspex,fulminum
570 1715 771 1750 procurator
785 1714 822 1741 et

118 1757 292 1798 expiator;
316 1759 411 1799 cujus
436 1769 478 1790 ex
509 1764 686 1800 praecepto
711 1760 823 1791 omnia

117 1806 256 1839 fiebant.
302 1809 390 1839 Vide
410 1810 567 1842 Juvenal.
584 1811 654 1842 Sat.
672 1818 756 1841 xm.
775 1820 823 1842 vs.

120 1860 175 1888 62.
199 1857 330 1888 Annot.

160 1911 202 1938 27
226 1908 477 1948 Enitandumque
493 1909 644 1949 bidental]
660 1910 824 1949 Bidental,

119 1958 215 1989 locus
241 1962 294 1990 est
318 1957 460 1989 fulmine
489 1959 589 1991 ictus.
649 1960 782 1990 Nomen
804 1970 824 1990 a

119 2008 316 2040 bidentibus
343 2009 476 2047 ovibus,
511 2009 552 2039 de
595 2009 718 2050 quibus
750 2009 825 2040 vide

119 2060 210 2091 Geli.
228 2068 304 2090 xw.
319 2062 351 2090 6.
394 2060 478 2091 Cum
492 2060 580 2089 enim
597 2058 726 2090 fulmen
739 2059 826 2090 ceci-

118 2109 229 2147 derat,
244 2109 386 2140 aderant
411 2110 501 2140 illico
518 2108 689 2149 fulgurum
707 2119 826 2149 procu-

119 2163 259 2196 ratores,
296 2158 405 2189 locum
441 2159 596 2189 claustris
635 2159 826 2199 sepiebant,

119 2217 246 2248 araque
269 2212 460 2246 exstructa,
487 2212 522 2238 et
554 2208 650 2238 caesis
682 2208 825 2239 oviculis

117 2257 387 2288 consecrabant:
432 2257 520 2288 unde
559 2258 692 2288 calcare
732 2258 825 2288 illum

118 2306 222 2339 nefas.
284 2307 394 2338 Porro
432 2307 571 2338 bidental
603 2308 740 2347 ponitur
764 2317 825 2348 pro

116 2357 250 2388 homine
281 2357 457 2395 fulgin-ito,
479 2358 566 2388 sicut
587 2367 706 2388 carcer
733 2358 824 2397 apud

117 2407 286 2437 Lucilium
304 2417 364 2447 pru
390 2407 522 2437 homine
538 2417 679 2438 carcerc
709 2407 823 2447 digno.

120 2456 380 2488 Observandum
412 2466 455 2487 ex
482 2458 558 2498 lege
585 2457 720 2496 Nnmae,
757 2467 823 2488 non

117 2508 220 2538 licere
241 2508 336 2548 justa
353 2508 547 2548 persolvere
572 2508 697 2538 homiui
715 2507 824 2538 fulmi-

118 2563 219 2595 nato;
245 2557 443 2598 ibidemque
459 2557 595 2598 sepeliri
611 2562 748 2589 cautum
771 2556 823 2587 fu-

118 2608 183 2637 isse
215 2617 278 2638 uon
307 2614 516 2647 crematum3
551 2617 615 2638 nec
647 2607 696 2638 fas
718 2607 823 2638 fuisse

120 2667 195 2688 eum
233 2658 265 2688 in
304 2669 413 2698 genua
442 2659 577 2698 tollere,
616 2663 651 2689 et
677 2657 821 2689 efferre:

122 2706 211 2738 uude
230 2706 315 2738 bene
334 2708 470 2739 Persius
487 2713 564 2749 post
593 2708 776 2740 Horatium
793 2707 825 2738 in

886 1054 988 1094 Arte,
1005 1054 1116 1092 dixit3
1134 1053 1225 1084 triste
1241 1052 1381 1091 etjaces.
1398 1048 1593 1092 Aliquando

883 1106 986 1137 etiam
1000 1105 1090 1136 intra
1105 1108 1254 1144 septum,
1277 1112 1378 1143 super
1395 1107 1521 1133 terram
1538 1110 1592 1132 re-

883 1155 1125 1196 linquebantur
1160 1153 1216 1194 qui
1256 1151 1429 1183 fulminati
1471 1156 1592 1188 erant;

882 1205 1198 1244 amicicbanturque
1213 1207 1309 1233 veste
1323 1201 1482 1239 eandida,
1496 1201 1592 1231 velut

883 1264 903 1286 a
927 1255 1014 1287 Jove
1038 1253 1206 1292 honorati,
1234 1257 1271 1283 ut
1298 1252 1421 1282 mortui
1449 1250 1499 1281 illi
1525 1260 1592 1281 non

884 1308 1120 1345 putrescentes
1138 1303 1338 1343 spectaculo
1355 1300 1481 1332 forent.
1510 1301 1591 1331 Fes-

883 1360 947 1394 tus,
962 1355 1114 1392 Servius,
1130 1352 1368 1384 Artemidorus
1384 1361 1425 1382 11.
1443 1354 1473 1382 8.
1503 1350 1593 1381 Vide

883 1409 919 1436 et
936 1405 1025 1435 Plin.
1047 1413 1086 1434 ιι.
1102 1407 1155 1435 54.
1203 1403 1379 1433 Plutarch.
1405 1402 1438 1432 in
1458 1402 1592 1434 Qua-st.

884 1455 1060 1486 Convival.
1079 1464 1128 1485 iv.
1145 1457 1177 1485 2.

923 1508 965 1535 28
982 1505 1135 1535 Stolidam
1150 1503 1359 1544 praebet‚23·c.]
1375 1503 1480 1534 Velut
1493 1502 1589 1533 fatuo

880 1559 916 1586 et
933 1554 1069 1585 stolido.
1100 1554 1186 1584 Nam
1200 1553 1338 1584 barbam
1352 1553 1513 1583 vellicare
1530 1553 1591 1583 ali-

880 1605 934 1635 cui
953 1614 1055 1645 grave
1072 1604 1268 1635 ludibrium.
1292 1605 1364 1635 Sat.
1382 1613 1406 1634 1.
1440 1604 1485 1634 Et
1503 1602 1590 1634 Hoc.

875 1656 948 1686 Sat.
962 1665 985 1685 1.
997 1658 1027 1687 3.
1050 1656 1058 1672 ‘
1071 1655 1213 1686 Vellunt
1226 1655 1288 1685 tibi
1304 1654 1443 1685 barbam
1455 1653 1590 1684 Lascivi

877 1706 996 1747 pueri!

925 1757 1043 1788 Vellere
1061 1755 1202 1796 barbam]
1229 1754 1361 1786 Allusio
1389 1754 1432 1786 ad
1459 1753 1590 1786 factum

881 1808 1038 1847 Dionysii
1050 1806 1254 1848 Syracusani
1267 1806 1323 1846 qui
1340 1804 1503 1845 Epidauri
1514 1804 1590 1835 bar-

880 1857 958 1888 bam
976 1857 1170 1897 AEscnlapio
1187 1865 1322 1886 auream
1345 1855 1485 1894 ademit,
1508 1853 1592 1884 ludi-

880 1907 988 1937 brium
1002 1907 1215 1944 addens,n0n
1230 1905 1354 1935 decere
1367 1909 1499 1944 patrem
1513 1914 1589 1935 esse

881 1956 1080 1994 imberbem,
1104 1965 1227 1995 nempe
1255 1954 1461 1995 Apollinem,
1483 1953 1589 1984 filium

881 2016 962 2037 vero
986 2007 1119 2037 scilicet
1139 2004 1385 2045 AEsculapium‚
1407 2003 1589 2035 barbatum

881 2066 968 2088 esse.

923 2111 965 2138 29
981 2107 1047 2138 Aut
1060 2107 1205 2146 quidnam
1217 2109 1275 2143 est,
1287 2105 1356 2145 Sc]
1380 2105 1420 2136 Id
1438 2108 1509 2136 est:
1530 2110 1589 2135 aut

880 2167 997 2188 verum
1024 2161 1077 2187 est
1098 2156 1188 2197 quod
1210 2156 1299 2194 dico,
1315 2159 1373 2186 aut
1390 2154 1518 2195 aliquid
1535 2160 1589 2185 est

881 2219 947 2249 quo
967 2213 1002 2238 tu
1020 2207 1174 2238 addictos
1191 2206 1252 2237 tibi
1270 2207 1364 2236 Deos
1381 2204 1538 2244 spondes.

924 2261 965 2288 30
990 2258 1113 2288 Emeris
1126 2255 1297 2295 auriculas]
1321 2256 1450 2285 Pronas
1476 2258 1512 2285 et
1540 2253 1590 2284 fa-

881 2309 962 2339 ciles
978 2308 1020 2338 ad
1036 2308 1222 2343 arbitrium,
1239 2305 1396 2337 mercede
1421 2309 1537 2345 pacta,
1552 2309 1588 2335 et

882 2360 974 2390 velut
990 2368 1032 2388 ex
1049 2362 1218 2389 convento
1234 2357 1296 2388 tilii
1311 2356 1492 2388 addixeris

921 2408 1089 2448 Pulmone]
1124 2409 1336 2448 Metonymia
1363 2416 1425 2447 pro
1452 2405 1589 2447 quibus-

877 2460 961 2490 libet
981 2460 1135 2499 partibus
1152 2458 1323 2489 intestinis
1341 2456 1552 2497 lautioribus.

920 2508 1086 2548 Luctibus]
1108 2509 1220 2539 Lactes
1237 2509 1395 2539 dicuntur
1412 2512 1525 2547 partes
1538 2506 1586 2535 in-

878 2559 1015 2590 testiuae
1032 2558 1242 2598 graciliores,
1255 2557 1351 2598 quasi
1367 2557 1457 2587 lacte
1470 2554 1585 2585 caudi-

878 2608 990 2639 diores
1006 2613 1043 2638 et
1057 2608 1235 2638 molliores,

925 2659 1050 2699 Unctae]
1077 2659 1117 2689 ld
1132 2662 1196 2696 est,
1219 2657 1319 2688 lautis
1337 2660 1372 2686 et
1388 2654 1582 2695 pinguibus.

880 2709 1004 2740 Horat.
1029 2711 1038 2725 ⁴
1059 2709 1106 2739 Ut
1128 2708 1220 2738 canis
1238 2717 1257 2738 a
1272 2706 1364 2738 corio
1381 2714 1447 2736 non
1472 2709 1585 2736 exter-
