1888 3032
271 169 328 212 52

776 179 822 207 A.
856 176 1021 207 PERSII
1057 176 1233 207 FLACCI

270 273 379 314 Sese
401 274 590 327 aliquem
611 270 805 321 credens,
829 270 942 312 Italo
963 271 1081 325 quod
1100 271 1264 313 honore
1284 273 1470 326 supinus

274 339 470 393 Fregerit
490 338 688 379 heminas
710 336 834 378 Areti
855 337 997 379 aedilis
1018 338 1213 392 iniquas3

1654 339 1738 380 130

266 407 366 448 Nec
389 408 464 461 qui
487 407 628 447 abaco
650 418 870 456 numeros,
892 412 936 447 et
956 410 1077 447 secto
1097 407 1143 447 in
1164 408 1346 460 pulvere
1368 410 1522 458 metas,

264 545 370 581 cocles,
395 542 527 581 seipsum
557 543 718 574 oestimuns
733 543 887 584 aliquem;
907 545 981 584 quia
998 545 1199 576 AEdilitatem
1223 555 1335 585 gerens
1361 545 1479 585 Aretii,
1502 544 1677 586 superbiens
1699 545 1736 575 ob

266 587 496 625 Magis-tratum
522 585 556 616 in
580 586 689 625 Italia,
715 589 835 627 ruperit
862 588 1009 618 dimidios
1025 589 1180 619 sextarios
1202 599 1263 619 non
1282 589 1380 627 justoe
1403 589 1639 628 magnitudinis.
1686 588 1737 618 Ne

265 629 357 660 etiam
373 629 466 669 legat
482 638 548 669 me,
574 630 626 669 qui
652 632 773 660 astutus
799 631 886 661 norit
909 631 1050 661 deridere
1074 634 1163 662 nolas
1178 632 1349 663 numerales
1365 631 1666 662 Arithmeticorum
1683 640 1735 660 su-

882 731 995 742 aeaeaeaeaeae

1001 731 1114 742 oooooo

264 812 326 844 pro
342 803 608 834 sordidus.-12o
632 800 730 844 Seque
748 804 891 834 (js—131
919 804 1011 835 Secta
1024 805 1150 844 puli-ere
1174 805 1214 835 C.

923 895 1065 927 NOTAE

262 959 417 991 nonnulli
441 959 559 990 Roman
587 959 810 1000 affectabant,
835 964 873 991 ut
896 959 974 991 inde

263 1009 469 1051 praeferrent
484 1010 634 1041 militare
652 1010 775 1041 robur:
806 1011 895 1053 quod
914 1011 974 1042 ite-

263 1069 335 1090 rum
351 1060 490 1091 Persius
508 1066 623 1091 noster
638 1061 775 1092 damnat
791 1062 895 1093 Satir.
912 1071 971 1093 111.

262 1110 320 1142 ubi
348 1115 450 1142 vocat
472 1120 526 1141 eos
550 1111 712 1142 hirtosam
730 1117 867 1152 gentem
885 1113 973 1143 Cen-

263 1162 442 1193 turionum.
501 1162 577 1202 Vel,
604 1163 631 1194 si
665 1164 784 1200 mavis,
818 1162 971 1203 intellige

262 1212 372 1252 plebis
387 1212 625 1252 ignorantiam,
639 1222 739 1253 quam
751 1213 805 1244 hic
819 1217 970 1254 opponat

261 1261 547 1302 Philosophorum
582 1261 748 1293 doctrinae
787 1267 823 1294 et
860 1262 971 1294 erudi-

263 1312 360 1353 tioni,
391 1322 466 1353 quae
495 1312 663 1353 imperitis
692 1312 838 1344 ludibrio
866 1313 969 1344 habe-

263 1366 330 1394 tur.

307 1414 351 1444 Et
368 1414 447 1444 lusco
464 1414 517 1454 qui
530 1414 641 1455 poscit,
655 1414 724 1454 esa]
770 1413 891 1455 Apage
908 1415 969 1445 eti-

263 1474 314 1495 am
332 1464 556 1496 cachinnones
573 1465 646 1495 illos
663 1464 791 1505 fatuos,
806 1466 862 1507 qui
876 1470 971 1496 natu-

261 1514 345 1545 ralia
374 1514 458 1545 vitia
489 1515 717 1555 exprobrant,
748 1525 824 1556 qua-3
855 1520 968 1547 tamen

261 1565 385 1596 nemini
402 1565 530 1605 probro
555 1575 628 1596 esse
652 1566 792 1597 debent.
840 1567 969 1597 Luscus

260 1626 364 1657 porro
395 1616 566 1657 significat
601 1627 677 1647 eum
709 1617 765 1647 cui
798 1616 970 1648 imbecilla

261 1672 313 1698 est
336 1668 511 1698 oculorum
540 1667 651 1698 acies:
679 1668 817 1707 ponitur
844 1672 880 1698 et
906 1677 968 1707 pro

261 1718 400 1756 coclite,
431 1728 470 1748 eo
510 1728 633 1757 nempe
672 1718 728 1758 qui
767 1719 876 1749 altero
915 1722 968 1748 est

259 1768 358 1799 oculo
375 1772 509 1811 captus.
553 1767 623 1798 Alii
639 1769 769 1808 legunt,
783 1768 891 1807 possit.

304 1821 366 1849 120
389 1819 464 1850 Sese
489 1819 622 1858 aliquem
652 1819 793 1858 credens]
838 1818 965 1862 Aliquo

259 1873 366 1900 semet
382 1869 509 1900 honore
525 1869 661 1909 dignum
681 1869 866 1900 aestimans.
905 1870 965 1900 Le-

258 1924 343 1960 gunt
371 1921 441 1960 alii,
467 1930 531 1951 sese
559 1921 677 1960 aliquid
704 1921 847 1950 credens.-
873 1919 963 1960 quod

257 1971 400 2012 perinde
416 1972 555 2011 elegans
570 1976 634 2010 est,
650 1975 685 2001 et
702 1970 792 2001 idem
810 1974 920 2001 sonat.

301 2022 383 2052 Italo
399 2022 621 2062 qumlhvnore]
668 2023 718 2052 Eo
747 2021 838 2062 quod
869 2020 965 2053 func-

258 2076 312 2103 tus
340 2071 444 2102 fuerit
471 2073 585 2113 aliquo
603 2073 809 2112 Magistratu
834 2072 963 2109 infimo,

256 2122 414 2153 nimirum
433 2122 594 2161 AEdilatu‚
623 2123 655 2152 in
683 2121 829 2162 quodam
848 2131 865 2152 e
891 2132 962 2152 inu-

255 2172 391 2212 nicipiis
410 2172 531 2203 Italiae.

297 2222 448 2262 Supinas]
507 2221 676 2261 Superbia
707 2222 815 2252 elatus
845 2226 882 2252 et
911 2221 961 2251 sui

254 2270 365 2303 factus
396 2273 571 2303 immemor
598 2272 642 2302 ob
666 2273 826 2302 bononem
852 2271 960 2302 illuni.

255 2321 392 2361 Supinas
409 2323 546 2361 proprie
572 2323 598 2352 is
622 2322 758 2361 dir-itur,
784 2323 845 2363 qui
861 2322 962 2353 dorso

256 2372 456 2402 incumbens
500 2374 623 2402 coelum
662 2373 797 2412 aspicit.
860 2373 961 2403 Unde

254 2422 405 2452 nonnulli
431 2422 715 2461 interpretantur,
732 2425 853 2461 otiose,
881 2424 961 2453 mol-

253 2472 345 2510 liter,
374 2476 408 2502 et
434 2472 580 2503 delicate
607 2473 742 2504 vivens:
769 2475 828 2505 sed
853 2474 959 2504 minus

257 2522 397 2553 arridet.

298 2575 359 2603 130
385 2572 531 2611 Fregerit
548 2572 699 2612 heminas]
725 2572 851 2602 AEdiles
868 2582 958 2602 men·

253 2622 338 2653 suris
353 2627 535 2663 praeerant,
547 2629 581 2652 et
595 2622 727 2662 iniquas
740 2622 958 2663 frangebant.

253 2672 347 2703 Tull.
362 2681 403 2704 11.
419 2672 462 2702 de
480 2672 638 2713 Legibus.
653 2673 814 2705 Juvenal.
830 2673 903 2704 Sat.
922 2682 956 2705 x.

255 2726 329 2755 102.
351 2722 500 2755 Turneb.
517 2731 621 2755 xxrx.
637 2725 691 2754 20.

1076 959 1244 1000 Heminas]
1300 959 1438 991 Hemina
1475 963 1529 991 est
1566 967 1732 992 mensura}

1029 1021 1134 1050 genus
1166 1011 1341 1042 dimidium
1374 1011 1514 1042 sextarii
1544 1011 1734 1043 continens.

1028 1061 1176 1092 Ponitur
1205 1061 1258 1092 hic
1289 1072 1351 1102 pro
1383 1062 1538 1103 qualibet
1562 1071 1734 1093 mensura.

1026 1110 1118 1141 Plin.
1157 1111 1179 1142 1.
1210 1120 1288 1143 xxr.
1322 1122 1396 1153 cap.
1430 1113 1558 1154 ultimo,
1588 1113 1732 1144 hemina·⁴

1026 1161 1235 1192 mentionem
1251 1161 1345 1193 facit.

1067 1211 1175 1250 Arati]
1207 1213 1363 1249 Aretium,
1382 1222 1472 1243 nunc
1485 1213 1615 1254 Arezw,
1633 1213 1733 1244 Etru-

1024 1262 1081 1292 riae
1096 1262 1262 1302 oppidum
1281 1263 1367 1294 vasis
1381 1263 1545 1294 fictilibus
1562 1263 1733 1304 quondam

1025 1312 1174 1343 celebre.
1234 1313 1385 1344 Martial.
1426 1314 1526 1354 Epig.
1566 1322 1642 1344 xlv.
1677 1317 1731 1345 98.

1024 1362 1033 1379 ‘
1047 1362 1191 1393 Aretina
1219 1363 1317 1394 nimis
1342 1374 1383 1394 ne
1408 1374 1548 1404 spernas
1568 1374 1648 1395 vasa
1665 1374 1734 1395 ino-

1024 1423 1156 1452 nemuS,
1182 1415 1310 1445 Lautus
1338 1420 1414 1445 erat
1439 1415 1557 1445 Tuscis
1580 1415 1732 1445 Porsena

1024 1465 1209 1497 fictilibus!
1253 1466 1341 1496 Sunt
1372 1466 1429 1507 qui
1456 1467 1584 1506 legant,
1611 1466 1734 1507 Erotis,

1025 1517 1115 1557 quod
1133 1516 1295 1557 oppidum
1313 1521 1365 1548 est
1379 1516 1592 1548 Sabinorum.

1068 1570 1127 1598 131
1154 1568 1221 1598 Nec
1249 1567 1301 1607 qui
1327 1567 1433 1607 abaco]
1480 1569 1555 1599 Nec
1583 1567 1730 1608 denique

1024 1627 1100 1647 eum
1118 1617 1193 1648 volo
1213 1617 1386 1656 lectorem,
1407 1617 1464 1657 qui
1491 1617 1611 1648 doctas
1637 1621 1729 1648 artes

1024 1672 1238 1708 aspernatur,
1252 1677 1282 1699 v.
1300 1678 1332 1708 g.
1350 1667 1542 1707 descriptos
1565 1668 1599 1698 in
1622 1668 1729 1699 abaco

1023 1727 1179 1748 numeros
1220 1718 1261 1748 ab
1300 1717 1558 1749 Arithmencis:
1602 1718 1728 1758 figuras

1023 1768 1300 1806 Mathematicus,
1323 1772 1358 1798 et
1376 1768 1458 1798 alias
1477 1768 1635 1799 liberales
1652 1778 1728 1799 eru-

1023 1819 1177 1860 ditasque
1193 1819 1402 1859 disciplinas.
1433 1817 1521 1848 Vide
1537 1818 1622 1849 Coel.
1638 1818 1727 1849 Rho-

1020 1869 1088 1910 dig.
1105 1879 1169 1900 vir.
1188 1872 1239 1899 30.

1065 1921 1110 1950 Et
1130 1923 1212 1951 secto
1236 1920 1267 1950 in
1280 1920 1408 1959 pulvere
1424 1919 1535 1959 metas]
1593 1919 1727 1951 Mathe-

1020 1970 1136 2001 matici
1154 1971 1329 2010 pulverem
1348 1970 1436 1999 hurni
1453 1969 1674 2010 spargebant,
1691 1974 1727 2001 et

1020 2021 1054 2051 in
1084 2031 1123 2052 eo
1155 2021 1296 2061 pulvere
1326 2019 1451 2060 figuras
1484 2019 1724 2051 describebant

1020 2072 1128 2102 radio.
1175 2071 1215 2101 In
1243 2081 1283 2101 ea
1314 2071 1541 2110 occupatione
1571 2071 1721 2101 intentus

1019 2121 1244 2153 Archimedes
1270 2121 1379 2161 captis
1404 2120 1581 2161 Syracusis
1599 2121 1722 2152 misere

1018 2172 1150 2203 occisus
1182 2176 1235 2202 est
1267 2182 1285 2202 a
1313 2172 1468 2201 Romano
1491 2171 1608 2202 milite.
1654 2171 1722 2202 Tit.

1017 2221 1089 2252 Liv.
1108 2222 1129 2251 l.
1149 2230 1236 2253 xxv.
1283 2222 1488 2252 Plutarchus
1514 2220 1622 2252 refert
1639 2221 1723 2252 Dio-

1016 2271 1102 2311 nysii
1133 2271 1274 2310 Regiani
1307 2271 1578 2310 pulverulentam
1606 2269 1722 2309 fuisse,

1017 2322 1059 2352 ob
1077 2331 1192 2351 eorum
1210 2321 1474 2359 multitudinem,
1500 2320 1557 2361 qui
1574 2320 1719 2352 Geome-

1018 2372 1122 2402 tricas
1141 2372 1174 2402 in
1192 2373 1331 2412 pulvere
1347 2371 1471 2412 figuras
1487 2371 1719 2403 deliueabant.

1060 2422 1180 2461 Metus]
1237 2422 1371 2458 Lineas,
1395 2431 1473 2462 quae
1504 2426 1583 2452 sunt
1612 2423 1720 2453 veluti

1016 2475 1116 2501 metae
1147 2475 1182 2501 et
1212 2471 1306 2509 fines,
1346 2471 1464 2512 quibus
1503 2473 1717 2512 componitur

959 2532 962 2536 ’
1015 2521 1181 2561 quaelibet
1198 2521 1316 2560 figura,
1333 2532 1371 2552 ac
1387 2522 1599 2552 terminatur.
1627 2523 1716 2553 Exa-

1014 2575 1131 2600 rantur
1154 2575 1267 2600 autern
1286 2570 1353 2601 illae
1371 2570 1485 2611 figurae
1502 2581 1541 2601 ac
1559 2571 1656 2602 lineae
1682 2572 1714 2602 iu

1012 2620 1165 2659 pulvere,
1181 2624 1219 2651 ut
1244 2620 1270 2650 si
1297 2621 1375 2661 quid
1404 2625 1535 2653 rectum
1563 2631 1631 2653 nou
1648 2626 1713 2664 est,

1011 2670 1112 2703 facile
1126 2671 1327 2711 corrigatur.
