1888 3032
298 127 353 170 16
823 134 881 165 nn
916 132 1077 164 pransu
1112 131 1244 172 vrrs,

354 231 417 274 Ut
446 232 607 285 ubique
639 234 772 271 artem
803 227 968 269 redolet
1002 227 1184 277 Noster,
1219 229 1284 269 sic
1317 229 1448 270 ctiam
1481 229 1524 270 in
1562 241 1761 270 versuum

295 300 586 343 concinnitate
606 307 968 348 numerorumque
989 296 1199 347 gravitate
1220 300 1264 336 et
1284 309 1451 338 canore.
1487 295 1576 346 Qui
1594 308 1764 345 versus,

297 371 352 410 ab
376 367 623 410 Horatiana
643 364 820 404 levitate
848 366 890 404 et
922 362 1189 416 negligentia
1218 362 1469 416 longissime
1488 364 1657 413 remoti,
1677 375 1765 404 non

297 442 385 478 tam
405 437 460 476 ob
480 434 524 474 id
546 431 868 486 praestantiores
884 430 1166 471 existimandi
1184 433 1297 480 sunt,
1316 443 1447 484 quam
1464 432 1618 481 colori,
1637 443 1765 485 quem

295 504 477 544 Persius
511 499 657 541 satiris
693 498 788 539 suis
819 498 1008 547 induxit,
1040 498 1248 551 aptiores.
1321 497 1423 539 Non
1455 502 1586 540 vacat
1617 498 1765 540 varias

296 572 520 612 doctorum
541 567 733 608 virorum
755 579 887 620 super
913 565 1025 606 hanc
1056 578 1149 606 rem
1180 566 1410 618 opiniones
1429 565 1644 618 colligere,
1663 577 1765 620 quae

295 638 463 691 passim
484 636 673 689 longius,
697 648 829 689 quam
856 647 883 674 a
902 634 1099 674 doctrina
1118 638 1162 674 et
1183 634 1397 687 elegantia
1416 633 1587 674 illorum
1605 646 1767 687 expec-

294 706 375 748 tari
394 706 623 760 potuisset,
645 717 673 744 a
691 716 796 744 vero
816 703 1044 743 aberrasse
1065 701 1280 742 videntur.
1341 700 1447 742 Hoc
1463 700 1568 742 mihi
1590 701 1766 755 quidem

296 773 586 815 certissimum
617 770 788 812 videtur
823 782 935 819 esse,
974 768 1158 809 virtutes
1197 768 1440 809 hexametri
1478 770 1534 810 ab
1574 769 1765 810 Horatio

294 842 450 882 melius
471 846 513 881 et
533 839 786 881 accuratius
806 850 904 878 esse
923 838 1196 890 perspectas,
1218 847 1352 889 quam
1384 848 1497 876 nunc
1518 836 1575 876 ab
1602 836 1765 878 acutis·

294 909 418 950 simis
440 909 602 949 criticis
622 907 796 961 possint
815 905 995 958 intelligi
1012 917 1022 955 ;
1042 903 1314 956 eundemque
1334 915 1419 944 non
1439 908 1530 944 tam
1551 904 1766 944 inexerci-

294 981 432 1018 tatum
459 977 503 1016 in
539 976 595 1016 iis
631 973 871 1015 condendis
902 972 1053 1021 fuisse,
1091 983 1223 1024 quam
1253 983 1367 1012 nunc
1400 983 1458 1011 ex
1487 970 1764 1024 negligentia,

295 1057 397 1097 quae
419 1048 562 1084 tamen
584 1042 741 1096 procul
760 1041 893 1082 dubio
914 1040 1105 1094 quaesita
1130 1043 1209 1089 est,
1231 1039 1430 1092 colligere
1450 1051 1498 1080 se
1516 1051 1649 1092 posse
1670 1039 1767 1092 qui,-

296 1112 396 1152 dam
425 1111 707 1163 opinantur.¹⁷

354 1178 445 1230 Qui
469 1178 643 1221 Graecis
664 1176 803 1218 literis
824 1175 1018 1217 imbutus
1037 1178 1318 1218 monumenta
1338 1173 1767 1228 Romanorumpoea

293 1251 431 1288 tarum
450 1245 744 1300 perlustravit,
778 1257 877 1285 eum
910 1257 994 1285 non
1020 1244 1142 1297 fugit,
1177 1243 1588 1298 praestantissimam
1607 1243 1767 1295 ingenii

294 1318 475 1369 partem,
499 1327 601 1367 quae
617 1314 805 1354 cernitur
826 1313 870 1352 in
890 1313 1164 1362 inveniendo,
1183 1312 1382 1353 omnibus
1401 1323 1545 1365 paene,
1565 1324 1621 1351 ex
1638 1315 1766 1364 parte

293 1383 461 1432 saltem,
496 1381 701 1430 defuisse,
741 1394 904 1434 eosque
935 1393 1021 1420 non
1058 1384 1147 1420 tam
1188 1380 1434 1421 inventores
1472 1391 1617 1418 rerum
1667 1391 1766 1420 esse

294 1450 534 1499 vocandos,
576 1463 708 1503 quam
748 1449 986 1490 imitatores
1033 1447 1292 1489 Graecorum
1329 1450 1373 1487 et
1413 1447 1469 1486 ab
1503 1447 1658 1488 eorum*
1687 1460 1765 1488 ex-

293 1518 448 1571 emplis
497 1516 749 1570 pendentes.
845 1515 925 1556 Est
976 1516 1089 1555 enim
1148 1516 1195 1555 in
1245 1515 1509 1568 populorum
1558 1514 1764 1556 aetatibus

295 1589 338 1626 et
375 1585 606 1637 singularis
644 1583 834 1624 hominis
867 1581 961 1623 vita
993 1587 1035 1623 et
1066 1583 1330 1623 institutione
1364 1581 1572 1636 quaedam
1604 1582 1763 1623 simili-

293 1651 412 1693 tudo.
473 1650 682 1691 Omnium
708 1651 862 1690 mentis
892 1649 1149 1690 facultatum
1181 1650 1393 1690 memoria
1424 1653 1468 1690 et
1495 1649 1763 1703 imaginandi

293 1720 363 1760 vis
412 1720 554 1772 prima
604 1732 651 1758 se
701 1719 854 1767 exerit,
905 1717 1299 1771 perfectionemque
1351 1718 1545 1770 aliquam
1596 1718 1763 1771 attingit

291 1790 337 1828 ct
370 1786 664 1827 maturitatem
699 1798 798 1825 cum
829 1786 872 1826 in
905 1786 1054 1838 pueris
1090 1798 1165 1825 seu
1202 1784 1574 1834 adolescentibus,
1595 1789 1688 1824 tum
1719 1785 1762 1825 iu

294 1853 469 1907 populis
489 1852 670 1892 rudibus
710 1851 988 1905 nondumque
1019 1852 1221 1892 excultis.
1282 1851 1333 1892 Iu
1365 1852 1448 1892 hac
1486 1855 1630 1900 aetate,
1653 1852 1762 1893 mul-

294 1921 350 1961 tis
403 1919 534 1959 simul
591 1919 690 1959 aliis
747 1919 879 1959 rebus
935 1920 981 1959 in
1044 1919 1125 1959 hoc
1188 1919 1558 1973 conspirantibus,
1609 1919 1760 1973 poetae

295 1988 432 2030 solent
465 1988 585 2028 nasci
616 2000 642 2027 a
672 1992 827 2028 natura
858 1987 955 2027 sola
993 1987 1110 2028 docti
1153 1993 1281 2041 atque
1315 1987 1511 2027 instituti.
1589 1986 1641 2029 In
1672 1978 1763 2041 qua

295 2057 423 2095 aetate
463 2068 562 2095 cum
611 2055 804 2108 populus
855 2054 1082 2095 Romanus
1116 2059 1244 2103 esset,
1291 2054 1508 2105 ingenium
1544 2053 1685 2094 minus
1719 2054 1761 2094 ei

294 2121 487 2162 defuisse
518 2121 605 2161 dici
637 2125 794 2174 potest,
829 2135 960 2174 quam
981 2122 1116 2161 otium
1143 2134 1368 2174 rerumque
1391 2120 1445 2160 ad
1468 2121 1604 2160 vitam
1635 2122 1763 2162 susti-

293 2187 476 2228 nendam
507 2186 728 2227 affluentia
776 2188 982 2240 quaedam
1019 2193 1061 2228 et
1089 2193 1234 2228 certus
1267 2188 1510 2227 animorum
1532 2188 1761 2229 sermonis*

297 2268 382 2308 que
405 2257 563 2298 cultus.
616 2256 909 2310 Praeterlapso
940 2256 1013 2297 illo
1035 2261 1227 2309 tempore
1257 2269 1345 2296 non
1377 2255 1608 2296 Musarum
1637 2254 1761 2295 sedes

964 2399 1103 2430 NOTAE

341 2491 381 2520 17
396 2488 507 2520 Recte
522 2489 762 2530 Mau-gemtem
776 2489 836 2520 l.c.
854 2500 930 2530 pag.
945 2492 1000 2520 30.
1056 2490 1202 2521 maxime
1219 2500 1301 2530 opus
1327 2495 1399 2521 erat
1421 2490 1593 2521 concinnis
1612 2490 1762 2521 versibus

296 2548 393 2580 seqq.
422 2539 484 2569 hac
512 2538 555 2569 de
584 2548 619 2569 re
645 2538 806 2578 judicat3
833 2545 867 2570 at
903 2540 1001 2579 paulo
1058 2547 1093 2572 et
1117 2551 1261 2577 canorffl,
1278 2551 1314 2570 ne
1329 2541 1411 2571 omni
1440 2541 1522 2579 dote,
1544 2549 1617 2580 quae
1635 2544 1762 2580 praeter

296 2588 446 2619 severius
463 2599 494 2629 p.
513 2591 564 2619 47.
583 2589 615 2618 in
633 2589 722 2619 notis
746 2589 856 2619 addit:
892 2591 900 2606 ‘
923 2591 1001 2620 Per·
1058 2597 1211 2621 sanctum
1229 2596 1347 2631 pectus
1377 2590 1486 2630 poetae
1516 2594 1631 2630 posset
1654 2590 1761 2620 lectm

295 2638 345 2669 sio
359 2640 493 2680 quidem
510 2640 542 2670 in
563 2640 652 2670 tristi
678 2639 734 2669 illo
761 2640 954 2679 supercilio,
968 2641 1001 2670 iu
1059 2650 1129 2671 rem
1159 2646 1290 2681 tenere,
1313 2645 1472 2672 carerent
1502 2640 1659 2680 poemata
1686 2648 1761 2671 aus·

298 2689 459 2731 singulari
496 2690 555 2722 illa
591 2690 752 2722 orationis
779 2689 1004 2731 obscuritate,
1059 2691 1158 2722 tera.'
