1888 3032
781 148 829 180 A.
861 147 1041 179 pensu.
1548 137 1634 180 295

227 264 311 296 nus,
332 248 452 294 Galli,
473 255 656 298 notasque
678 249 870 287 breviores
900 249 948 286 ad
975 249 1165 299 juvenum
1186 246 1312 287 studia
1328 246 1498 298 aptiores
1517 247 1635 298 scrip·

227 321 358 352 serunt
390 314 468 351 Th.
508 313 732 358 Farnabius,
772 312 885 356 1612,
925 319 963 350 et
999 312 1062 351 Jo.
1102 313 1229 359 Bond,
1273 311 1407 352 1614.‘
1422 324 1511 363 quae
1543 312 1634 350 dein

228 378 437 428 saepissinie
458 388 603 416 recusae
623 374 727 416 sunt.

179 443 282 481 1586
314 444 430 480 Paris.
457 450 491 481 8.
516 443 666 480 Persius
686 455 721 480 c.
742 454 838 479 vers.
863 441 1015 479 Gallica
1037 441 1088 478 G.
1112 441 1301 479 Durandi.

180 512 280 551 1587
315 507 492 544 Francof.
517 513 552 545 8.
576 506 727 543 Persius
747 519 836 544 cuin
858 505 1040 555 paraphr.
1061 506 1152 544 Nic.
1176 505 1391 543 Frischlini.

180 576 278 616 1595
311 571 472 608 Amstel.
497 576 533 607 8.
557 570 707 607 Persius
730 582 818 607 cum
842 568 1070 618 paraphrasi
1099 575 1138 606 et
1167 569 1267 606 notis
1287 569 1461 606 Eilhardi
1485 569 1635 607 Lubini.

230 641 421 672 memorat
454 633 614 671 Crenius
648 634 690 671 P.
729 643 800 671 111.
839 632 1107 670 Animadvers.
1138 645 1177 682 p.
1214 631 1275 670 16.
1311 639 1349 669 et
1381 633 1503 671 Catal.
1534 621 1636 671 Bibl.

187 729 190 732 Δ
230 698 345 735 Zech.
364 711 403 748 p.
425 697 489 736 61.
510 711 548 736 n.
570 698 664 743 996.
685 697 787 735 Bibl.
808 697 1000 734 Hasaeana
1020 698 1147 734 Brem.
1171 709 1211 747 p.
1235 702 1327 742 592.
1349 710 1386 734 n.
1412 697 1500 735 146.

181 762 281 808 1596
312 763 487 800 Francof.
526 770 561 800 8.
595 762 804 800 Nicodemi
838 761 1054 806 Frisehhni,
1077 774 1166 799 cum
1200 763 1236 799 in
1268 761 1319 806 Q.
1349 761 1500 799 Horatii
1533 761 1637 812 Epp.

228 826 347 864 libros
364 827 484 864 duos:
517 834 596 863 turn
631 827 669 863 in
702 829 749 863 A.
771 825 889 863 Persii
921 825 977 863 Fl.
1006 825 1197 863 Volaterr.
1227 825 1383 875 Satyras
1404 837 1637 874 sex—para-

229 890 403 940 phrases.
439 890 616 928 Francos.
650 889 700 927 ad
738 891 913 927 Moenum
951 889 1052 939 typis
1096 889 1186 927 Joh.
1237 888 1397 938 Spiessii
1436 898 1635 926 Mnxcvr.

231 956 412 992 Servatur
431 955 468 991 in
492 955 590 993 Bibl.
607 954 732 992 Acad.
755 954 938 992 Heidelb.
960 952 1199 1003 significante
1220 951 1330 989 nobis
1347 953 1439 990 clar.
1459 953 1658 1002 Biitting->

233 1018 385 1056 hausen.

182 1088 282 1128 1599
312 1083 569 1127 Salmanticae,
592 1089 625 1122 8.
647 1083 810 1128 Persius,
843 1095 930 1120 cum
965 1080 1141 1132 ecphrasi
1170 1092 1200 1120 s.
1221 1080 1403 1131 paraphr.
1425 1086 1464 1118 et
1483 1079 1639 1118 scholiis

232 1148 368 1185 Franc.
390 1148 549 1193 Sanctii‚
570 1147 782 1185 Broeensis.

182 1209 282 1248 1600
312 1210 433 1247 Paris.
457 1217 491 1249 8.
516 1211 666 1248 Persius
695 1223 783 1247 cuni
806 1210 958 1248 Comm.
979 1208 1134 1246 Theod.
1159 1207 1342 1254 Marcilii,
1363 1217 1642 1246 commemora-

233 1280 294 1311 tur
315 1274 491 1324 Lipenio.

182 1337 279 1376 1601
313 1338 432 1376 Paris.
469 1344 507 1375 4.
541 1337 660 1375 Persii
692 1339 841 1389 Satyrae
874 1350 961 1375 cum
995 1336 1147 1375 Comm.
1172 1335 1327 1373 Theod.
1362 1334 1543 1380 Marcilii,
1576 1334 1638 1372 Jo.

231 1403 449 1453 Tornupaei
466 1417 474 1445 ;
505 1403 551 1440 L.
573 1404 620 1439 A.
642 1404 806 1440 Cornuti
826 1403 864 1439 in
883 1400 1049 1438 eundem
1069 1401 1221 1438 Comm.
1241 1414 1289 1438 ex
1309 1399 1411 1438 Bibl.
1431 1400 1494 1437 Jo.
1516 1400 1642 1437 Rous-

232 1467 318 1511 sati‚
341 1468 399 1504 El.
421 1467 549 1504 Vineti
569 1466 747 1503 Santonis
773 1466 811 1502 in
843 1464 1008 1502 eundem
1033 1470 1151 1502 notae.
1171 1466 1269 1502 Ace.
1292 1465 1336 1502 P.
1357 1463 1498 1501 Pithoei
1526 1463 1641 1502 variae

231 1531 337 1568 lectt.
362 1537 401 1568 et
419 1537 521 1568 notae
558 1530 606 1567 ad
646 1536 791 1568 veteres
823 1528 1135 1580 glossas.—-Lut.
1167 1528 1286 1566 Paris.
1319 1528 1421 1578 apud
1458 1528 1519 1566 Cl.
1554 1525 1643 1565 Mo-

233 1595 380 1633 rellurn.

183 1658 281 1698 1605
312 1658 431 1696 Paris.
452 1657 672 1696 Casauboni
695 1669 725 1695 1.
749 1663 785 1696 8.
804 1657 924 1695 Persii
944 1657 1164 1707 Satyrarum
1184 1655 1294 1693 liber.
1318 1656 1476 1693 isaacus
1497 1655 1644 1692 Casan-

232 1723 357 1760 bonus
383 1722 577 1760 recensuit
609 1728 649 1759 et
685 1720 957 1759 commentario
996 1720 1096 1757 libro
1133 1718 1353 1757 illustravit.
1385 1718 1550 1756 Parisiis.
1583 1717 1636 1756 H.

231 1787 415 1824 Drouart.

182 1850 283 1895 1607
314 1850 469 1888 Hanov.
492 1854 527 1886 8.
549 1847 695 1885 Persius
713 1861 748 1885 c.
770 1860 808 1885 n.
827 1854 866 1885 et
885 1846 1067 1898 paraphr.
1083 1836 1186 1884 Eilh.
1208 1846 1359 1884 Lubini.

185 1915 286 1955 1612
318 1914 442 1953 Lond.
467 1918 502 1951 8.
525 1913 676 1951 Persius
695 1926 731 1952 c.
755 1926 794 1950 n.
811 1913 914 1950 Tho.
935 1911 1125 1950 Farnabii.

185 1978 285 2018 1613
317 1978 432 2015 Paris.
455 1984 493 2015 4..
515 1977 633 2014 Persii
653 1978 814 2027 Satyrae,
837 1989 926 2013 cum
954 1974 1235 2025 antiquissimis
1257 1973 1555 2018 commentariis,
1577 1972 1644 2023 qui

234 2043 407 2081 Cornuto
428 2041 663 2086 tribuuntur,
684 2040 834 2079 collatis
855 2053 944 2078 cum
965 2040 1160 2077 veteribus
1181 2038 1412 2076 membranis
1431 2043 1471 2075 et
1489 2037 1614 2075 auctis
1631 2050 1641 2079 ;

235 2106 328 2143 Eliae
352 2105 477 2143 Vineti
496 2104 722 2154 praefatione
743 2112 781 2142 et
802 2103 1128 2148 annotationibus,
1148 2103 1338 2140 Johannis
1360 2101 1568 2139 Britannici
1589 2101 1646 2137 in·

237 2169 528 2219 terpretatione‚
562 2170 656 2206 Phil.
680 2169 860 2206 Beroaldi
893 2169 1063 2205 oratione
1093 2167 1225 2204 habita
1245 2167 1283 2203 in
1302 2167 1538 2204 enarratione
1558 2164 1646 2202 Per-

238 2233 296 2278 sii,
319 2233 457 2283 Angeli
479 2233 652 2270 Politiani
680 2232 928 2283 praelectione
961 2232 999 2269 in
1025 2231 1213 2275 eundem3
1244 2231 1346 2268 Petri
1375 2229 1513 2267 Pithoei
1534 2228 1644 2266 variis

238 2296 470 2334 lectionibus
502 2303 540 2333 et
574 2297 697 2339 notis;
727 2296 925 2333 Theodori
946 2294 1114 2332 Marcilii
1132 2294 1465 2332 emendationibus
1486 2301 1522 2332 et
1542 2306 1647 2330 com·

239 2360 434 2397 mentario.
467 2361 643 2405 Lutetiae,
673 2373 736 2410 ap.
764 2360 855 2397 Joh.
878 2359 999 2398 Orris.
1029 2360 1077 2396 V.
1100 2358 1224 2398 Catal.
1248 2359 1349 2398 Bibl.
1372 2359 1520 2396 Bunav.
1540 2357 1590 2395 T.
1613 2367 1644 2394 1.

239 2425 316 2461 vol.
342 2435 371 2461 1.
392 2437 430 2473 p.
453 2429 545 2461 345.

183 2509 239 2517 --
254 2487 374 2525 Paris.
400 2494 461 2526 12.
485 2487 634 2524 Persius
654 2501 701 2525 ex
721 2487 788 2525 off.
808 2488 911 2526 Rob.
934 2488 1133 2540 Stephani.

185 2571 238 2582 —-
255 2551 393 2589 Colon.
415 2551 575 2602 Agripp.

191 2611 293 2651 1614-
321 2615 446 2651 Lond.
471 2620 509 2653 8.
535 2615 682 2653 Persius
703 2630 792 2654 cum
813 2618 914 2655 notis
935 2617 1155 2668 posthumis
1171 2617 1233 2654 Jo.
1255 2613 1381 2652 Bond.

192 2675 291 2715 1615
323 2677 442 2714 Paris.
464 2680 686 2718 Casauboni
719 2691 770 2720 11.
802 2687 840 2720 8.
870 2682 989 2720 Persii
1009 2683 1225 2731 satyrarum
1248 2677 1372 2715 Liber.
1393 2676 1550 2713 Isaacus
1569 2674 1645 2713 Ca·-
