1888 3032
243 131 326 172 154

750 141 793 170 A.
827 139 987 169 PERSH
1024 140 1196 171 FLACCI

242 239 256 257 ‘
281 236 418 287 Euge,
441 249 562 289 puer,
585 234 760 287 sapias:
794 233 879 274 Dis
898 233 1214 287 depellentibus
1236 245 1387 286 agnam

243 303 457 344 Pcrculc?

529 301 616 340 Sed
639 300 835 350 cense’n',
856 301 1062 354 plorabit,
1086 301 1228 350 Davo,
1249 301 1430 341 relicta?

240 374 251 391 ‘
278 370 322 411 N
326 371 496 421 ugni-is:
531 369 652 408 solea
674 382 783 421 puer
804 368 1089 422 objurgabere
1112 369 1258 417 rubra,

239 476 363 509 tincta?
405 478 508 508 Macte
523 478 635 517 «mimo,
652 487 769 517 opiter,
786 478 907 518 sapiens
923 481 998 515 esto,
1023 481 1055 507 et
1074 487 1185 516 agnam
1200 480 1300 507 macla
1318 475 1505 507 Numinibus
1518 477 1705 508 averruncis.

240 523 297 558 At,
325 531 343 551 o
368 521 469 557 Dure,
491 523 622 560 putasne
648 521 736 560 quod
763 520 901 560 Chrysi<
941 530 959 550 a
989 530 1041 550 me
1068 522 1188 550 desert«
1216 517 1461 559 lacrymabitur?
1504 519 1611 557 Nugas
1622 519 1704 557 agis.

242 565 357 602 Certe,
375 572 393 593 ο
411 573 503 603 puer,
515 563 718 602 castigaberis
729 564 866 594 sumlulio
882 563 984 599 rubeo,
1001 573 1038 593 ne
1055 563 1215 603 deinceps
1232 563 1374 593 vacillare
1387 563 1543 602 mq›1'‹1s,et
1558 565 1707 601 ang-ustos

905 648 1048 679 NOTAE

235 734 318 764 ‹lum
349 734 508 775 Propert.
546 735 643 775 Eleg.
663 744 687 766 1.
712 738 742 766 1.
779 735 945 774 ‘Semper

239 789 273 814 et
287 785 416 814 exclusi
433 785 653 825 signajacere
671 784 787 816 faces!

284 834 400 873 Canto]
425 835 597 875 Insignem
610 839 645 865 et
659 835 848 875 elegantem
860 833 945 874 ejus-

237 884 327 915 modi
345 885 550 915 cantilenam
569 885 708 925 scripsit
734 885 854 916 Horat.
877 884 944 915 Od.

239 944 293 966 111.
327 939 377 966 10.
408 935 462 965 11111
489 936 537 965 sie
554 940 618 975 est,
643 937 650 951 ‘
669 937 866 966 Extremum
883 935 944 965 Ta-

237 985 326 1016 naim
356 986 382 1015 si
416 985 550 1017 biberes
581 986 685 1025 Lyce,
711 987 806 1016 Saevo
837 991 945 1025 nupta

237 1037 323 1076 viro,
351 1047 405 1068 me
434 1042 547 1067 tamen
577 1047 713 1077 asperas
742 1037 944 1067 Porrectum

236 1093 316 1118 ante
344 1087 432 1118 fores
459 1088 606 1127 objicere
634 1086 753 1117 incolis
786 1087 944 1117 Plorares

238 1136 474 1178 Aquilonibus.
521 1136 627 1167 Audis
653 1146 718 1177 11110
742 1136 945 1176 strepituja-

235 1187 324 1227 nua,'
340 1190 403 1218 διε.
436 1188 481 1217 Et
498 1187 532 1217 in
551 1186 626 1217 fine.
654 1187 662 1202 ‘
684 1187 761 1217 Non
778 1187 842 1217 hoc
861 1196 945 1217 sem-

235 1247 298 1277 per
311 1237 376 1268 erit
391 1237 526 1275 liminis,
537 1242 594 1268 aut
611 1246 705 1277 aquae
720 1236 874 1267 Coelestis
889 1246 944 1276 pa-

237 1287 326 1317 tiens
342 1287 453 1318 111105]
469 1287 571 1318 Ον111.
587 1288 680 1317 Fast.
696 1290 727 1317 5.
740 1287 748 1302 ‘
764 1286 886 1317 Ebrius
901 1285 944 1316 ad

238 1337 360 1368 durum
393 1336 551 1368 formosae
579 1337 680 1366 limen
707 1336 825 1367 amicae
860 1337 946 1367 Can·

237 1387 308 1417 tat!
341 1387 418 1418 Hoc
449 1387 590 1418 Plautus
618 1386 713 1426 dicit,
743 1388 944 1417 ‘occentare

236 1437 384 1468 ostium!
410 1438 706 1469 Mercat.scen.4.
739 1438 835 1468 Pers.
851 1447 943 1468 scen.

238 1491 290 1519 15.

282 1542 341 1570 167
369 1540 470 1579 Euge,
484 1540 576 1579 puer]
608 1539 811 1570 Gratulatur
827 1540 943 1570 Davus

238 1588 472 1620 Chaerestrato
489 1590 654 1619 saniorem
670 1594 829 1627 mentem,
845 1598 944 1628 quam

238 1643 399 1670 testatur.
423 1639 548 1679 Sumus,
580 1649 684 1679 perge
707 1639 740 1668 in
768 1643 835 1669 tam
855 1639 943 1668 bono

237 1690 391 1728 consilio,
418 1699 566 1720 errorem
596 1689 778 1730 aliquando
805 1689 943 1720 tandem

237 1750 439 1780 agnoscens.

285 1791 347 1821 Dis
358 1790 592 1831 depellentibus]
611 1790 684 1820 Diis
697 1791 833 1820 insania‘
849 1801 943 1821 aver-

238 1843 363 1879 runcis,
393 1847 428 1872 et
446 1841 574 1872 fatuum
594 1851 742 1871 amorem
759 1842 944 1871 amoventi-

239 1892 316 1922 bus:
341 1891 429 1922 forte
449 1892 580 1922 Castori
595 1896 630 1921 et
644 1891 788 1930 Polluci,
814 1891 870 1932 qui
890 1902 944 1922 va-

238 1943 308 1973 lere
341 1942 519 1982 plurimum
546 1943 774 1973 credebantur
791 1943 831 1972 ad
849 1952 944 1972 aver-

239 1993 343 2024 tenda
357 1994 443 2024 mala
457 2004 463 2023 z
496 2004 608 2032 agnam
621 1997 761 2033 percule,
779 1993 944 2032 sacrifica,

238 2048 307 2074 tam
325 2053 386 2083 pro
412 2044 594 2083 gratiarum
622 2045 768 2083 actione,
791 2054 889 2084 quam
906 2049 944 2075 ut

237 2092 345 2124 faxint
363 2102 396 2124 te
414 2100 566 2133 perstare
586 2094 618 2123 in
647 2094 804 2124 laudabili
824 2104 944 2133 propo-

237 2143 313 2174 sito.
360 2145 481 2174 Horat.
514 2144 581 2174 011.
611 2153 651 2174 Ιῐ.
682 2147 731 2173 17.
770 2145 778 2160 ‘
798 2144 942 2174 hosim-

236 2193 350 2224 milem
367 2193 525 2223 feriemus
542 2195 684 2233 agnam!

282 2247 342 2274 168
366 2244 428 2274 Sed
444 2243 586 2282 cense'n',
609 2243 762 2284 plorabit]
795 2245 873 2276 Jam
890 2255 942 2275 va-

236 2294 500 2333 cillatjuvenilis
522 2295 667 2324 animus:
699 2300 839 2326 veretur
855 2296 944 2326 scili-

239 2347 295 2374 cet
326 2353 367 2373 ne
396 2344 507 2374 doleat
533 2345 670 2384 Chrysis
694 2345 720 2375 si
748 2355 821 2376 eam
843 2347 942 2377 relin-

238 2397 332 2433 quat,
344 2393 416 2431 jam
430 2394 558 2432 proprii
575 2395 698 2425 oblitus
716 2397 807 2427 mali.
822 2398 941 2428 Caecus

237 2445 354 2474 amor!

280 2493 436 2531 Plorabz't,
467 2493 568 2530 Dure,
596 2494 720 2532 relicta]
765 2496 852 2525 Sunt
880 2506 940 2534 pro

237 2544 338 2575 armis
362 2543 506 2580 mulieri,
529 2543 700 2573 meretrici
728 2553 809 2573 vero
838 2545 941 2584 1111111-

236 2595 314 2633 mis,
337 2595 510 2633 lacrymae.
555 2593 619 2623 His
645 2592 799 2623 libertati
830 2603 941 2624 aman-

237 2646 321 2676 tium
349 2644 566 2682 iusidiantur3
595 2644 646 2673 his
683 2643 822 2674 meliora
853 2646 942 2684 eogi-

237 2699 349 2727 tames
365 2699 574 2735 expugnant.
608 2694 707 2725 Unde
722 2694 860 2727 Terent.
875 2696 941 2727 Eu-

1000 733 1100 763 nueli.
1128 742 1218 763 scen.
1246 735 1275 762 l.
1315 731 1421 762 ‘Haec
1444 730 1549 761 verba
1576 730 1705 760 melier-

1000 783 1074 813 cule
1093 792 1157 812 una
1173 781 1259 812 falsa
1275 781 1472 818 lacrumula,
1498 781 1606 813 Quam
1628 789 1706 810 ocu-

1000 832 1048 863 los
1064 832 1205 863 terendo
1223 831 1345 862 misere
1366 831 1420 861 vix
1439 831 1470 860 vi
1487 830 1706 870 expresserit,

1001 883 1227 923 Restinguet:
1262 886 1297 912 et
1328 885 1362 912 te
1391 881 1479 912 ultro
1504 879 1704 917 accusabis;

1001 938 1035 963 et
1052 933 1082 963 ei
1095 932 1191 963 dabis
1210 933 1310 963 Ultro
1328 931 1554 972 supplicium!

1044 987 1105 1015 169
1131 984 1284 1024 Nugaris]
1318 983 1450 1014 Siccine
1466 983 1516 1013 vis
1533 982 1630 1013 finire
1648 981 1705 1012 do-

999 1035 1099 1073 lores,
1129 1035 1186 1075 qui
1216 1039 1284 1065 tam
1312 1044 1430 1074 parum
1456 1033 1518 1064 tibi
1536 1033 1702 1064 constas?

1000 1086 1109 1127 inquit
1133 1096 1248 1116 servus
1279 1085 1368 1125 frugi
1397 1085 1438 1115 ad
1455 1086 1571 1115 herum
1589 1093 1705 1115 amore

1000 1137 1241 1168 insanientem:
1275 1136 1430 1177 profecto
1453 1146 1559 1177 nugas
1583 1135 1654 1176 agis
1671 1135 1705 1166 in

1000 1198 1036 1218 re
1054 1188 1153 1219 seria.
1211 1187 1278 1218 vix
1307 1196 1437 1227 ungues
1468 1186 1565 1217 malae
1583 1185 1717 1216 bestiaer

1000 1239 1189 1269 meretricis
1221 1237 1364 1278 effugies
1379 1249 1386 1268 :
1418 1242 1453 1267 et
1478 1236 1609 1267 dolebit
1640 1235 1704 1266 tibi

1000 1290 1134 1330 gravius
1158 1299 1256 1329 quam
1287 1292 1377 1318 ante.
1425 1287 1524 1319 Quod
1552 1286 1577 1316 si
1595 1286 1651 1316 illa
1669 1290 1703 1315 te

1000 1341 1222 1379 intellexerit,
1250 1344 1364 1371 actum
1397 1343 1461 1378 est,
1489 1338 1616 1378 eludet,
1646 1347 1704 1378 pe—

1001 1391 1086 1421 risti.

1041 1440 1131 1470 Solea
1145 1440 1236 1479 puer]
1285 1439 1384 1473 Quod
1413 1439 1462 1470 bis
1485 1439 1559 1479 jam
1585 1439 1704 1469 Davus

999 1489 1041 1520 ad
1064 1490 1327 1521 Clm‘restratum
1345 1489 1514 1520 dominum
1530 1489 1590 1528 ait,
1616 1498 1706 1528 puer,

998 1552 1066 1572 non
1084 1552 1204 1573 vacare
1222 1542 1410 1582 putandum
1424 1546 1486 1572 est.
1506 1541 1596 1571 Hinc
1609 1540 1706 1570 nimi-

1000 1602 1072 1622 rum
1087 1602 1178 1622 suam
1205 1592 1235 1623 ei
1263 1592 1462 1623 servitutem
1480 1591 1604 1622 blande
1622 1590 1704 1631 obji-

1000 1643 1059 1681 cit,
1075 1653 1143 1682 qua
1158 1642 1290 1672 libidini
1304 1642 1420 1681 servit,
1439 1642 1596 1673 miserum
1613 1642 1703 1682 plns—

999 1702 1097 1733 quam
1132 1693 1250 1723 Davus
1273 1693 1346 1732 ipse
1374 1692 1592 1732 mancipium.
1648 1691 1703 1722 So-

999 1744 1053 1773 leae
1071 1743 1220 1783 (τι-01111111)
1247 1742 1444 1780 muliebres,
1469 1742 1590 1783 quibus
1613 1742 1704 1782 plan-

999 1798 1108 1823 tarum
1126 1794 1236 1823 calces
1250 1798 1378 1823 tantum
1390 1793 1513 1823 infimae
1528 1796 1703 1832 teguntur,

1000 1843 1124 1874 ceteris
1141 1853 1246 1882 prope
1271 1843 1381 1881 nudis,
1405 1848 1440 1874 et
1466 1842 1632 1873 teretibus
1648 1842 1702 1872 lia-

998 1894 1093 1924 benis
1109 1893 1243 1924 vinctis.
1283 1893 1347 1924 His
1368 1893 1470 1923 etiam
1489 1893 1538 1923 usi
1553 1892 1703 1923 homines

998 1944 1170 1974 mulierosi
1187 1954 1250 1974 non
1269 1944 1339 1974 sine
1355 1944 1537 1981 dedecore,
1547 1948 1584 1973 ut
1601 1948 1703 1974 testa-

1000 1999 1054 2024 tur
1071 1994 1160 2025 Gell.
1179 2003 1260 2024 xnr.
1279 1997 1331 2024 20.
1377 1993 1476 2024 Alexi.
1494 1993 1536 2023 ab
1552 1992 1649 2023 Alex,
1668 2003 1702 2024 v.

1000 2048 1052 2076 ls.
1091 2047 1175 2076 Tull.
1194 2050 1260 2075 aet.
1276 2048 1306 2075 7.
1338 2045 1369 2075 in
1392 2046 1535 2075 Verrem
1554 2054 1585 2075 n.
1599 2048 1651 2076 85.
1667 2049 1703 2076 et

998 2097 1031 2126 in
1061 2098 1097 2127 L.
1117 2097 1273 2127 Pisonem
1291 2106 1322 2126 n.
1346 2098 1398 2126 13.
1427 2096 1562 2135 utrique
1583 2104 1702 2135 expro-

998 2146 1074 2176 brat
1108 2146 1196 2186 quod
1228 2146 1404 2185 prodirent
1427 2146 1560 2176 solenti.-
1598 2150 1633 2176 et
1660 2146 1702 2176 de

998 2197 1132 2236 hai-usp.
1152 2205 1241 2235 resp.
1258 2205 1347 2226 nuni.
1363 2198 1416 2225 44.
1444 2195 1486 2225 P.
1505 2194 1623 2226 Clodio
1638 2205 1703 2226 cro·

997 2240 1121 2286 cotum,
1138 2247 1277 2285 mitram,
1303 2246 1465 2276 muliebres
1484 2246 1592 2284 soleas,
1617 2245 1703 2285 obji—

997 2298 1057 2328 eit.

1043 2347 1266 2387 Objurgabere]
1297 2347 1411 2377 Etiam
1443 2346 1580 2377 audebit
1604 2349 1701 2385 petu-

997 2400 1068 2429 lans
1084 2398 1243 2428 meretris
1258 2397 1439 2428 verberare
1455 2402 1499 2434 te,
1524 2397 1615 2426 solea
1631 2397 1702 2435 pul·

996 2460 1070 2479 sare
1088 2454 1197 2487 nates,
1212 2453 1249 2478 ut
1267 2452 1319 2478 est
1336 2448 1425 2487 apud
1447 2448 1604 2478 Juvenal.
1629 2448 1699 2478 Sat.

996 2508 1045 2528 vr.
1063 2509 1111 2528 VS.
1129 2501 1202 2528 611.
1227 2502 1328 2537 atque
1347 2502 1385 2526 ut
1400 2497 1503 2526 habet
1518 2496 1699 2528 Terentius

995 2547 1029 2577 in
1063 2547 1246 2577 Eunucho:
1287 2548 1295 2562 ‘
1317 2546 1394 2576 Tibi
1412 2546 1700 2585 commitigabitur

997 2596 1147 2627 sandalio
1162 2595 1286 2634 caput!
1330 2595 1364 2625 S.
1383 2595 1555 2635 Clirysost.
1570 2596 1698 2628 Homil.

998 2649 1049 2677 14.
1061 2645 1102 2676 ad
1119 2645 1278 2685 populum
1291 2643 1448 2675 Antiocli.
1463 2650 1496 2675 et
1511 2644 1590 2675 alibi
1606 2655 1699 2684 saepe

997 2700 1144 2735 enarrat,
1166 2705 1263 2736 quam
1279 2700 1313 2726 ct
1328 2699 1410 2737 quot
1427 2695 1574 2736 indignis
1589 2694 1698 2726 modis
