1888 3032
711 154 893 184 SATiRA
928 153 1002 184 111.

119 251 342 304 Turgidus
361 251 432 291 hic
454 251 613 303 epuliS‚
638 254 768 302 atque
790 249 891 289 albo
914 251 1073 297 ventre,
1090 246 1282 296 lavatur,

123 318 309 358 Gutture
331 318 544 358 sulfureas
563 318 674 358 lente
695 317 926 357 exhalante
946 314 1160 368 mephites
1177 328 1186 355 :

122 385 210 424 Sed
233 390 391 425 tremor
412 385 520 425 inter
540 385 640 425 vina
661 384 790 432 subit,
813 382 1091 435 calidumque
1114 381 1288 422 triental

118 515 253 546 sequere,
267 505 373 536 silebo.

1502 379 1585 421 100

422 505 480 535 Ille
496 505 600 542 igitur
615 503 693 534 cibis
707 501 932 541 ingurgitatus,
948 504 978 531 et
990 502 1124 540 pollente
1137 502 1205 531 alvo
1220 500 1360 531 balneum
1374 499 1581 539 subit,fauci-

119 548 174 579 bus
184 549 333 588 paulatim
348 542 557 578 emittentibus
565 546 809 585 graveolentiam
821 543 1002 582 sulfureum.
1047 545 1093 574 At
1110 544 1190 574 inter
1204 545 1312 583 pocula
1327 543 1494 583 trepidatio
1509 552 1584 574 eum

739 645 853 657 eeeeee

859 645 974 656 eeeeee

120 718 303 755 Antonius,
315 718 335 747 l.
353 727 407 748 ιιι.
434 718 689 749 casualem—9?
714 718 793 747 hunc
807 717 914 756 sepelit
930 716 995 746 Ms.
1017 715 1167 745 R.—1oo
1191 714 1348 751 trientem,
1366 713 1448 744 edit.
1463 713 1585 754 steph.

118 761 177 791 sed
194 761 303 791 secuti
320 770 430 791 sumus
445 761 627 792 lectionem
646 760 790 791 l’uteaui
807 759 941 790 Codicis
955 757 1105 794 trientul5
1129 767 1227 798 qnam
1242 758 1346 788 etiarn
1357 761 1477 787 vetera
1489 756 1583 787 scho-

783 890 926 923 NOTAE

160 978 202 1006 98
226 977 382 1016 Turgidus
396 978 446 1008 hic
461 977 571 1018 epulis]
605 978 726 1018 Itaque
744 986 821 1007 con-

119 1032 226 1058 temto
268 1029 369 1068 plane
408 1029 534 1060 Medici
577 1029 729 1066 consilio,
767 1028 822 1057 ille

119 1077 202 1108 cibis
229 1088 264 1108 se
293 1078 492 1119 ingurgitat,
519 1084 554 1110 et
580 1084 674 1109 satur
703 1079 822 1109 balnea

118 1126 244 1157 intrat:
270 1128 329 1158 sed
360 1138 435 1158 mox
464 1139 532 1159 suoe
551 1130 610 1160 dat
634 1138 750 1169 poenas
775 1128 824 1158 in-

119 1177 367 1216 temperantiae.
413 1179 570 1210 Juvenal.
587 1179 656 1210 Sat.
675 1187 699 1208 1.
723 1177 822 1208 ‘Poe-

118 1235 162 1256 na
192 1231 307 1258 tamen
333 1237 494 1269 praesens,
515 1239 591 1259 cum
618 1233 654 1259 tu
683 1228 823 1268 deponis

118 1277 275 1317 amictus,
298 1278 479 1319 angfflus,
505 1284 540 1310 et
557 1279 697 1310 crudum
724 1288 823 1318 pavo-

119 1327 247 1357 nemin
275 1327 393 1358 balnea
409 1333 536 1368 portas.
584 1328 672 1359 Hine
701 1328 823 1359 suhitae

119 1381 257 1413 mortes,
275 1381 378 1416 atque
394 1377 557 1409 intestata
574 1377 756 1409 senectus.’

162 1425 241 1456 Albo
252 1427 371 1466 ventre]
385 1427 536 1467 Corpore
552 1427 694 1468 pallido;
713 1427 823 1458 seuob

121 1477 340 1517 hydropisim,
362 1487 420 1508 seu
448 1479 491 1509 ob
526 1478 824 1519 intemperantiam

120 1534 155 1558 et
181 1528 384 1568 voluptates.
431 1529 561 1559 Seneca
589 1529 630 1559 de
657 1529 825 1559 brevitate

120 1577 212 1616 vitae,
229 1578 238 1593 ⁴
252 1587 353 1618 quam
370 1578 466 1608 multi
483 1578 652 1608 continuis
670 1579 825 1618 volupta-

120 1627 209 1658 tibus
238 1628 403 1667 pallent?
446 1629 531 1660 Hor.
555 1629 614 1660 lib.
651 1637 692 1659 11.
713 1634 776 1660 sat.
793 1632 823 1660 2.

118 1678 127 1695 ‘
148 1676 309 1717 Pinguem
326 1678 418 1708 vitiis
435 1678 640 1720 albumque.²

161 1727 314 1767 Lacutur]
337 1728 435 1760 Quod
464 1738 556 1769 aegro
586 1729 825 1769 periculosum,

118 1777 303 1824 hydropico
316 1787 397 1808 vero
409 1778 559 1809 noxium.
584 1779 721 1810 Cornel.
735 1780 825 1810 Cels.

118 1835 174 1858 111.
191 1830 244 1858 21.
268 1827 359 1858 Plin.
383 1837 408 1858 1.
433 1831 464 1858 8.
511 1828 558 1859 At
582 1830 611 1860 is
636 1829 695 1870 qui
724 1829 826 1860 etiam

121 1881 216 1908 satur
239 1878 343 1915 lavat,
361 1884 486 1918 quanto
510 1879 617 1919 majus
639 1879 826 1919 periculum

120 1927 232 1958 subit!
278 1926 515 1958 Artemidorus
537 1937 562 1958 1.
588 1931 640 1959 56.
659 1929 687 1958 οἱ
710 1927 768 1966 μὲν
791 1928 827 1959 οὔ

119 1976 267 2017 πρότερον
282 1977 432 2009 ἐσθίουσιν
448 1977 474 2009 εἰ
491 1978 534 2016 μὴ
550 1977 725 2017 λούσοιντο,
742 1979 771 2009 οἱ
793 1978 827 2010 δὲ

119 2028 170 2058 καὶ
186 2028 388 2068 ἐμφαγόντες.
435 2030 513 2061 Non
530 2029 655 2061 desunt
670 2031 725 2072 qui
738 2030 826 2061 arbi-

121 2085 266 2118 trentur,
284 2089 410 2119 aegrum
428 2080 520 2110 illum
546 2080 672 2118 lavare,
695 2082 826 2111 accele-

121 2128 235 2160 randae
252 2130 416 2160 coctionis
433 2139 546 2170 causa,
564 2135 600 2161 ut
622 2131 664 2161 ad
692 2130 827 2171 repotia

122 2180 252 2211 redeat.

162 2233 204 2260 99
228 2230 370 2260 Gutture
395 2229 548 2267 sulfureas
568 2231 646 2260 lente
662 2230 826 2261 exhalante

117 2279 279 2320 mephites]
310 2281 441 2310 Seneca
455 2280 565 2319 Epist.
583 2287 665 2310 xcv.
687 2281 696 2296 ‘
715 2280 825 2311 Quam

120 2324 200 2361 soedi
213 2336 317 2371 atque
331 2330 531 2370 pestilentes
548 2335 662 2360 ructus
675 2335 752 2359 sunt
770 2339 827 2360 ex-

118 2379 313 2410 halantibus
331 2379 502 2419 crapulam
524 2380 695 2409 veterem!
731 2379 825 2410 Scias

121 2434 318 2470 putrescere
334 2434 446 2459 sumta
457 2438 523 2459 non
540 2428 730 2470 concoqui.'

162 2480 274 2520 Lente]
298 2481 412 2521 AEgre,
428 2480 537 2521 longis
552 2484 587 2512 et
600 2481 701 2511 lentis
718 2481 823 2521 respi-

121 2530 320 2563 rationibus.

163 2581 326 2620 Sulsureos
338 2582 500 2622 mephites]
532 2582 697 2622 Mephitis,
707 2581 822 2613 Servio

121 2630 154 2660 ln
169 2631 349 2670 septimum
366 2631 538 2670 AEneidos‚
555 2636 609 2662 est
629 2631 704 2661 Dea
724 2629 823 2662 foeto-

121 2681 178 2711 ris.
225 2679 371 2723 Proprie
399 2686 451 2712 est
477 2685 580 2722 putor
608 2680 777 2713 sulfureus
803 2691 822 2712 e

878 974 960 1005 locis
979 972 1165 1010 summatis,
1178 972 1230 1003 vel
1247 981 1289 1002 ex
1306 970 1401 1012 aquis
1415 971 1587 1011 corruptis

878 1025 1081 1055 ascendens.
1130 1023 1199 1054 Hic
1224 1023 1364 1063 ponitur
1391 1032 1453 1062 pro
1481 1022 1587 1052 halitu

878 1077 959 1117 aegri
991 1076 1211 1117 graveolente
1237 1079 1274 1105 et
1301 1074 1395 1115 quasi
1427 1073 1588 1113 sulfureo,

879 1127 1104 1167 proveniente
1128 1135 1147 1156 e
1174 1123 1395 1163 cacocliymia
1412 1128 1446 1154 et
1464 1129 1586 1154 stoma-

880 1178 933 1208 chi
949 1177 1134 1208 cruditate.

923 1231 984 1258 100
1009 1228 1071 1258 Sed
1087 1230 1212 1264 tremor,
1229 1225 1297 1264 thu]
1333 1225 1402 1255 Aut
1419 1233 1461 1254 ex
1477 1223 1587 1255 febris

878 1279 1027 1315 horrore,
1045 1282 1104 1308 aut
1121 1286 1163 1307 ex
1181 1276 1374 1306 irritatione
1387 1275 1507 1313 morbi,
1520 1280 1588 1304 tre-

878 1338 969 1359 mor:
996 1337 1056 1358 seu
1080 1326 1170 1368 quod
1193 1326 1294 1356 nimio
1319 1325 1393 1356 cibo
1416 1324 1588 1355 laeduntur

879 1378 985 1409 nervi.
1023 1378 1145 1408 Senec.
1158 1376 1317 1408 Natural.
1337 1375 1396 1406 lib.
1413 1384 1447 1405 v.
1475 1374 1484 1391 ‘
1501 1375 1587 1407 Quae

880 1427 1152 1458 desiderantibus
1169 1427 1329 1457 alimenta
1353 1429 1463 1464 erant,
1483 1433 1589 1455 onera

881 1482 960 1507 sunt
982 1476 1103 1516 plenis.
1148 1476 1234 1506 Inde
1262 1476 1382 1515 pallor,
1406 1480 1442 1506 et
1468 1484 1588 1505 nervo·

881 1536 954 1557 rum
973 1527 1048 1557 vino
1074 1525 1281 1556 madentium
1307 1531 1454 1563 tremor3
1478 1530 1513 1556 et
1530 1524 1588 1554 mi·

882 1575 1059 1607 serabilior
1069 1585 1110 1605 ex
1127 1575 1312 1614 cruditate,
1325 1584 1425 1616 quam
1439 1584 1481 1605 ex
1498 1573 1588 1606 fame

882 1627 1017 1657 macies.
1062 1626 1149 1657 Inde
1173 1625 1297 1656 incerti
1321 1625 1507 1656 labantium
1533 1633 1589 1664 pe-

881 1677 953 1714 des,
971 1681 1006 1707 et
1022 1685 1158 1717 semper
1171 1675 1266 1717 quasi
1278 1675 1312 1706 in
1325 1674 1495 1705 ebrietate
1508 1674 1593 1705 titu-

883 1726 1001 1759 batio.'

926 1778 1014 1809 Inter
1030 1777 1117 1817 rina]
1140 1777 1281 1808 Scilicet
1304 1776 1337 1807 in
1360 1776 1441 1816 ipsis
1459 1776 1587 1807 balneis

882 1828 1006 1859 calices
1033 1827 1278 1858 exhauriebant
1301 1831 1453 1857 veterum
1475 1825 1590 1867 aliqui.

882 1878 1003 1909 Senec.
1021 1877 1132 1917 Epist.
1148 1885 1265 1908 cxxu.

923 1927 1078 1967 Triental]
1102 1927 1268 1958 Poculum
1296 1929 1349 1956 est
1373 1925 1509 1956 trientis
1533 1934 1587 1955 ca·

881 1988 958 2018 pax.
1003 1977 1072 2009 Alii
1096 1977 1224 2017 legunt,
1256 1976 1423 2007 Trientem.
1457 1976 1587 2016 Estque

881 2031 979 2061 triens
995 2030 1062 2060 vini
1078 2039 1236 2060 mensura
1257 2028 1433 2059 continens
1451 2027 1588 2058 tertiam

882 2082 1021 2113 sextarii
1052 2086 1197 2122 partem,
1227 2079 1296 2111 sive
1327 2083 1396 2110 tres
1426 2078 1587 2109 heminas.

882 2131 938 2162 Ita
955 2136 1088 2162 veteres
1106 2130 1249 2162 Glossae.

926 2181 1130 2221 calidumque
1139 2177 1284 2218 triental]
1312 2178 1457 2209 Potione
1473 2177 1587 2208 calida

883 2232 1031 2272 plenum.
1076 2231 1166 2262 Nam
1184 2230 1217 2260 in
1236 2229 1364 2260 balneis
1379 2229 1588 2268 Thermopo·

882 2281 962 2311 lium
979 2285 1065 2311 erat.
1097 2280 1234 2310 Vitruv.
1250 2288 1285 2309 v.
1304 2281 1356 2309 10.
1382 2278 1498 2308 Plant.
1517 2277 1588 2308 Ru-

881 2330 975 2362 dent.
992 2329 1071 2361 Act.
1084 2338 1125 2359 ιι.
1141 2330 1239 2360 Scen.
1251 2331 1284 2359 6.
1307 2331 1316 2345 ‘
1335 2327 1478 2368 AEdepol
1494 2327 1590 2368 Nep·

881 2385 975 2420 tune,
1018 2389 1053 2411 es
1086 2379 1262 2410 balneator
1290 2377 1514 2419 frigidus!—
1532 2378 1586 2409 Ne

880 2429 1141 2470 thermopolium
1168 2427 1303 2469 quidem
1327 2428 1431 2458 ullum
1457 2427 1514 2458 ille
1539 2427 1590 2457 in-

877 2480 999 2511 struit:
1025 2480 1072 2510 ita
1098 2479 1216 2510 salsam
1248 2478 1381 2519 praebet
1409 2478 1590 2518 potionem

877 2535 914 2562 et
931 2529 1110 2572 frigidam!
1151 2530 1261 2560 Porro
1279 2528 1423 2560 calidam
1442 2527 1583 2557 mixtam

877 2581 955 2612 vino
969 2582 1002 2612 in
1014 2580 1146 2612 deliciis
1161 2580 1265 2610 etiam
1281 2578 1382 2609 fuisse
1395 2577 1486 2614 olim,
1499 2576 1584 2606 mul-

879 2631 921 2663 tis
959 2631 1084 2673 probat
1113 2630 1234 2664 Justus
1268 2628 1402 2669 Lipsius
1434 2626 1582 2659 Elector.

878 2691 902 2715 1·
927 2684 959 2714 4.
