1888 3032
719 128 902 159 SATIRA
935 128 968 160 1.

118 227 269 269 Meiite
286 240 295 268 :
336 225 532 266 discedo.

115 414 212 446 Abeo.

1526 115 1583 156 47

595 223 745 264 secuit
766 223 964 264 Lucilius
986 222 1166 273 Urbem,

115 295 197 346 Te,
218 294 358 347 Lupe,
379 297 437 342 te,
464 292 609 343 Muci;
640 295 682 332 et
701 292 934 344 genuinum
953 291 1079 344 fregit
1099 291 1140 330 in
1161 291 1265 331 illis.

1499 288 1584 329 115

265 414 314 445 At
339 413 480 445 Lucilius
503 414 654 454 proscidit
679 413 863 451 civitatem;
896 416 938 453 te,
952 423 970 444 o
986 413 1095 454 Lupe;
1130 416 1160 443 et
1177 416 1218 450 te,
1236 421 1255 443 o
1275 411 1384 448 Muti;
1418 414 1448 442 et
1464 411 1498 442 in
1515 409 1584 440 istis

780 526 920 558 NOTAE

114 619 222 651 menis
238 628 359 659 corpus
381 628 525 659 anguem
551 617 655 649 fuisse
677 619 822 650 circum-

115 672 266 712 plexum,
293 671 438 710 hincque
463 670 666 700 Divinitatis
693 670 822 710 opinio-

116 733 192 754 nem
212 723 295 761 Regi
313 722 503 761 accessisse,
530 727 566 753 et
594 722 744 753 Heroem
769 723 823 753 ha-

114 773 222 803 bitum
240 773 455 802 Cleomenem
471 773 692 814 Deorumque
706 773 823 805 filium.

115 822 225 853 Addit
256 832 355 862 porro
385 823 483 863 liujus
511 823 560 853 rei
591 829 626 854 et
655 824 824 865 opinionis

117 882 250 904 causam
279 883 297 903 a
323 873 534 913 sapientibus
552 874 630 904 viris
655 874 824 914 proditam

118 933 203 964 esse,
228 923 319 964 qnod
355 924 444 953 sicut
476 933 494 954 e
520 924 626 954 bobus
662 934 756 964 apes,
782 934 824 954 ex

119 975 213 1016 equis
231 973 313 1011 fuci,
331 983 371 1002 ex
398 973 499 1003 asinis
525 974 707 1004 crabrones
724 984 825 1015 gene-

117 1029 246 1064 rantur,
276 1024 323 1053 sic
361 1033 403 1053 ex
434 1023 588 1054 humanis
623 1024 825 1063 corporibus

118 1080 297 1115 serpentes
315 1078 532 1105 enascantur.
575 1074 734 1115 Denique
749 1084 826 1105 con-

118 1124 227 1156 cludit
243 1135 250 1155 :
285 1133 351 1154 non
370 1133 450 1164 ergo
468 1123 527 1154 abs
544 1133 581 1154 re
599 1129 732 1155 veteres
754 1125 824 1155 He-

116 1174 233 1206 roibus
265 1174 429 1204 dracones
458 1183 690 1205 consecrasse.
736 1175 826 1205 Dra-

117 1235 220 1257 cones
250 1225 364 1255 divino
396 1224 492 1255 cultu
525 1224 706 1255 honoratos
738 1223 826 1255 affir-

118 1279 214 1306 mant
240 1283 341 1316 porro
357 1274 507 1304 AElianus
523 1274 564 1304 de
581 1275 717 1305 animal.
735 1284 776 1305 11.
793 1277 825 1307 2.

119 1329 172 1358 16.
191 1329 242 1357 17.
270 1330 307 1357 et
331 1325 506 1356 Plutarch.
531 1324 591 1358 lib.
615 1325 658 1355 de
676 1325 767 1356 Iside
791 1329 828 1356 et

119 1377 267 1408 Osiride.

160 1426 272 1466 Pueri,
287 1435 373 1456 sacer
396 1429 442 1456 est
465 1426 560 1465 locus]
604 1425 705 1456 Adde
724 1426 827 1456 etiam

119 1478 183 1508 hoc
215 1475 451 1514 interdictum,
490 1486 555 1516 quo
588 1476 684 1515 pueri
715 1475 829 1506 deter-

121 1534 258 1560 reantur
290 1537 309 1557 a
338 1526 521 1567 polluendo
552 1526 707 1557 sordibus
734 1525 829 1564 loco;

119 1587 206 1609 neve
223 1577 291 1608 illic
308 1577 436 1607 meiant
454 1587 461 1606 ε
501 1575 588 1616 quod
608 1577 736 1616 grande
754 1581 829 1606 erat

120 1627 225 1660 nefas.
279 1627 399 1658 Horat.
426 1627 460 1657 in
489 1627 597 1657 Arte:
635 1627 643 1643 ‘
662 1627 828 1657 Minxerit

118 1680 153 1710 in
180 1678 308 1720 patrios
334 1677 489 1709 cineres.'
533 1677 623 1708 Vide
644 1687 718 1718 quae
746 1678 828 1707 Sue-

118 1733 190 1760 ton.
223 1728 264 1759 de
292 1729 433 1759 Nerone
461 1727 545 1758 lotio
572 1727 826 1758 contaminante

119 1780 208 1811 Deae
236 1779 465 1809 simulacrum.
524 1778 591 1809 Sed
620 1784 667 1817 et,
696 1778 826 1809 urinam

119 1828 233 1860 facere
247 1828 290 1858 ad
306 1833 435 1859 statuas
451 1828 664 1868 Principum,
679 1829 828 1868 capitale

120 1879 236 1919 fuisse,
252 1880 356 1911 docet
376 1880 481 1911 AElius
494 1880 695 1920 Spartianus
710 1880 742 1910 in
760 1880 828 1911 An-

122 1930 238 1962 tonino
275 1930 473 1967 Caracallo;
520 1929 576 1960 ubi
610 1930 657 1961 sic
696 1929 826 1961 refert:

120 1982 129 1998 ⁴
147 1981 307 2012 Damnati
324 1985 403 2010 sunt
428 1989 468 2010 eo
498 1984 651 2019 tempore
678 1979 735 2020 qui
763 1980 829 2010 uri-

122 2041 199 2062 nam
227 2040 267 2062 eo
294 2031 368 2061 loco
393 2029 561 2069 fecerant,
578 2030 611 2060 in
638 2040 703 2071 quo
732 2035 830 2061 erant

409 2082 414 2087 .
446 2082 452 2087 .
486 2081 494 2093 ,
527 2083 533 2089 .

169 2132 273 2162 Extra
291 2132 406 2172 melite]
437 2131 676 2171 Metaphorice
704 2130 830 2171 siguifi-

125 2186 211 2213 cat:
261 2191 279 2212 ο
311 2181 432 2211 Po’etae
464 2180 614 2220 Satirici,
651 2191 829 2212 censuram

126 2238 273 2263 vestram
296 2231 359 2261 alio
377 2230 564 2261 transferre
581 2231 747 2272 quolibet,
764 2241 831 2262 mo-

124 2283 169 2314 do
187 2282 229 2313 ab
247 2283 298 2312 his
318 2281 531 2312 abstineatis.

170 2336 231 2364 114
256 2333 405 2372 Discedo]
431 2332 607 2373 Siquidem
623 2332 673 2363 his
691 2342 832 2372 parcen-

124 2384 218 2423 dum,
243 2393 319 2423 quae
356 2388 435 2413 sunt
469 2382 614 2413 maxime
651 2383 832 2422 reprehen-

124 2434 219 2466 sione
237 2434 350 2474 dignu,
366 2434 475 2474 inquit
492 2433 642 2471 Persius,
655 2433 733 2463 hinc
750 2433 832 2464 mihi

125 2485 398 2526 demigrandum.
442 2484 540 2515 Abeo
558 2485 697 2525 itaquc3
722 2484 776 2514 vix
799 2494 833 2515 e-

126 2536 194 2568 nim
213 2536 292 2567 mihi
309 2542 532 2575 temperarem
561 2535 615 2576 (ut
642 2534 740 2565 initio
763 2544 832 2564 mo-

128 2585 186 2616 nui
222 2587 434 2626 petulantem
465 2584 544 2614 mihi
582 2584 706 2615 lienem
744 2583 834 2624 esse)

128 2637 208 2678 quin
244 2637 382 2668 satirica
406 2637 567 2667 libertate
590 2640 707 2668 uterer
730 2635 763 2667 in
785 2635 836 2667 his

130 2688 272 2731 perinde
289 2698 328 2719 ac
345 2689 380 2720 in
396 2688 535 2720 ceteris.

920 618 1026 650 Secuit
1044 618 1198 658 Lucilius]
1236 618 1391 658 Seipsum
1409 616 1586 658 redarguit

877 670 1013 700 Persius
1029 681 1034 700 :
1055 671 1168 700 Eccur
1181 679 1260 699 vero
1279 668 1477 699 discedam?
1494 666 1585 700 Quid

877 720 1022 751 verebor
1039 719 1164 758 faeere,
1180 720 1268 761 quod
1287 725 1364 749 ante
1383 728 1434 749 me
1450 718 1506 748 alii
1526 718 1586 748 lm-

878 780 967 811 pune
985 769 1166 802 fecerunt?

921 821 1074 862 Lucilius]
1120 821 1158 852 C.
1185 821 1331 851 Lucilius
1351 820 1478 861 primus
1495 818 1587 859 apud

879 871 1044 901 Romanos
1072 871 1201 901 Satiras
1227 870 1373 910 scripsit.
1420 869 1471 900 Ae
1499 869 1588 900 sicut

881 921 1047 951 Lucilium
1084 920 1261 958 Horatius,
1292 920 1474 951 Horatium
1504 920 1589 950 Per-

879 971 960 1007 sius,
979 971 1062 1001 alios
1089 981 1205 1002 omues
1230 970 1407 1003 Juvenalis
1435 970 1588 1000 imitatus

879 1027 953 1059 est;
990 1022 1036 1052 sic
1064 1021 1212 1052 Lucilius
1238 1026 1375 1052 secutus
1391 1019 1504 1050 fuerat
1521 1020 1589 1050 En-

880 1072 971 1102 nium
989 1076 1023 1102 et
1041 1071 1195 1102 Accium.
1243 1072 1366 1102 Horat.
1391 1071 1463 1101 Sat.
1489 1079 1514 1100 Ι.
1534 1072 1588 1101 10.

879 1123 888 1139 ⁶
908 1122 964 1152 Nil
1002 1122 1105 1152 comis
1140 1121 1273 1160 Tragici
1302 1125 1413 1151 mutat
1439 1120 1588 1150 Lucilius

879 1170 990 1202 Acci?
1028 1172 1107 1201 Non
1135 1170 1224 1201 ridet
1245 1180 1362 1200 versus
1379 1169 1466 1200 Enni
1482 1169 1591 1210 gravi-

880 1226 952 1252 tate
976 1221 1121 1251 minores
1135 1221 1154 1251 ?’
1201 1221 1361 1252 Coaevum
1388 1220 1492 1251 fuisse
1521 1220 1593 1251 Sci-

881 1272 973 1313 pioni
992 1271 1152 1303 Africano
1178 1276 1326 1303 testatur
1349 1272 1439 1310 idem
1465 1271 1589 1302 Horat.

882 1323 952 1355 Sat.
969 1332 1011 1354 ιι.
1030 1326 1060 1354 1.
1079 1323 1136 1354 ubi
1155 1328 1188 1353 et
1205 1322 1285 1353 alibi
1304 1322 1428 1362 passim
1456 1322 1488 1352 in
1513 1322 1589 1353 Ser-

880 1374 1037 1404 monibus
1072 1373 1240 1404 Lucilium
1272 1372 1381 1413 carpit
1409 1373 1591 1413 mordicus,

883 1433 1073 1464 quanquam
1093 1433 1215 1463 magno
1243 1423 1316 1454 aliis
1344 1423 1375 1453 in
1403 1424 1513 1463 pretio
1541 1422 1592 1453 fu·

883 1474 949 1505 isse
967 1473 1136 1512 refertum
1173 1484 1235 1505 nec
1253 1484 1346 1505 suani
1372 1475 1437 1514 ipsi
1453 1474 1591 1505 laudem

884 1524 1036 1555 detrahit
1063 1525 1208 1557 Quintil.
1234 1524 1293 1555 lib.
1312 1533 1347 1556 x.
1396 1526 1505 1555 Natus
1532 1534 1592 1555 no-

884 1574 943 1605 bili
970 1575 1046 1605 loeo
1074 1584 1115 1604 ex
1146 1574 1285 1605 Arunca
1311 1573 1470 1605 Ausouiae
1493 1574 1591 1612 urbe,

883 1634 968 1655 anno
985 1635 1050 1656 uno
1067 1630 1250 1665 antequam
1267 1625 1403 1655 veniret
1421 1625 1591 1663 Carthago

882 1676 915 1705 in
944 1676 1173 1707 Romanorum
1202 1679 1423 1716 potestatem.
1481 1675 1594 1716 Scrip-

882 1727 963 1758 sisse
995 1727 1121 1757 (licitur
1154 1726 1341 1756 Satirarum
1373 1726 1475 1756 libros
1502 1726 1594 1766 plus-

881 1789 980 1820 quam
1020 1779 1180 1819 triginta:
1224 1783 1260 1809 at
1287 1783 1518 1818 pervenerunt
1549 1778 1591 1808 ad

881 1838 940 1859 nos
958 1827 1151 1869 fragmenta
1175 1833 1307 1860 tantum
1332 1828 1473 1869 aliquot.
1519 1828 1593 1859 Cri-

882 1879 984 1909 nitus.

929 1928 1057 1969 Urbem]
1103 1929 1243 1960 Romam
1273 1932 1308 1959 et
1336 1927 1591 1968 potentissimos

883 1980 1112 2010 Romanorum
1169 1978 1333 2010 acerrime
1390 1978 1590 2008 insectatus.

885 2030 1006 2060 Horat.
1025 2030 1094 2060 Sat.
1111 2038 1135 2060 1.
1154 2032 1203 2060 10.
1218 2029 1227 2045 ‘
1243 2029 1320 2060 Sale
1337 2028 1445 2059 multo
1461 2027 1592 2059 Urbem

884 2079 1070 2111 defricuit!
1130 2081 1175 2111 Et
1199 2079 1259 2110 lib.
1276 2088 1316 2110 11.
1341 2080 1412 2110 Sat.
1436 2081 1464 2109 1.
1490 2079 1499 2095 ‘
1518 2078 1593 2108 Pri-

884 2140 996 2161 mores
1035 2131 1152 2171 populi
1189 2130 1333 2170 arripuit
1363 2129 1592 2170 populumque

885 2179 1064 2210 tributim.'
1122 2180 1280 2212 Juvenal.
1310 2180 1380 2210 Sat.
1412 2188 1437 2210 1.
1474 2179 1592 2210 ‘Ense

885 2230 979 2260 velut
1004 2230 1123 2261 stricto
1150 2229 1279 2270 quoties
1296 2229 1446 2259 Lucilius
1469 2228 1594 2259 ardens

887 2279 1064 2310 lnfremuit
1077 2280 1098 2310 ?’

931 2334 990 2361 115
1020 2331 1194 2371 Te‚Lupe;
1225 2332 1266 2367 te,
1282 2329 1387 2369 Muci]
1427 2328 1593 2360 Nomina·

887 2381 948 2412 tim
979 2381 1081 2411 etiam
1113 2390 1255 2420 carpere
1287 2389 1385 2410 ausus
1417 2383 1472 2410 est
1501 2379 1593 2410 inter

886 2433 969 2462 alios
985 2431 1118 2462 nobiles
1129 2431 1230 2469 virm,
1245 2431 1332 2461 Pub.
1349 2429 1512 2460 Rutilium
1526 2429 1591 2459 Lu-

888 2492 967 2523 pum
983 2482 1176 2521 Consulem,
1194 2488 1227 2512 et
1239 2482 1350 2512 'l'itum
1366 2480 1516 2510 Mucium
1534 2478 1594 2509 Al-

889 2532 1018 2563 butium
1050 2533 1147 2562 valde
1179 2537 1356 2572 potentem
1390 2530 1508 2564 virum,
1543 2527 1593 2558 his

890 2583 1026 2624 quidem
1045 2583 1207 2622 versibus,
1233 2592 1315 2622 quos
1342 2581 1445 2612 etiam
1470 2579 1590 2610 Cicero

890 2634 990 2666 affert
1007 2635 1082 2666 Lib.
1100 2644 1125 2665 r.
1149 2634 1191 2664 de
1214 2633 1362 2664 Finibus.
1409 2629 1591 2662 ‘Graecum

890 2690 937 2726 te,
950 2684 1084 2725 Albuti,
1098 2694 1197 2726 quam
1213 2684 1401 2714 Romanum
1414 2684 1518 2722 atque
1533 2681 1593 2712 Sa-
