1888 3032
489 149 723 187 moninus,
758 148 817 177 ΕΤ
849 148 1113 178 soninENni
1149 148 1365 178 GENERF..
1632 140 1661 179 5

201 243 356 292 arnico,
386 255 518 296 quam
548 244 754 297 magistro
787 256 890 284 usus
924 247 1005 284 est.
1067 242 1247 284 Amicos
1278 243 1430 284 habuit
1461 256 1487 284 a
1519 244 1661 296 prima

200 311 495 352 adolescentia
544 310 736 352 Caesium
778 312 1024 359 Bassum,¹0
1064 315 1108 351 et
1158 309 1375 353 Annaeum
1418 311 1656 361 Lucantm1‚

199 391 325 431 quem
345 392 423 431 per
455 376 1005 430 Comutumcognoverat,
1032 378 1204 430 poetas,
1235 391 1420 431 quorum
1452 379 1524 418 ille
1555 378 1656 432 lyri-

199 458 313 493 cum,
333 446 403 486 hic
426 446 599 499 epicum
621 444 808 498 poe'seos
828 457 962 496 genus
992 449 1166 485 secutus
1191 449 1272 485 est.
1334 445 1440 486 Erat
1461 445 1656 495 Persius,

198 517 246 557 ut
277 514 469 554 auctoris
503 513 597 566 ejus
629 514 729 553 vitae
763 512 908 553 verbis
941 515 1053 561 utar,
1088 516 1099 532 ‘
1122 526 1287 553 morum
1321 514 1659 562 lenissimorum,

198 581 420 634 virginalis
442 581 528 621 fere
548 580 841 629 verecundiae,
862 581 1013 621 formae
1035 580 1245 633 pulchrae,
1268 594 1538 635 summreque
1568 581 1660 634 pie-

199 648 300 689 tatis
321 648 366 688 in
386 652 578 696 matrem,
602 660 809 696 sororem,
832 651 873 687 et
894 645 1100 687 amitam-⁹
1145 645 1477 688 Accuratiorem
1492 652 1657 689 naturae

197 715 292 768 ejus
326 720 455 769 atque
489 715 648 756 indolis
684 716 917 767 imaginem
945 715 990 754 in
1023 715 1214 767 scriptis,
1247 727 1345 768 quae
1374 716 1562 768 reliquit,
1583 728 1660 755 ex-

197 795 395 835 pressam
433 784 649 833 videmus,
682 783 966 824 viridissimis
1002 783 1130 836 quasi
1173 783 1389 822 coloribus
1427 783 1659 836 depictam,

199 850 323 904 cujus
342 851 660 904 pulchritudine
687 852 863 891 accensi
883 851 954 891 vel
980 850 1104 890 inviti
1126 850 1318 902 cogimur
1346 850 1390 889 in
1415 849 1583 902 judicio
1606 850 1659 890 de

199 917 345 958 satiris
376 919 469 972 ejus
493 918 671 959 ferendo
700 917 745 957 id
778 918 926 969 potius
955 920 1167 970 spectare,
1200 915 1317 969 quod
1343 917 1553 969 perticere
1580 931 1659 971 po-

199 984 369 1034 tuisset,
403 987 440 1026 si
468 987 538 1027 vel
568 985 754 1039 aequiori
781 984 924 1024 Musis
947 988 1143 1038 tempore
1170 984 1370 1032 vixisset,
1397 985 1465 1024 vel
1491 985 1661 1037 longior

200 1057 308 1092 aetas
330 1053 371 1092 ei
397 1053 710 1106 suppetivisset
731 1051 786 1091 ad
813 1064 866 1092 ea
893 1051 1112 1105 polienda,
1138 1064 1236 1104 quae
1265 1052 1375 1092 satis
1400 1052 1577 1105 pulchre
1597 1053 1659 1092 in—

195 1118 442 1169 choaverat,
465 1132 595 1172 quam
618 1119 838 1173 juveniles
866 1119 966 1159 illos
995 1123 1177 1159 conatus
1206 1119 1261 1159 ad
1289 1132 1463 1159 severas
1485 1121 1660 1160 critices

197 1186 369 1238 regulas
390 1188 579 1240 exigere.
640 1187 721 1227 Est
753 1199 855 1227 sane
883 1185 999 1239 quod
1029 1186 1243 1236 miremur,
1274 1191 1441 1227 tantam
1473 1187 1661 1239 gravita-

195 1257 280 1294 tem
302 1256 343 1295 et
362 1255 654 1296 constantiam
689 1254 733 1294 in
755 1254 913 1308 juvene
941 1255 1183 1306 praesertim
1206 1255 1423 1307 locuplete
1442 1254 1592 1304 fuisse,
1613 1260 1661 1295 ut

195 1334 342 1362 omnes
363 1322 629 1375 voluptates,
652 1322 829 1375 quibus,
853 1334 910 1361 ex
938 1322 1055 1362 illius
1087 1323 1229 1363 aetatis
1250 1323 1468 1376 opinione,
1492 1323 1561 1363 vel
1582 1323 1659 1362 ho-

194 1393 314 1428 neste
337 1388 421 1428 frui
452 1390 681 1441 potuisset,
704 1388 933 1442 respuerit,
955 1392 1122 1429 tantum
1153 1390 1322 1429 virtutis
1352 1393 1393 1429 et
1419 1389 1658 1429 honestatis

196 1454 405 1505 ardorem,
429 1469 513 1508 quo
530 1469 628 1495 cum
651 1456 807 1508 quavis
827 1455 991 1507 pagina
1006 1456 1233 1508 abreptum
1254 1456 1468 1505 videmus,
1492 1461 1657 1497 tantam

195 1525 470 1565 severitatem
491 1525 534 1564 in
553 1526 669 1565 omni
695 1524 875 1564 mollitie
907 1524 1160 1577 castiganda
1180 1526 1458 1578 moribusque
1476 1525 1659 1566 effoemi-

193 1592 310 1631 natis
332 1592 486 1632 acerbe
508 1592 723 1641 notandis,
745 1596 792 1633 ut
819 1593 1050 1633 barbatum
1081 1593 1267 1645 aliquem
1293 1606 1349 1632 ex
1378 1594 1535 1646 priscis
1565 1592 1658 1632 Ro-

194 1659 333 1698 manis
354 1659 576 1699 existimes
598 1660 760 1700 audire.
823 1657 958 1709 Quod
979 1662 1123 1709 autem
1144 1660 1334 1699 maxime
1354 1672 1432 1700 uos
1449 1659 1490 1699 ei
1511 1659 1658 1700 conci·

193 1724 286 1774 liat,
309 1731 373 1781 est
400 1728 571 1780 pietatis
592 1740 761 1777 sensus,
791 1740 918 1780 quem
947 1740 1050 1781 erga
1074 1726 1313 1767 Cornutum
1340 1730 1658 1780 praeceptorem

195 1793 402 1843 declarat,
426 1799 515 1835 tam
536 1796 745 1836 candidus
765 1800 808 1836 et
826 1795 1073 1844 vehemens,
1099 1799 1147 1834 ut
1178 1795 1362 1847 quisque
1387 1794 1657 1834 animadver-

193 1865 269 1909 tat,
303 1862 347 1900 in
374 1862 435 1902 rei
465 1863 760 1914 magnitudine
791 1862 934 1904 verbis
965 1862 1241 1915 assequenda
1265 1875 1365 1901 eum
1393 1873 1655 1914 magnopere

192 1927 458 1979 elaborasse,
480 1942 560 1970 nec
583 1934 728 1969 tamen
750 1929 836 1969 sibi
859 1930 968 1970 satis
992 1930 1167 1970 fecisse.
1230 1928 1404 1978 Quibus
1423 1928 1654 1968 virtutibus

192 1995 428 2036 instructus
466 1997 745 2049 dignissimus
780 2009 884 2037 sane
922 1996 1003 2037 fuit
1036 1996 1230 2036 amicitia
1263 1999 1306 2036 et
1346 1995 1656 2035 consuetudine

195 2061 309 2103 Paeti
341 2063 598 2114 Thraseae,¹¹
632 2064 789 2104 summi
827 2068 870 2105 ct
905 2063 1141 2105 clarissimi
1172 2063 1272 2113 viri,
1306 2076 1494 2116 quocum
1526 2063 1656 2103 etiam

850 2223 988 2255 NOTAE

233 2324 274 2351 10
298 2321 352 2352 De
366 2321 428 2352 hoc
445 2322 520 2352 vide
539 2332 611 2363 quae
629 2327 746 2355 notata
761 2328 838 2355 sunt
854 2324 897 2356 ad
952 2328 1053 2364 atque
1070 2323 1119 2353 vir
1134 2322 1282 2363 antiqua>
1295 2322 1393 2362 plane
1410 2321 1546 2353 virtutis
1559 2327 1591 2353 et
1607 2322 1654 2353 in-

190 2372 260 2402 Sat.
279 2381 328 2403 vr.
953 2380 1006 2405 ter
1022 2378 1073 2404 tot
1095 2372 1344 2413 abjectissimos
1370 2372 1517 2403 Neronis
1540 2372 1655 2403 adula—

236 2426 272 2453 ll
297 2423 460 2453 'thraseas
473 2423 591 2454 Paetns
606 2424 807 2455 patavinus.
831 2424 897 2455 Ta·
951 2428 1042 2454 tores
1058 2424 1148 2454 solus
1164 2427 1296 2453 erectus
1313 2428 1347 2452 ct
1366 2428 1538 2460 constans,
1553 2423 1656 2452 intre-

189 2473 247 2503 cit.
265 2472 440 2504 Ann.xv1.
454 2476 507 2504 21.
523 2474 638 2505 Gener
651 2475 795 2506 Caecinae
806 2475 894 2507 Paeti
950 2475 1050 2516 pidus
1068 2479 1103 2505 et
1122 2474 1247 2514 gravis,
1269 2479 1417 2513 notaque
1441 2473 1654 2503 humanitate

191 2530 227 2554 et
243 2524 553 2565 Ai·riae,deqnit›us
569 2536 598 2556 v.
618 2527 770 2558 Martial.
785 2536 809 2557 1.
822 2530 893 2566 14.;
950 2531 984 2556 et
1012 2526 1204 2556 clementia.
1250 2524 1339 2555 Plin.
1367 2524 1476 2563 Epist.
1495 2531 1575 2553 vrit.
1601 2525 1652 2554 22.

192 2573 282 2605 Plin.
308 2575 417 2614 Epist.
442 2585 497 2606 111.
516 2579 588 2607 16.;
626 2577 692 2607 Dio
717 2577 810 2608 Cass.
836 2586 892 2610 Lx.
946 2579 976 2607 3.
1023 2576 1056 2607 Is
1082 2575 1209 2607 Neroni
1233 2574 1359 2606 invisus
1381 2574 1422 2603 ob
1447 2573 1568 2603 multas
1587 2582 1652 2611 res,

192 2626 245 2654 16.
289 2626 372 2656 Erat
391 2626 525 2657 Stoicus
543 2632 577 2658 et
594 2627 779 2659 admirator
792 2628 893 2659 Cato·
946 2626 1120 2667 praecipue
1137 2625 1180 2656 ob
1197 2625 1400 2655 sententiam
1424 2622 1466 2652 de
1491 2622 1651 2654 Amistio.

191 2675 243 2705 nis
260 2676 441 2717 Uticensis,
461 2678 555 2718 cnjus
579 2678 679 2709 vitani
697 2678 894 2720 scripserat,
945 2679 1055 2710 Tacit.
1071 2678 1093 2708 1.
1107 2688 1138 2709 c.
1156 2686 1232 2708 xiv.
1248 2678 1302 2707 48.
1336 2675 1465 2706 'samen
1490 2674 1649 2706 virtutem
