1888 3032
686 147 869 178 SATmA
902 146 947 177 V.

1476 135 1559 176 131<

101 243 186 286 Cui
206 245 320 294 licet,
341 247 390 286 ut
410 243 580 286 voluit‘l
611 243 730 292 licet,
750 244 799 283 ut
818 242 936 292 volo,
957 240 1105 283 vivere
1123 254 1133 283 t
1165 253 1251 283 non
1273 241 1354 283 sim

102 312 298 353 Liberior
317 312 454 353 Bruto
472 311 505 352 ‘l'
539 311 754 352 Mendose
776 310 963 363 colligis,
985 310 1123 364 inquit

102 378 277 420 Stoicus
297 380 384 429 hic,
405 393 552 420 aurem
571 379 767 420 mordaci
787 379 901 418 lotus
925 381 1067 420 aceto.

103 445 206 488 Hoc
225 447 438 500 reliquum
457 447 628 500 accipio
645 460 655 486 ε
688 444 782 485 licet
803 445 909 485 illud
931 450 973 486 et
993 451 1037 485 uc
1058 444 1149 486 volo
1169 446 1287 487 tolle.

102 587 150 618 cui
170 586 225 625 fas
238 591 283 618 est
299 587 396 618 vitam
419 588 527 618 ducere
548 589 588 618 ml
610 588 744 619 libitum.
791 587 839 619 At
855 588 933 619 mihi
949 588 1005 627 sus
1026 591 1071 619 est
1086 589 1184 619 vitam
1204 589 1314 619 (lucere
1329 588 1369 618 ad
1384 587 1564 619 arbitrium.

105 630 278 671 Numquid
294 631 398 671 igitur
412 640 471 661 non
479 629 573 668 suero
587 631 688 662 Bruto
703 629 854 662 liberior?
872 631 965 662 Falso
981 631 1148 670 concludis,
1160 633 1205 661 ait
1222 631 1272 661 ille
1288 631 1424 670 Stoicus,
1439 630 1566 663 habens

103 682 208 704 aurem
229 676 396 714 purgatam
421 673 487 704 acri
510 676 606 705 aceto.

722 768 836 780 ccccc

664 674 778 705 Cetera
799 673 936 715 quidem
953 675 1006 704 illa
1022 674 1166 714 admitto,
1189 674 1248 705 sed
1274 684 1373 714 apage
1398 678 1491 705 tuum
1514 672 1568 709 hoc

838 768 955 780 eeeeee

103 847 144 876 84
167 843 260 876 libuit
290 845 331 875 R.
359 849 395 876 et
419 844 495 877 Gai.
522 845 605 878 Mss.
622 850 657 877 et
673 846 800 879 C.-87
824 848 908 887 licet,
923 850 954 878 ul
972 848 1051 887 volo,
1064 846 1177 887 vivere,
1191 846 1261 877 tolle
1285 844 1377 876 Edit.
1395 843 1515 885 steph.
1532 848 1569 875 et

105 887 219 929 quaed.
237 887 325 920 aiiae.

771 963 911 997 NOTAE

149 1039 189 1068 84
216 1036 276 1068 Cui
290 1037 374 1076 lIcet,
388 1040 425 1068 ut
436 1038 549 1079 voluit]
581 1038 739 1071 Genuina
759 1042 811 1070 est

105 1087 274 1119 libertatis
303 1087 468 1129 definitio,
498 1099 517 1121 e
549 1100 617 1131 qua
646 1090 811 1131 majorem

107 1139 374 1180 propositionem
399 1139 539 1172 conficit
560 1141 710 1173 Marcus.
753 1141 811 1173 Sic

108 1189 197 1220 enim
221 1190 306 1221 Tull.
334 1190 460 1222 Parad.
486 1194 518 1222 5.
563 1191 654 1222 Item
667 1190 768 1223 Offic.
787 1200 812 1222 1.

107 1241 116 1256 ‘
135 1239 198 1270 Est
214 1243 365 1279 potestas
391 1240 528 1272 vivendi
543 1246 582 1272 ut
599 1241 701 1272 velis?
745 1242 815 1272 De-

108 1294 254 1321 snmtum
287 1299 368 1321 vero
407 1290 545 1322 videtur
572 1301 591 1323 e
616 1291 755 1322 Laertio
779 1292 814 1322 in

109 1339 258 1377 Zenone,
268 1340 326 1372 ubi
338 1341 386 1372 sic
399 1341 546 1373 habetur
559 1353 567 1374 ς
593 1341 681 1373 ἔστιν
694 1342 714 1379 ἦ
730 1343 815 1373 ἐλευ-

108 1389 192 1430 Θερία
207 1390 328 1430 ἐξουσία
342 1391 560 1432 αὐτοπραγίας.
601 1393 646 1423 Et
663 1393 814 1433 Epictet.

109 1441 201 1481 apud
228 1441 365 1473 Arrian.
389 1452 464 1482 cap.
493 1446 523 1473 l.
552 1443 611 1474 lib.
634 1452 674 1474 ιι.
702 1448 737 1474 et
764 1453 814 1474 ιν.

110 1489 268 1531 ἐλεύθερός
278 1492 363 1522 ἐστιν
378 1493 394 1521 ὁ
410 1490 473 1532 ζῶν
487 1493 526 1523 ὡς
541 1491 700 1528 βούλεται.
734 1493 817 1524 Per-

111 1544 161 1583 git
187 1543 319 1580 Dama;
354 1543 444 1574 Licet
468 1547 503 1574 ut
526 1543 590 1574 volo
613 1544 725 1574 vivere.
771 1544 818 1574 Et

110 1593 183 1624 liaec
199 1598 253 1624 est
267 1593 375 1623 minor
392 1593 590 1634 propositio.
648 1594 751 1634 Ergo,
769 1593 817 1623 in-

110 1644 196 1685 quit,
221 1654 280 1674 non
294 1645 354 1674 sim
370 1644 494 1675 liberior
511 1641 640 1675 Bruto?
673 1644 818 1675 Conclu-

113 1695 162 1726 sio
177 1695 374 1734 syllogismi.

156 1749 195 1777 85
220 1746 363 1777 Liberior
374 1746 493 1786 Bruto]
528 1746 579 1777 M.
596 1745 718 1779 Junius
734 1746 820 1778 Bru-

114 1801 169 1827 tus
185 1796 444 1836 Rempublicam
458 1798 643 1828 Romanam
656 1807 675 1827 a
687 1797 820 1837 Regum

114 1846 282 1878 servitute
320 1856 359 1876 ac
398 1846 579 1885 tyrannide
624 1846 821 1885 vindicavit,

114 1897 295 1938 pristinam
316 1896 509 1926 libertatem
535 1896 708 1927 restituit:
733 1897 822 1937 ejus-

115 1958 182 1990 que
198 1947 373 1978 firmandae
390 1957 502 1987 causa,
524 1957 586 1978 nec
602 1947 749 1987 propriis
765 1957 823 1987 pe-

115 1999 229 2041 percit
243 1998 331 2038 filiis,
345 2008 428 2040 quos
451 1998 482 2028 ei
509 1997 707 2028 insidiantes
724 2007 823 2028 neca-

116 2051 177 2082 vit.
219 2050 286 2081 Tit.
311 2050 385 2081 Liv.
401 2049 434 2080 in
451 2050 517 2080 fine
534 2049 594 2080 lib.
614 2058 638 2080 1.
665 2054 701 2080 et
723 2049 824 2080 initio

116 2100 176 2131 lib.
193 2109 234 2131 11.
277 2100 394 2131 Valer.
422 2100 564 2131 Maxim.
592 2109 626 2131 ν.
651 2103 682 2132 8.
729 2100 821 2131 Flor.

119 2160 142 2182 1.
161 2153 193 2181 9.

163 2200 312 2231 Mendose
337 2199 471 2239 colligis]
518 2199 750 2240 Redargnitur
774 2200 824 2231 M.

121 2251 244 2289 Dama,
259 2250 400 2290 ejusque
417 2250 627 2289 syllogismus
646 2249 826 2289 retexitur,

119 2302 182 2332 boe
199 2299 270 2331 fere
287 2300 406 2331 modo:
444 2302 596 2330 transeat
614 2298 799 2339 propositio
814 2309 822 2328 :

121 2361 163 2382 ea
179 2350 314 2392 quidem
341 2350 426 2381 bene
452 2349 628 2380 intellecta
652 2353 746 2380 certa
761 2353 824 2379 est.

122 2402 277 2442 Negatur
301 2401 485 2438 assumti03
523 2409 622 2440 quam
642 2403 752 2429 tamen
769 2398 826 2444 ille

123 2461 202 2483 mox
226 2461 377 2483 asserere
399 2451 586 2482 conabitur.
630 2449 718 2480 Vide
739 2448 828 2480 infra

123 2512 271 2534 errorem
287 2501 486 2542 syllogismi.

168 2554 210 2583 86
235 2552 378 2582 Mordaci
394 2553 475 2582 lotus
489 2550 589 2591 aceto]
634 2550 828 2581 Instructus

126 2601 245 2632 morali
259 2601 441 2642 disciplina
464 2601 646 2639 severiori3
677 2601 733 2631 vel
758 2600 828 2632 acri

123 2650 256 2692 judicio
271 2652 368 2683 simul
383 2657 418 2683 et
442 2652 631 2684 dialectica.
675 2652 766 2684 Nam
790 2657 830 2683 ut

128 2703 177 2734 ait
203 2702 313 2734 Cicer.
337 2703 381 2734 de
407 2704 545 2736 Finibus
572 2713 627 2737 111.
654 2708 686 2736 3.
716 2706 726 2722 ‘
744 2705 831 2737 Stoi-

865 1049 980 1070 corum
997 1038 1121 1070 subtile
1148 1037 1214 1069 fuit
1240 1038 1295 1068 vel
1323 1036 1433 1079 potius
1461 1036 1573 1077 spino·

865 1100 938 1121 sum
955 1090 1141 1120 disserendi
1157 1088 1288 1129 genus?

910 1144 949 1172 87
974 1141 1046 1171 Hoc
1068 1141 1221 1180 reliquum
1242 1139 1371 1179 accipio,
1386 1137 1457 1178 ξω]
1503 1136 1574 1167 Ad-

867 1192 967 1222 mitto
985 1190 1155 1221 libertatis
1181 1188 1414 1220 definitionem
1438 1188 1472 1218 in
1498 1195 1573 1227 pro·

870 1240 1038 1282 positione
1055 1244 1251 1272 contentam
1266 1250 1273 1270 :
1292 1239 1404 1280 inquit
1416 1238 1551 1269 Stoicus
1565 1248 1573 1268 ε

868 1301 935 1322 non
961 1300 1042 1322 vero
1069 1296 1197 1322 cetera.
1242 1290 1377 1330 Legunt
1399 1288 1468 1327 alii,
1494 1287 1575 1318 Hoec

867 1343 987 1383 reliqua
1012 1341 1148 1382 accipio:
1178 1341 1248 1372 licet
1274 1341 1364 1380 illud,
1390 1343 1434 1378 et,
1449 1342 1483 1369 ut
1499 1339 1576 1379 volo,

868 1393 951 1424 tolle.
996 1392 1065 1423 Alii
1081 1393 1278 1430 restituunt,
1292 1400 1355 1422 nec
1367 1390 1440 1422 sine
1457 1389 1578 1430 proba-

870 1444 931 1474 bili
944 1443 1087 1482 rafione,
1105 1443 1185 1474 Hoec
1199 1443 1318 1482 reliqua
1332 1441 1449 1482 accipio
1459 1451 1469 1471 .·
1492 1440 1576 1479 licet,

869 1496 904 1524 ut
921 1494 996 1533 volo,
1011 1493 1122 1532 vivere,
1134 1493 1217 1523 tolle.

914 1543 1012 1574 Licet
1036 1543 1114 1573 illud
1143 1545 1173 1573 et
1203 1546 1242 1574 ut
1267 1541 1346 1573 volo
1375 1539 1462 1580 tolle]
1518 1539 1578 1571 As-

869 1594 1071 1625 sumtionern
1101 1598 1139 1624 ut
1171 1592 1289 1624 falsam
1317 1601 1457 1623 amove:
1492 1590 1579 1621 hanc

871 1655 936 1685 ego
965 1654 1109 1684 respuo;
1144 1648 1181 1675 et
1211 1642 1328 1683 paucis
1353 1642 1517 1682 evincam,
1545 1645 1579 1671 te

873 1705 940 1726 non
966 1694 1080 1725 vivere
1103 1698 1143 1725 ut
1166 1694 1229 1733 vis,
1253 1697 1289 1724 et
1312 1696 1352 1724 ut
1377 1692 1484 1731 libet;
1514 1701 1580 1723 nec

876 1745 938 1776 tibi
952 1745 1055 1776 licere
1072 1745 1161 1786 quod
1178 1749 1275 1785 optas
1288 1748 1323 1775 et
1335 1743 1425 1784 quod
1443 1743 1578 1784 placet:

875 1800 910 1827 tu
928 1795 1101 1827 enimvero
1119 1796 1230 1835 potius
1255 1794 1364 1834 ageris
1380 1798 1417 1824 ct
1433 1793 1581 1833 raptaris

876 1855 1089 1887 quocumque
1108 1845 1246 1876 trahunt
1258 1848 1293 1875 te
1310 1843 1491 1884 cupiditas,
1507 1842 1583 1873 libi-

876 1896 933 1934 do,
960 1896 1092 1936 aliaque
1117 1895 1208 1925 vitia.
1263 1893 1363 1925 Unde
1387 1902 1520 1924 servum
1547 1896 1582 1922 te

877 1946 1060 1984 contende,
1082 1946 1225 1977 liberum
1252 1954 1412 1985 pernego.
1457 1944 1581 1974 Horat.

878 1998 948 2028 Sat.
976 2006 1016 2027 11.
1043 1999 1074 2027 7.
1096 1996 1106 2012 ‘
1124 1997 1176 2026 Τιι
1204 1996 1283 2026 mihi
1312 1995 1367 2035 qui
1392 1993 1582 2034 imperitas,

878 2047 952 2078 aliis
979 2047 1083 2077 servis
1110 2047 1222 2085 miser,
1247 2050 1348 2086 atque
1373 2044 1584 2082 l)nce1·is,ut

878 2096 991 2128 nervis
1016 2097 1133 2128 alienis
1150 2095 1273 2127 mobile
1300 2096 1439 2135 lignum.
1485 2093 1584 2127 Quis-

877 2158 954 2180 nam
984 2149 1089 2189 igitur
1123 2148 1233 2179 liber?
1274 2148 1427 2188 Sapiens,
1453 2147 1583 2188 sibique

878 2199 1100 2239 imperiosus?
1153 2199 1242 2229 Tull.
1270 2198 1396 2229 Parad.
1425 2202 1455 2228 5.
1489 2198 1498 2214 ‘
1517 2196 1584 2227 Im-

878 2250 1004 2290 probos
1026 2259 1091 2280 nou
1117 2250 1166 2280 ita
1191 2249 1309 2279 dicunt
1325 2258 1399 2279 esse
1416 2257 1530 2278 servos
1546 2250 1586 2278 ut

880 2299 1063 2339 mancipia,
1079 2309 1153 2339 quae
1171 2303 1249 2328 sunt
1266 2298 1477 2328 dominorum
1493 2295 1587 2328 facta

879 2357 980 2387 nexu,
1001 2352 1059 2379 aut
1085 2348 1198 2389 aliquo
1217 2348 1296 2388 jure
1323 2347 1434 2378 civili:
1470 2346 1542 2384 sed,
1559 2346 1587 2377 si

881 2399 1025 2430 servitus
1040 2399 1097 2437 sit,
1113 2399 1200 2429 sicut
1215 2404 1267 2430 est
1284 2398 1482 2429 obedientia
1497 2397 1587 2429 frac-

882 2449 908 2480 ti
926 2449 1028 2480 animi
1045 2454 1080 2480 et
1097 2448 1240 2489 abjecti,
1255 2453 1290 2480 et
1305 2448 1447 2479 arbitrio
1468 2457 1586 2479 caren-

882 2500 926 2532 tis
951 2510 1025 2539 suo,
1051 2500 1126 2541 quis
1149 2505 1252 2540 neget
1267 2510 1382 2531 omnes
1399 2500 1503 2537 leves,
1518 2507 1586 2528 om-

882 2561 942 2582 nes
969 2551 1124 2591 cupidos,
1148 2561 1264 2582 omnes
1292 2550 1438 2590 denique
1462 2549 1586 2587 impro-

884 2602 944 2633 bos
972 2612 1047 2634 esse
1074 2603 1212 2633 servos?
1245 2601 1299 2633 An
1318 2601 1375 2631 ille
1401 2598 1480 2629 mihi
1502 2597 1587 2628 liber

883 2652 1052 2693 videatur,
1077 2652 1132 2684 cui
1159 2652 1279 2683 mulier
1305 2651 1461 2690 imperat,
1493 2647 1587 2688 leges

884 2703 1040 2745 imponit,
1056 2706 1151 2734 vetat
1169 2701 1257 2743 quod
1273 2699 1407 2730 videtur
1419 2697 1440 2729 ?’
1464 2700 1530 2730 ἀς.
