1888 3032
686 141 869 173 SATIRA
910 143 976 174 VI.

1475 136 1560 180 177

100 235 320 290 Insignem
339 236 397 278 ob
418 235 588 278 cladem
609 235 843 279 Germanae
863 239 1007 292 pubis,
1026 241 1068 280 et
1085 239 1172 280 aris

100 304 303 357 Frigidus
323 305 541 346 excutitur
562 305 695 346 cinis:
727 317 779 346 ac
794 307 890 358 jam
909 307 1108 360 postibus
1128 319 1266 357 arma,

96 371 126 411 J
130 384 200 412 am
220 372 469 425 chlamydes
490 385 654 426 regum,
669 372 763 426 jam
781 374 898 414 lutea
919 387 1116 428 gausapa
1136 376 1295 429 captis,

100 437 369 492 Essedaque,
391 439 670 493 ingentesque
691 440 810 481 locat
833 439 1039 482 Caesonia
1060 442 1254 484 Rhenos.

96 570 225 600 rendam
231 569 407 607 juventutis
433 569 647 601 Germaniae.-
668 573 759 611 atque
777 571 850 612 jam
869 570 985 610 favilla
1003 571 1134 611 frigida
1156 577 1315 605 amovetur
1331 573 1374 606 ab
1390 573 1560 608 altaribus:

95 618 126 642 et
144 612 283 643 Coesonia
298 623 378 644 nunc
392 622 492 651 arma,
506 623 586 644 nunc
604 613 829 646 Paludamenta
847 615 1076 655 Imperatorum
1097 616 1224 647 collocat
1239 618 1279 648 ad
1295 619 1403 648 valvas
1418 618 1562 657 templo-

99 665 170 686 rum
185 667 193 694 ;
217 665 295 687 nunc
309 661 410 697 parat
424 655 556 696 captivis
566 665 710 697 gausapa
728 657 831 698 flava,
856 661 887 688 et
902 668 1022 699 currus,
1038 662 1069 689 et
1085 658 1250 691 Rhenanos
1272 670 1427 701 proceros,
1474 661 1563 701 Ergo

710 765 827 777 aeaeaeaeaeae

828 766 945 777 eeeeee

361 843 404 871 46
425 840 604 881 chlamydas
620 840 709 872 Edd.
726 840 818 881 vulg.
833 851 973 883 gausapa
988 842 1090 874 victis.
1112 842 1181 873 Ms.
1200 842 1240 872 R.
1258 845 1293 872 et
1309 830 1348 872 C.
1360 833 1374 843 ⁴

762 949 902 981 NOTAE

98 1033 137 1054 ac
154 1023 234 1054 laeta
249 1027 284 1055 et
297 1033 418 1065 magna
434 1024 636 1065 significare,
654 1024 804 1056 animad-

99 1084 233 1105 nersum
250 1078 314 1106 est.
332 1074 429 1106 Alex.
448 1076 489 1107 ab
503 1075 603 1107 Alex.
620 1085 644 1107 1.
661 1079 716 1108 27.

140 1128 183 1157 44
207 1126 365 1166 Insignem
380 1127 416 1157 ob
439 1127 570 1168 cladem]
596 1127 744 1168 Ironice,
761 1127 803 1158 de

98 1176 379 1208 Germauieauna
392 1178 556 1218 Caligulae
572 1178 804 1219 expeditione,

96 1226 131 1256 in
148 1236 214 1267 qua
229 1227 313 1258 nihil
335 1227 473 1268 dignum
496 1229 594 1259 laude
611 1229 652 1260 ab
669 1238 710 1260 eo
733 1239 804 1269 ges-

98 1281 168 1308 tum
197 1282 258 1309 est.
304 1277 393 1310 Vide
419 1279 559 1310 Sueton.
586 1279 620 1309 in
637 1279 804 1320 Caligula,

98 1337 128 1358 c.
154 1331 206 1360 45.
223 1332 258 1360 et
275 1338 345 1370 seq.
362 1329 422 1360 ubi
444 1329 667 1370 Imperatoris
683 1329 806 1361 stolida

98 1377 251 1419 ambitio,
279 1377 440 1421 fictaeque
469 1381 623 1413 victoriae
652 1381 803 1412 referun-

99 1433 166 1459 tur.

146 1478 311 1510 Germanoe
336 1479 443 1521 pubis]
479 1481 678 1513 ,Iuventutis
718 1482 805 1515 Ger-

100 1528 254 1560 manicae.
293 1529 438 1570 Synecd.
473 1531 581 1562 Porro
618 1532 805 1565 Germania

99 1579 213 1620 ampla
235 1583 288 1610 est
303 1581 450 1621 Europae
468 1582 564 1622 regio
588 1582 668 1613 satis
681 1583 804 1625 cuique

98 1634 198 1661 nota:
235 1632 330 1673 cujus
366 1632 486 1672 populi
516 1633 688 1674 quondam
720 1635 808 1666 Teu-

99 1685 209 1721 toneS,
229 1681 351 1713 dehinc
369 1682 561 1723 Alemanni,
585 1689 705 1724 postea
721 1686 807 1716 Ger-

99 1732 190 1763 mani
205 1733 316 1764 vocati
333 1738 424 1764 sunt.
447 1734 581 1774 Strabo,
599 1735 667 1766 alii.

142 1783 220 1814 Aris
238 1783 384 1823 frigidus
395 1785 554 1816 excutitur
569 1785 662 1826 cinis]
685 1787 725 1818 Id
742 1792 806 1828 est,

101 1833 267 1874 postremi
305 1833 461 1866 sacrificii
498 1836 626 1867 residui
674 1838 807 1869 cineres

101 1890 312 1926 amoventur,
332 1896 438 1917 novus
468 1887 567 1927 ignis,
595 1897 684 1919 nova
712 1899 808 1920 sacra

99 1936 345 1975 instaurantur,
360 1947 402 1967 ex
425 1947 518 1967 more
534 1947 542 1975 ;
567 1938 701 1978 quando
718 1939 808 1969 enim

100 1987 259 2018 nuntiata
287 1992 361 2018 erat
388 1987 543 2027 victoria,
559 1997 655 2018 sacra
672 1988 808 2028 publice

100 2037 242 2078 fiebant,
257 2038 299 2069 ad
316 2038 442 2078 gratias
464 2038 542 2068 Diis
559 2038 810 2078 persolvendas,

103 2092 142 2119 et
177 2098 240 2129 pro
277 2089 511 2120 incolumitate
544 2089 808 2130 Imperatorum.

102 2140 288 2170 Testantur
304 2139 381 2178 Dio,
397 2139 627 2179 Herodianus,
644 2140 711 2172 alii.

144 2188 289 2219 Postibus
301 2188 403 2228 arma]
419 2188 605 2219 Enumerat
621 2199 737 2221 omnes
750 2190 809 2221 tri-

106 2239 220 2280 umphi
231 2244 426 2280 apparatus.
441 2239 518 2271 Jam
527 2240 731 2279 templorum
742 2241 810 2271 val-

103 2291 154 2322 vis
170 2300 228 2322 seu
239 2289 660 2331 columnisjubetaffigiac
670 2301 810 2331 suspen·

107 2342 142 2373 di
157 2351 249 2373 arma
263 2341 417 2372 hostibus
441 2341 612 2379 detracta,
627 2350 810 2382 eorumque

103 2393 222 2434 spolia.
251 2392 374 2433 Virgil.
402 2391 479 2422 ΖΕΗ.
507 2401 570 2422 vn.
601 2393 611 2408 ⁴
629 2391 808 2432 Multaque

105 2448 277 2484 praeterea
308 2442 413 2473 sacris
451 2441 485 2472 in
523 2442 677 2483 postibus
706 2451 810 2481 arma,

105 2494 242 2536 Captivi
273 2493 426 2534 pendent
462 2502 591 2533 currus,
627 2501 810 2532 cnrvaeque

107 2543 268 2584 secures,'
297 2546 361 2575 &c.
397 2543 518 2576 Horat.
545 2543 564 2574 Ι.
587 2552 637 2574 1v.
661 2542 730 2575 Od.
746 2543 809 2573 ult.

105 2593 117 2609 ‘
156 2594 202 2625 Et
239 2594 334 2635 signa
375 2599 492 2625 nostro
536 2594 690 2626 restituit
729 2594 810 2627 Jovi

109 2642 260 2684 Dii-epta
288 2644 493 2676 Parthorum
524 2644 679 2686 superbis
704 2643 810 2686 posti-

109 2692 192 2726 bus?
358 2720 362 2722 .

195 2744 310 2786 Delph.
325 2748 354 2776 et
375 2746 451 2778 Var.
469 2747 552 2778 Clas.

899 1029 942 1057 46
961 1026 1147 1067 Chlamydcs
1169 1023 1293 1064 regum]
1310 1022 1561 1055 Paludamenta

858 1077 1108 1118 Imperatorum
1124 1080 1160 1107 et
1175 1077 1313 1107 Ducum
1330 1074 1563 1106 subactorum.

857 1127 975 1158 Vestis
1003 1131 1077 1157 erat
1104 1125 1258 1156 militaris
1288 1124 1392 1164 pallio
1416 1123 1565 1164 brevior,

859 1181 895 1208 et
910 1177 1074 1216 strictior,
1099 1176 1192 1216 cujus
1216 1184 1313 1206 usum
1340 1174 1501 1206 Romanis
1517 1174 1566 1205 in·

858 1227 953 1257 vexit
966 1227 1081 1257 Numa
1103 1225 1294 1266 Pompilius
1310 1224 1467 1266 (auctore
1491 1224 1565 1255 Sui-

860 1277 919 1318 da)
934 1277 1105 1318 legatione
1133 1277 1322 1307 Isaurorum
1348 1279 1505 1314 accepta,
1529 1279 1566 1306 et

859 1327 968 1359 forma
991 1328 1128 1358 habitus
1164 1336 1281 1357 eorum
1319 1325 1566 1365 animadversa,

858 1383 989 1410 vestem
1015 1378 1155 1418 Regiam
1183 1387 1259 1408 cum
1285 1376 1468 1406 Senatoria
1490 1385 1568 1406 con-

853 1428 1015 1469 jungens.
1038 1429 1094 1459 De
1109 1428 1210 1458 variis
1225 1427 1371 1458 vestium
1385 1426 1566 1466 generibus

859 1478 938 1509 vide
955 1478 1055 1509 Alex.
1072 1479 1114 1509 ab
1130 1478 1230 1509 Alex.
1248 1487 1284 1508 v.
1301 1480 1354 1508 18.

903 1529 1003 1559 Lutea
1025 1538 1164 1568 gausapa
1189 1526 1306 1567 captis]
1343 1527 1463 1557 Vestes
1480 1526 1566 1558 mili-

862 1584 951 1610 tares
982 1580 1119 1610 villosas
1153 1578 1267 1610 crocei
1299 1578 1441 1609 coloris:
1480 1583 1566 1609 stra-

862 1635 976 1662 menta
992 1630 1114 1672 quibus
1141 1630 1175 1661 in
1203 1630 1322 1661 castris
1352 1634 1493 1660 utuntur
1510 1630 1568 1660 mi-

862 1682 950 1721 lites,
962 1692 979 1712 e
996 1681 1143 1722 pellibus
1160 1680 1253 1712 facta
1267 1681 1453 1722 praeparari
1464 1680 1569 1721 jubet

863 1732 1022 1772 captivis,
1038 1732 1160 1772 quibus
1187 1731 1233 1761 illi
1262 1730 1386 1770 induti,
1402 1740 1444 1760 ex
1461 1740 1567 1769 more,

863 1782 896 1812 in
914 1782 1083 1822 triumpho
1107 1781 1286 1812 ducantur.
1331 1782 1387 1812 De
1410 1790 1568 1821 gausape,

861 1832 939 1862 vide
956 1842 1031 1872 quae
1048 1831 1199 1862 Martial.
1227 1831 1301 1862 Lib.
1320 1831 1380 1862 ult.
1397 1831 1498 1871 Epig.
1514 1834 1568 1863 29.

861 1887 896 1911 et
914 1884 986 1911 1-15.
1032 1880 1209 1911 Praeterea
1235 1890 1383 1920 gausapa
1401 1881 1472 1912 sive
1490 1891 1570 1921 gau-

863 1932 969 1972 sapia,
985 1936 1021 1963 ut
1035 1936 1088 1962 est
1103 1931 1194 1972 apud
1211 1931 1375 1962 Priscian.
1392 1931 1414 1962 Ι.
1427 1940 1474 1962 1v.
1490 1936 1570 1962 sunt

863 1982 994 2022 tapetia
1037 1982 1108 2013 sive
1154 1982 1406 2022 peristromata,
1447 1982 1568 2023 quibus

863 2042 988 2064 mensae
1026 2037 1211 2073 teguntur;
1268 2033 1366 2064 testis
1402 2033 1569 2074 Scaliger.

864 2085 1033 2116 Martialis
1059 2085 1185 2116 citreas
1208 2094 1341 2115 mensas
1366 2085 1569 2126 gausapibus

863 2136 934 2176 tegi
962 2134 1123 2175 ostendit,
1149 2134 1183 2165 id
1210 2139 1275 2173 est,
1302 2135 1476 2175 tapetibus
1491 2145 1569 2175 pre-

863 2186 969 2225 tiosis,
986 2186 1038 2216 vel
1054 2185 1251 2216 mantilibus
1265 2196 1272 2216 z
1299 2184 1375 2215 Lib.
1393 2185 1452 2216 ult.
1468 2185 1569 2226 Epig.

865 2239 937 2268 138.
974 2237 984 2253 ‘
1000 2237 1156 2268 Nobilius
1193 2236 1313 2266 villosa
1351 2239 1469 2275 tegant
1505 2234 1569 2266 tibi

864 2297 1013 2327 gausapa
1038 2286 1186 2318 citrum.’
1210 2286 1296 2317 Vide
1316 2286 1416 2317 Pers.
1434 2285 1504 2317 Sat.
1517 2294 1569 2318 lv.

865 2348 914 2369 vs.
932 2340 985 2368 37.

908 2390 949 2419 47
976 2386 1167 2428 Essedaque]
1207 2387 1387 2420 Belgarum
1416 2391 1452 2417 et
1483 2386 1569 2417 Ger-

866 2448 1041 2470 manorum
1067 2438 1321 2469 Rhenicolarum
1361 2437 1528 2475 vehicula,
1550 2446 1570 2467 e

867 2488 988 2530 quibus
1005 2489 1085 2520 olim
1102 2488 1356 2529 depugnabant,
1370 2492 1405 2518 et
1421 2492 1569 2517 rotarum
1609 2500 1614 2504 »

865 2541 1094 2582 ingruentium
1153 2544 1314 2580 strepitu,
1359 2540 1568 2577 impetuque,

864 2591 1010 2623 hostium
1025 2590 1161 2622 ordines
1179 2590 1401 2630 proterebant
1415 2590 1475 2616 aut
1491 2593 1567 2624 per-

865 2641 1060 2673 turbabant.
1094 2640 1216 2680 Virgil.
1241 2638 1365 2675 Georg.
1391 2643 1446 2665 ui.
1463 2635 1472 2651 ‘
1488 2634 1568 2665 Bel-

865 2693 942 2733 gica
964 2692 1019 2722 vel
1048 2690 1141 2721 molli
1179 2687 1297 2719 molius
1327 2684 1417 2716 feret
1447 2683 1569 2715 esseda

805 2746 894 2776 Pers.
1443 2737 1482 2768 M
