1888 3032
458 112 695 153 mominis,
729 112 788 142 Er
819 111 1086 144 sommium
1120 112 1337 143 GENERE.
1565 103 1621 145 15

166 201 339 258 Nero,¹⁵
369 212 456 249 tani
477 210 713 251 absurdum
748 214 828 260 est,
860 214 908 252 ut
940 211 1066 251 mirer
1095 210 1245 260 fuisse,
1266 209 1341 263 qui
1372 207 1620 264 hujusmodi

164 275 273 328 quid
304 276 416 317 serio
446 281 698 330 repeterent,
729 290 809 318 nec
840 278 1133 330 intelligerent,
1175 290 1232 317 ex
1261 277 1383 317 varia
1415 277 1618 319 codicum

160 343 343 386 lectione
363 347 689 399 grammaticum
711 346 859 386 nescio
881 358 1008 398 quem
1029 345 1137 386 illud
1157 346 1450 387 somniasse.¹⁶

217 411 272 452 In
290 426 457 453 morum
480 414 741 467 turpitudine
762 412 978 465 carpenda
997 412 1099 452 dum
1118 416 1315 453 versatur
1336 413 1532 464 Persius,
1552 428 1618 456 res

159 477 270 519 adeo
302 479 342 519 ei
376 479 548 532 indigna
583 486 712 532 atque
745 479 1018 520 intoleranda
1049 479 1233 528 videtur,
1266 484 1331 530 ut,
1358 480 1529 533 judicio
1560 495 1618 524 ex

157 549 307 586 nostro
328 558 458 586 sensu
478 547 582 596 lato,
603 547 749 586 verbis
784 549 826 586 et
852 546 1116 586 dictionibus
1143 550 1288 587 utatur
1318 549 1553 599 obscoenis,
1575 554 1619 591 et

158 612 204 652 in
224 614 360 666 tropis
382 613 619 667 figurisque
652 613 892 666 deligendis
927 626 1097 653 omnem
1132 613 1309 654 modum
1330 615 1394 654 ita
1414 617 1617 669 excedat,

158 682 208 720 ut
226 680 447 729 interdum,
470 680 574 733 quid
607 680 691 720 sibi
720 681 840 728 velit,
870 681 997 733 plane
1031 681 1292 722 nesciamus.
1375 681 1535 736 Atque,
1578 684 1618 724 si

156 759 248 788 rem
269 749 516 788 accuratius
552 747 889 796 consideramus,
918 752 1113 800 apparet,
1130 761 1227 788 eum
1245 761 1329 789 non
1354 749 1431 789 illa
1451 751 1618 791 abomi-

156 814 303 855 nanda
320 815 527 868 attigisse,
548 815 704 868 quibus
725 814 920 856 homines
948 819 1050 856 tunc
1083 817 1247 869 passim
1268 821 1388 857 erant
1409 818 1615 858 contami-

156 883 264 930 nati,
284 882 360 922 sed
380 883 546 924 leviora
565 886 746 932 tantum,
763 886 804 923 et
824 885 918 937 jam
943 882 1125 931 dudum,
1145 884 1384 936 praesertim
1407 897 1434 924 a
1454 884 1615 926 delica-

156 949 275 999 tulis,
295 963 413 991 more
428 954 622 1004 recepta,
643 950 700 991 ad
720 950 1003 991 immodicum
1025 951 1219 1004 corporis
1240 951 1402 990 cultum
1433 951 1614 992 effoemi-

155 1020 388 1071 natamque
436 1017 661 1058 mollitiem
709 1018 869 1070 magis,
909 1030 1039 1072 quam
1082 1018 1138 1058 ad
1188 1031 1356 1059 morum
1390 1018 1615 1059 infamiam

156 1084 512 1138 voluptatumque
542 1084 852 1139 turpitudinem
884 1086 1141 1139 spectantia.
1203 1085 1352 1136 Quid?
1385 1087 1423 1127 si
1444 1100 1497 1127 ea
1518 1098 1616 1127 cas-

151 1151 346 1204 tigasset,
378 1165 478 1205 quae
508 1151 740 1193 Juvenalis
771 1152 1031 1205 quibusdam
1065 1153 1177 1193 locis
1210 1154 1418 1207 exagitat,
1451 1153 1613 1206 quibus

151 1219 325 1260 tandem
344 1220 488 1260 verbis
508 1233 608 1260 eum
629 1232 805 1260 usurum
828 1218 964 1259 fuisse
981 1219 1309 1260 existimemus?
1342 1219 1505 1260 Verum
1525 1219 1612 1260 illae

153 1286 380 1337 dictiones,
415 1300 525 1341 quas
561 1287 771 1338 adhibuit,
803 1288 944 1336 rebus,
978 1299 1080 1340 quae
1111 1290 1327 1336 notantur,
1365 1299 1612 1327 accommo—

153 1353 267 1396 datae
316 1358 440 1406 sunt3
471 1367 550 1396 nec
581 1355 671 1396 dici
708 1358 864 1408 potest,
907 1367 1005 1394 eum
1048 1355 1339 1407 indignatione
1385 1355 1612 1407 abreptum

152 1420 389 1474 virgineum
403 1422 523 1462 illum
543 1422 766 1476 pudorem,
780 1435 907 1474 quem
922 1423 1054 1474 vulgo
1068 1423 1130 1462 illi
1151 1422 1402 1470 tribuerunt,
1420 1422 1611 1471 exuisse,

154 1500 255 1529 cum
273 1489 351 1529 illa
370 1489 504 1529 verba
533 1493 632 1529 tunc
662 1489 734 1529 vel
762 1502 788 1529 a
819 1490 925 1529 viris
956 1490 1146 1530 honestis
1176 1493 1500 1542 usurparentur,
1531 1500 1611 1528 nec

155 1554 310 1596 Cicero
349 1556 564 1596 erubuerit
599 1556 645 1596 in
677 1555 941 1609 Philippicis
975 1556 1067 1597 suis
1103 1555 1156 1596 de
1188 1556 1317 1597 rebus
1347 1554 1609 1596 foedioribus

150 1623 297 1664 verbis
317 1623 449 1664 etiam
470 1622 820 1664 obscoenioribus
846 1623 923 1664 uti.

813 1772 846 1803 N
852 1771 954 1804 OTAE

194 1853 234 1880 15
257 1848 384 1889 Verba,
399 1859 475 1890 quae
493 1850 654 1889 leguntur
674 1849 744 1880 Sat.
762 1859 785 1880 1.
801 1859 851 1882 va.

151 1903 232 1932 121:
256 1901 265 1917 ‘
280 1899 459 1931 Auriculas
488 1899 572 1930 asini
594 1899 691 1930 Mida
708 1909 766 1930 rex
792 1901 850 1931 ha-

148 1950 232 1990 bet‚'
262 1954 378 1980 narrat
406 1950 483 1980 vitae
514 1954 633 1980 auctor
664 1950 848 1980 Cornutum

148 2001 197 2031 ita
212 2001 293 2031 satis
310 2000 456 2030 absurde
476 2005 641 2030 mutasse:
677 2000 686 2016 ‘
706 1999 848 2031 Auricu-

148 2051 194 2082 las
209 2050 294 2081 asini
305 2051 376 2091 quis
391 2060 457 2081 non
473 2050 598 2081 habet!

183 2104 225 2133 16
239 2102 329 2133 Vitae
341 2107 460 2132 auctor
471 2106 640 2142 praeterea
651 2102 721 2133 haec
733 2101 852 2134 habet:

149 2154 158 2170 ‘
178 2152 278 2182 Hunc
308 2152 417 2192 ipsum
449 2152 572 2182 librum
610 2151 850 2192 imperfectum

148 2202 299 2243 reliquit.
357 2202 484 2232 Versus
509 2201 610 2242 aliqui
639 2201 744 2233 demti
772 2208 850 2234 sunt

148 2252 266 2284 ultimo
296 2251 386 2289 libri,
417 2255 454 2282 ut
481 2251 576 2292 quasi
606 2251 719 2281 finitus
748 2256 849 2283 esset.

147 2301 286 2333 Leviter
315 2303 517 2332 retractavit
555 2300 745 2339 Cornutus:
782 2303 848 2333 &c.

145 2352 200 2383 Sic
216 2352 287 2382 baec
310 2351 444 2382 Reizius
468 2351 633 2389 exhibuit,
648 2361 722 2391 quae
749 2351 850 2382 aliter

147 2402 236 2443 apud
254 2403 348 2439 alios,
365 2411 498 2441 semper
522 2407 633 2432 tamen
660 2402 707 2432 ita
731 2402 848 2441 legun-

146 2458 212 2491 tur,
238 2459 277 2483 ut
306 2453 418 2483 nullus
449 2462 565 2482 sensus
599 2452 738 2482 idoneus
770 2451 847 2482 inde

147 2503 223 2534 elici
253 2503 369 2543 possit.
416 2504 574 2533 Ceterum
606 2503 668 2532 hoc
701 2503 748 2532 ita
779 2511 846 2532 non

148 2562 219 2584 esse
241 2553 489 2593 accipiendum,
518 2554 612 2593 quasi
630 2562 718 2582 nuuc
743 2553 847 2583 satira

147 2607 243 2634 sexta
264 2613 383 2634 manca
407 2604 462 2643 sit,
489 2613 564 2644 quae
592 2603 709 2642 procul
740 2601 844 2632 dubio

147 2653 277 2693 integra
291 2657 357 2693 est,
370 2653 438 2694 jam
457 2653 673 2685 Casaubonus
692 2651 821 2682 monuit
835 2665 844 2691 3

904 1852 1063 1893 idemque
1085 1851 1270 1891 existimat,
1285 1859 1401 1882 versus
1428 1849 1500 1881 illos
1518 1848 1608 1880 dele-

905 1906 956 1933 tos
983 1902 1025 1932 ad
1049 1912 1169 1933 novam
1185 1902 1322 1933 satiram
1339 1900 1544 1941 pertinuisse
1560 1899 1607 1929 in-

905 1952 1061 1982 choatam
1089 1957 1221 1983 tantum
1252 1960 1315 1981 nec
1351 1950 1429 1981 dum
1463 1948 1606 1981 finitam.

903 2001 1013 2032 Addit
1040 2006 1226 2042 praeteroa:
1251 2002 1260 2017 ‘
1277 2001 1350 2031 Etsi
1378 2009 1458 2031 vero
1474 2003 1607 2030 certum

904 2056 970 2090 est,
989 2057 1082 2083 recte
1098 2052 1209 2083 Persii
1233 2052 1354 2083 librum
1382 2051 1480 2081 bodie
1496 2050 1531 2080 in
1547 2058 1606 2080 sex

904 2102 1025 2133 satiras
1042 2101 1223 2142 distingui;
1251 2101 1286 2131 in
1302 2099 1544 2141 antiquissimis
1560 2103 1609 2130 ta-

905 2161 980 2182 men
1006 2151 1210 2182 membranis
1227 2151 1324 2181 alianr
1353 2150 1606 2180 distinctionem

903 2201 1091 2232 invenimus
1107 2212 1113 2231 :
1139 2201 1172 2231 in
1196 2200 1310 2231 multis
1327 2200 1416 2230 enim
1432 2199 1606 2230 codicibus

904 2251 1051 2292 quinque
1079 2251 1185 2281 solum
1223 2250 1335 2280 satirae
1372 2252 1605 2287 numerantur,

904 2305 1026 2341 quarta
1049 2300 1091 2330 ad
1112 2300 1247 2330 tertiam
1275 2299 1456 2339 adjuncta:
1482 2298 1517 2329 in
1534 2298 1606 2340 qui-

905 2349 1044 2380 busdam
1083 2350 1261 2380 continuus
1297 2354 1349 2380 est
1386 2359 1470 2380 unus
1507 2349 1605 2390 liber,

902 2400 995 2430 nulla
1032 2400 1207 2430 satirarum
1245 2399 1336 2430 facta
1370 2399 1604 2431 distinctione.

901 2450 989 2481 Saue
1014 2450 1217 2489 Priscianus,
1239 2456 1342 2490 atque
1370 2449 1426 2479 alii
1443 2458 1604 2489 gramma-

903 2500 965 2530 tici
981 2500 1124 2540 antiqui,
1138 2499 1270 2540 quoties
1284 2499 1438 2528 Persium
1453 2497 1603 2535 laudant,

902 2551 1023 2581 librum
1048 2550 1232 2590 nominant,
1255 2557 1321 2580 non
1346 2548 1465 2579 satiras
1489 2556 1601 2577 mune-

899 2601 998 2632 ram.¹
