1888 3032
695 139 856 170 PERSII

150 231 206 263 ille
222 241 303 264 vero
311 232 384 274 jam
400 232 482 264 mihi
497 241 592 274 aeque
605 236 658 264 est
671 233 806 274 ignotus
820 238 855 266 et

148 281 324 314 obscurus.
371 283 512 318 Quartus
529 287 632 324 pater,
655 289 708 315 est
727 289 854 316 atavus.

149 332 262 364 Lubias.

190 386 233 415 59
255 385 429 426 Ritu,85c.]
466 385 627 425 Ratione,
655 386 709 416 vel
734 386 854 417 ordine

147 436 371 477 cognationis,
408 438 435 468 si
471 443 616 469 stemma
648 443 852 479 spectemus.

149 486 249 517 Idern.

190 538 232 567 60
271 537 413 578 Manius]
451 538 523 569 Ista
553 539 686 569 ratione
716 538 852 569 Manius

147 586 228 617 mihi
245 592 409 628 cognatus
429 588 592 629 probatur
609 597 696 628 esse,
711 598 776 619 non
793 589 851 620 ille

147 636 284 678 quidem
302 639 474 678 proximus
489 649 498 678 ;
522 639 581 670 sed
599 643 713 671 tamen
729 649 851 681 cogna-

146 692 212 718 tus.
247 688 419 720 casaubon.

189 740 228 768 61
257 738 333 779 Qui,
358 739 427 778 δῖα]
462 738 565 780 Apud
591 739 745 770 Athenas
773 750 851 772 cum

139 787 285 829 juvenes
303 789 399 820 ludos
424 799 523 820 cursu
548 790 779 831 celebrabant,
794 791 851 832 qni

145 838 255 869 victor
282 844 383 879 esset,
407 840 533 880 primus
556 839 666 871 facem
684 841 850 872 tollebat:

145 887 269 920 deinde
296 891 452 931 sequenti
479 901 514 922 se
539 891 710 931 tradebat,
736 897 771 924 et
801 901 851 923 se·

146 939 276 970 candus
285 941 407 972 tertio:
432 942 588 973 similiter
598 952 727 983 omneS,
739 942 850 974 donec

146 990 356 1022 currentium
369 1001 528 1022 numerus
544 992 755 1032 impleretur.
783 993 850 1024 Vet.

144 1038 342 1080 Scin—Qui,
354 1041 420 1082 Syra]
449 1041 686 1083 Reprehendit
697 1042 770 1082 jam
784 1042 852 1073 hae-

144 1090 348 1131 redipetam,
374 1093 469 1133 cujus
500 1092 745 1132 impudentiam
776 1102 852 1133 per-

143 1141 292 1182 stringit,
305 1142 361 1182 qni
376 1143 484 1183 major
506 1150 589 1174 natu
607 1153 646 1174 ac
663 1143 851 1184 senior,ju-

143 1191 247 1223 nioris
264 1197 408 1222 mortem
424 1192 520 1223 avide
534 1192 675 1233 ejusque
691 1192 786 1223 bonis
804 1194 851 1224 in-

141 1241 236 1274 hiare
252 1252 319 1273 non
333 1243 693 1284 erubescebam—Qui,
709 1244 778 1284 esa]
803 1245 850 1277 0-

142 1292 243 1324 mitto
272 1293 438 1333 Manium,
479 1294 590 1335 inquit
605 1305 614 1332 3
649 1295 709 1326 sed
740 1300 778 1326 tu
804 1296 850 1326 mi

143 1343 262 1384 baeres,
277 1353 377 1384 quem
394 1349 526 1375 naturae
544 1345 742 1386 propiorem
770 1346 850 1377 mihi

142 1391 238 1432 fecit,
254 1403 353 1434 quam
380 1394 425 1424 sit
448 1394 598 1433 Manius,
614 1399 649 1425 et
679 1395 722 1425 ad
749 1405 849 1437 quem

142 1442 218 1483 lege
234 1444 381 1474 naturali
395 1454 471 1474 mea
481 1445 655 1475 hereditas
669 1445 761 1485 prius
775 1457 850 1487 per-

144 1498 287 1525 ventura
303 1500 354 1525 est
367 1505 466 1535 quani
479 1494 522 1525 ad
536 1495 643 1535 illum,
654 1505 715 1525 cur
731 1496 774 1526 de
784 1496 851 1528 hae-

144 1544 289 1575 reditate
304 1554 393 1583 mea,
411 1545 560 1575 viventis
577 1545 685 1576 adhuc
702 1555 738 1577 es
762 1547 852 1577 solli-

143 1594 257 1625 citus?
301 1595 390 1625 Tum
417 1595 451 1625 in
476 1595 655 1635 agonibus,
682 1597 852 1637 posterior

143 1653 262 1676 cursor
287 1645 398 1676 facem
422 1646 586 1686 poscebat
609 1648 769 1688 priorem,
784 1659 850 1680 non

143 1700 260 1727 contra
275 1706 282 1726 :
308 1706 412 1737 quare
426 1697 543 1738 inepte
554 1699 767 1739 exposueris,
784 1700 851 1733 Qui

141 1746 236 1786 prior
250 1756 286 1777 es
306 1747 340 1777 in
366 1757 478 1779 cursu.
524 1749 713 1789 Lampades
737 1755 850 1781 autem

143 1796 327 1828 tradebant
343 1807 407 1828 uon
426 1803 617 1837 currenteS,
632 1799 691 1829 sed
708 1799 851 1830 decurso

145 1846 256 1886 spatio
271 1858 278 1877 :
304 1847 392 1878 sicut
405 1848 641 1879 haereditatem
652 1858 719 1879 non
732 1849 851 1889 tradit,

144 1896 203 1937 qni
225 1897 322 1937 vivit,
345 1898 405 1929 sed
430 1899 487 1939 qui
516 1899 610 1930 vixit.
636 1899 852 1931 Cri-snubere.—

142 1947 255 1987 Prior]
270 1948 364 1979 Natu
376 1949 496 1988 major,
509 1950 773 1990 annosior.—In,
782 1951 851 1991 ξιπ]

143 1996 184 2029 In
200 1998 263 2029 hoc
282 1999 463 2036 curriculo,
482 1999 534 2030 vel
551 1999 781 2032 stadiodromo
806 2002 850 2032 vi-

142 2053 187 2079 tae
217 2048 602 2090 humanae.——Lampadu]
642 2050 848 2092 Allegorice‚

144 2107 207 2138 pro
220 2098 306 2137 Ipsis
323 2098 416 2129 bonis
432 2104 467 2130 et
481 2099 714 2131 facultatibus.
733 2102 848 2133 Luhin.

185 2149 227 2178 62
250 2147 338 2186 Sum,
354 2148 424 2188 ἃμ]
449 2149 675 2190 Dialogismus
694 2152 801 2182 Persii
814 2157 849 2184 et

143 2197 288 2229 haeredis
302 2198 343 2228 ad
361 2197 461 2229 finem
476 2209 591 2240 nsque.
635 2201 758 2232 Sensus
776 2208 847 2235 est:

144 2247 218 2288 Ego
241 2258 312 2279 sum
338 2248 401 2279 tibi
431 2249 550 2289 haeres,
577 2254 736 2291 tanquam
762 2253 848 2284 lucri

143 2297 253 2337 Deus,
269 2298 325 2339 qui
341 2308 416 2329 mea
434 2298 518 2330 bona
544 2301 694 2340 gratuito
718 2302 782 2333 tibi
798 2303 848 2334 of-

142 2346 258 2379 feram.
302 2349 377 2388 Ego
394 2349 458 2380 huc
474 2349 516 2380 ad
531 2355 578 2388 te,
593 2356 629 2381 ut
640 2351 697 2383 ille
714 2353 848 2385 Mercu-

143 2397 212 2428 rius
238 2397 362 2428 dextra
380 2404 499 2430 tenens
517 2402 720 2441 marsupium
739 2404 849 2445 pingi-

143 2452 213 2487 tur,
234 2457 310 2479 cum
338 2448 430 2479 bonis
458 2449 541 2480 meis
565 2455 724 2492 tanquam
754 2454 848 2485 Deus

143 2497 255 2535 venio,
272 2507 380 2539 eaque
398 2499 458 2529 tibi
475 2499 594 2539 gratis,
608 2501 680 2532 sine
706 2507 765 2534 tuo
783 2513 848 2534 nle-

143 2546 224 2586 rito,
240 2546 594 2591 offero—Mercurius]
618 2551 722 2584 Lucri
740 2555 846 2586 Deus.

143 2596 241 2627 Idem.

185 2649 228 2678 63
242 2646 410 2688 Pingitur]
425 2649 640 2690 Pingebatur
655 2653 848 2686 Mercurius

145 2696 266 2729 dextra
276 2699 481 2739 marsupium
494 2704 624 2743 tenens,
636 2704 726 2744 quod
743 2714 847 2747 supra

896 140 1002 172 SA'r.
1022 139 1089 171 vi.
1521 133 1608 175 ‘281

905 238 1008 275 caput
1024 234 1109 267 hirci
1131 235 1288 277 jacebat,
1304 236 1443 268 sinistra
1467 237 1611 269 caduce-

907 294 961 315 um
979 285 1132 317 tenebat.
1165 285 1221 317 Ad
1239 286 1345 328 pedes
1361 287 1474 319 hircus
1489 292 1525 320 et
1539 289 1610 329 gal-

905 335 956 365 lus
973 338 1191 377 erant.—An,
1205 336 1274 377 ξω]
1297 337 1350 369 An
1371 347 1505 369 recusas
1522 338 1613 370 acci·

905 395 986 425 pere
1004 386 1166 427 quicquid
1184 396 1246 428 ego
1273 387 1336 418 tibi
1359 388 1465 428 gratis
1482 386 1611 420 offero?

903 435 1109 476 —Gaudere]
1149 438 1259 468 Hilari
1296 438 1408 469 animo
1441 439 1612 480 accipere,

904 489 1065 526 tanquam
1083 487 1213 517 lucrum
1227 488 1463 520 adventitium.
1487 489 1587 521 Idem.

945 538 985 566 64
1003 536 1111 576 Deest,
1123 537 1193 577 Esau]
1210 537 1324 569 Verba
1337 539 1480 570 haeredis
1497 539 1610 571 Persii

902 586 1136 617 haereditatem
1153 588 1246 618 adire
1271 589 1472 628 recusantis,
1489 599 1531 620 ex
1550 589 1610 620 ad-

895 635 1039 676 junctis,
1057 637 1149 677 quod
1174 646 1302 668 summa
1320 637 1481 669 bonorum
1498 639 1610 670 Persii

903 686 1018 727 aliqua
1048 692 1146 727 parte
1175 687 1352 719 imminuta
1381 689 1610 731 sin—Minui]

904 736 1104 776 Respondet
1115 737 1253 769 Persius
1268 749 1275 769 :
1301 738 1337 769 Si
1354 739 1482 780 aliquid
1500 740 1610 780 deest,

902 786 984 817 mihi
999 786 1106 825 deest,
1122 797 1188 818 non
1205 788 1268 819 tibi
1283 799 1292 826 ;
1315 789 1397 819 mihi
1410 789 1525 830 minui,
1541 800 1609 822 non

902 836 965 867 tibi
982 847 989 867 :
1016 837 1077 868 tibi
1090 843 1202 869 autem
1216 839 1379 880 quicquid
1393 840 1427 870 id
1441 845 1504 877 est,
1517 841 1609 882 quod

902 887 1037 928 reliqui,
1063 893 1173 919 totum
1190 894 1224 920 et
1238 889 1407 930 integrum
1425 896 1490 930 est,
1512 892 1612 922 nihil-

903 948 969 978 que
988 943 1055 969 tuae
1071 948 1209 970 summm
1228 940 1339 981 deest,
1352 950 1431 972 nam
1445 941 1529 972 nihil
1546 941 1610 973 tibi

903 988 1108 1020 debebatur.
1133 989 1232 1020 Idem.

937 1042 977 1070 65
1000 1040 1073 1080 Ubi,
1082 1039 1152 1080 ξω]
1169 1040 1209 1071 Id
1222 1045 1286 1081 est,
1298 1042 1333 1073 Si
1345 1043 1476 1083 sapis,o
1489 1043 1612 1084 haeres,

902 1099 983 1121 cave
1000 1095 1036 1121 et
1052 1089 1130 1131 fuge
1146 1091 1230 1122 illud
1245 1102 1286 1122 ex
1302 1102 1356 1123 me
1372 1103 1539 1133 quaerere,
1552 1093 1610 1124 ubi

901 1139 984 1170 illud
1003 1140 1120 1179 sit,vel
1136 1141 1193 1172 ubi
1203 1141 1288 1171 illud
1299 1142 1506 1183 reliquerim,
1518 1142 1607 1184 qnod

901 1191 1029 1222 TadIus
1046 1191 1127 1222 mibi
1144 1192 1224 1223 olim
1248 1192 1283 1222 in
1308 1197 1513 1224 testamento
1534 1193 1612 1224 reli-

902 1241 986 1282 quit.
1033 1242 1113 1272 Non
1128 1242 1218 1272 enim
1234 1247 1353 1273 teneor
1366 1243 1426 1274 tibi
1443 1243 1609 1276 rationem

901 1291 1056 1323 reddere.
1085 1292 1184 1324 Idem.

943 1344 985 1372 66
1001 1342 1084 1381 Neu,
1099 1341 1169 1382 &cd
1187 1342 1261 1373 Nec
1278 1348 1420 1383 patruus
1432 1344 1513 1375 mihi
1524 1349 1612 1386 esto,

901 1402 964 1423 nec
987 1393 1081 1424 dicta
1107 1394 1298 1435 imperiosa,
1314 1397 1480 1437 censoria,
1495 1402 1531 1428 et
1553 1407 1610 1438 pa·

902 1447 1014 1482 terna,
1029 1444 1148 1485 quihus
1172 1445 1222 1476 uti
1247 1447 1357 1477 solent
1377 1452 1493 1487 patres
1508 1447 1541 1477 in
1558 1457 1610 1478 re·

901 1493 1051 1531 petenda
1079 1502 1191 1523 rerum
1217 1495 1295 1525 filiis
1322 1496 1530 1527 creditarum
1558 1506 1609 1527 ra-

903 1542 1005 1581 tione,
1019 1542 1100 1572 mihi
1117 1552 1177 1582 pro
1191 1545 1274 1574 meis
1287 1544 1509 1577 facultatibus
1526 1556 1609 1588 quas

901 1591 967 1622 tibi
997 1592 1166 1632 relinquo,
1197 1603 1338 1635 repone,
1375 1600 1410 1626 et
1440 1596 1610 1628 retribue.

901 1641 1000 1672 Idem.

943 1695 983 1723 67
1009 1694 1161 1735 foenoris,
1176 1696 1244 1736 ssa]
1266 1696 1429 1726 Tractum
1443 1701 1496 1728 est
1507 1696 1571 1729 hoc
1589 1707 1610 1728 a

901 1746 1055 1785 patribus
1071 1747 1128 1787 qui
1150 1747 1269 1778 dicunt
1291 1746 1370 1777 filiis
1396 1748 1482 1779 suis:
1519 1748 1610 1789 Hoc,

901 1795 992 1835 quod
1011 1796 1104 1827 vobis
1124 1797 1208 1827 lucri
1233 1796 1275 1827 de
1298 1795 1429 1828 foenore
1452 1799 1608 1838 accessit,

901 1846 942 1875 ad
959 1845 1161 1884 fructum,id
1176 1847 1290 1886 est,ad
1308 1857 1402 1878 usum
1416 1848 1497 1879 vitae
1511 1848 1608 1880 vobis

900 1894 1077 1935 proficiat:
1102 1896 1267 1937 reliquum
1290 1906 1370 1927 vero
1387 1897 1540 1937 pecuniae
1557 1906 1609 1929 re-

898 1950 1031 1975 servate
1046 1945 1228 1986 integrum.
1252 1946 1318 1977 Yet.
1329 1945 1610 1987 Sch.—Foen⁰ri⁸]

900 1995 992 2026 Olim
1009 2006 1085 2026 cum
1100 1996 1255 2027 relictam
1273 2006 1292 2026 a
1308 2006 1360 2027 ine
1377 1996 1607 2029 hereditatem

898 2045 1167 2085 administrabis,
1184 2055 1254 2076 rem
1276 2046 1466 2086 amplifica,
1492 2052 1527 2078 et
1549 2046 1608 2078 foe-

898 2096 1036 2127 nuribus
1054 2106 1140 2137 auge
1167 2103 1256 2127 tuam
1281 2102 1417 2127 sortem.
1464 2097 1608 2128 Foenoris

898 2156 1022 2185 merces,
1036 2152 1090 2177 est
1109 2147 1246 2177 Merces
1263 2152 1380 2177 mutuo
1398 2146 1488 2177 datae
1506 2156 1608 2188 pecu-

899 2196 1121 2235 niae.—Hinc,
1136 2195 1203 2236 ἔξω]
1220 2195 1311 2227 Hinc
1327 2206 1367 2226 ex
1384 2195 1527 2236 foenore,
1539 2205 1607 2228 non

900 2258 941 2278 ex
956 2253 1059 2279 sorte.
1104 2249 1278 2287 Sumptus,
1299 2246 1340 2277 τὰ
1363 2246 1518 2284 ἐπιτήδεια
1540 2247 1606 2280 καθ’

898 2296 1022 2338 ἡμέραν.
1052 2297 1184 2327 Casaub.
1213 2297 1345 2328 Turneb.
1360 2305 1449 2328 xxx.
1466 2300 1498 2328 7.

941 2352 982 2381 68
1008 2348 1185 2389 §euim-sa]
1209 2348 1322 2379 Verba
1336 2348 1479 2380 lnaeredis
1497 2350 1603 2381 baere-

899 2400 1042 2430 ditatein
1059 2399 1268 2430 imminutam
1282 2408 1357 2429 esse
1370 2399 1606 2431 molestissime

898 2449 1282 2491 ferentis-Reliquum]
1316 2450 1465 2481 Verbum
1493 2451 1605 2481 Persii

899 2501 1470 2542 cumstomachopronunciandum.
1496 2501 1604 2539 Heus,

899 2562 996 2593 puer,
1021 2562 1111 2583 nunc
1136 2552 1338 2583 delicatiora
1365 2550 1496 2580 fercula
1522 2549 1604 2581 mihi

899 2614 1058 2645 compara
1073 2614 1081 2641 ;
1105 2603 1175 2643 jani
1189 2602 1281 2633 cibos
1299 2609 1388 2630 ineos
1406 2600 1516 2629 lautos
1533 2598 1606 2639 pin-1

899 2664 981 2696 gnes
1003 2653 1189 2694 impensius
1209 2660 1310 2690 unge.
1355 2648 1461 2681 Quasi
1485 2648 1601 2680 dieat:

898 2704 992 2736 Nihil
1020 2703 1083 2735 tibi
1106 2701 1310 2741 relinquere,
1329 2702 1365 2729 et
1388 2697 1500 2730 omnia
1521 2703 1601 2731 ante
