<?xml version="1.0" encoding="UTF-8"?>
<!DOCTYPE html PUBLIC "-//W3C//DTD XHTML 1.0 Transitional//EN"
    "http://www.w3.org/TR/xhtml1/DTD/xhtml1-transitional.dtd">
<html xmlns="http://www.w3.org/1999/xhtml" xml:lang="en" lang="en">
 <head>
  <title>
</title>
<meta http-equiv="Content-Type" content="text/html;charset=utf-8" />
  <meta name='ocr-system' content='tesseract 3.04.00' />
  <meta name='ocr-capabilities' content='ocr_page ocr_carea ocr_par ocr_line ocrx_word'/>
</head>
<body>
  <div class='ocr_page' id='page_1' title='image "./operaomnia00persuoft_0242.png"; bbox 0 0 1888 3032; ppageno 0'>
   <div class='ocr_carea' id='block_1_1' title="bbox 243 123 329 165">
    <p class='ocr_par' dir='ltr' id='par_1_1' title="bbox 243 123 329 165">
     <span class='ocr_line' id='line_1_1' title="bbox 243 123 329 165; baseline 0.012 -1"><span class='ocrx_word' id='word_1_1' title='bbox 243 123 329 165; x_wconf 73' lang='lat'>‘2:30</span> 
     </span>
    </p>
   </div>
   <div class='ocr_carea' id='block_1_2' title="bbox 234 226 968 2758">
    <p class='ocr_par' dir='ltr' id='par_1_2' title="bbox 234 226 959 920">
     <span class='ocr_line' id='line_1_2' title="bbox 242 226 955 268; baseline -0.004 -7"><span class='ocrx_word' id='word_1_2' title='bbox 242 230 394 268; x_wconf 85' lang='lat' dir='ltr'>mittere,</span> <span class='ocrx_word' id='word_1_3' title='bbox 414 239 491 261; x_wconf 88' lang='lat' dir='ltr'>cum</span> <span class='ocrx_word' id='word_1_4' title='bbox 509 229 564 259; x_wconf 71' lang='lat' dir='ltr'>illa</span> <span class='ocrx_word' id='word_1_5' title='bbox 582 227 659 258; x_wconf 86' lang='lat' dir='ltr'>iude</span> <span class='ocrx_word' id='word_1_6' title='bbox 678 227 792 268; x_wconf 87' lang='lat' dir='ltr'>potius</span> <span class='ocrx_word' id='word_1_7' title='bbox 810 226 955 258; x_wconf 84' lang='lat' dir='ltr'>debere-</span> 
     </span>
     <span class='ocr_line' id='line_1_3' title="bbox 243 276 955 318; baseline -0.001 -8"><span class='ocrx_word' id='word_1_8' title='bbox 243 289 317 310; x_wconf 85' lang='lat' dir='ltr'>mus</span> <span class='ocrx_word' id='word_1_9' title='bbox 332 278 468 311; x_wconf 76' lang='lat' dir='ltr'>efferre.</span> <span class='ocrx_word' id='word_1_10' title='bbox 493 276 886 318; x_wconf 75' lang='lat' dir='ltr'>Lubinus.-lmmittere]</span> <span class='ocrx_word' id='word_1_11' title='bbox 902 279 955 309; x_wconf 91' lang='lat' dir='ltr'>In-</span> 
     </span>
     <span class='ocr_line' id='line_1_4' title="bbox 234 328 955 369; baseline -0.001 -8"><span class='ocrx_word' id='word_1_12' title='bbox 234 329 371 368; x_wconf 66' lang='lat' dir='ltr'>‚ducere</span> <span class='ocrx_word' id='word_1_13' title='bbox 384 329 592 369; x_wconf 84' lang='lat' dir='ltr'>cupiditates</span> <span class='ocrx_word' id='word_1_14' title='bbox 606 332 640 359; x_wconf 91' lang='lat' dir='ltr'>et</span> <span class='ocrx_word' id='word_1_15' title='bbox 656 328 722 359; x_wconf 88' lang='lat' dir='ltr'>alia</span> <span class='ocrx_word' id='word_1_16' title='bbox 736 328 819 360; x_wconf 88' lang='lat' dir='ltr'>vitia</span> <span class='ocrx_word' id='word_1_17' title='bbox 828 332 955 360; x_wconf 87' lang='lat' dir='ltr'>nostra.</span> 
     </span>
     <span class='ocr_line' id='line_1_5' title="bbox 241 378 955 421; baseline 0 -10"><span class='ocrx_word' id='word_1_18' title='bbox 241 380 320 419; x_wconf 60' lang='lat' dir='ltr'>rel,</span> <span class='ocrx_word' id='word_1_19' title='bbox 336 380 376 411; x_wconf 91' lang='lat' dir='ltr'>In</span> <span class='ocrx_word' id='word_1_20' title='bbox 391 390 489 421; x_wconf 68' lang='lat' dir='ltr'>quem</span> <span class='ocrx_word' id='word_1_21' title='bbox 504 379 604 410; x_wconf 83' lang='lat' dir='ltr'>finem</span> <span class='ocrx_word' id='word_1_22' title='bbox 619 379 683 410; x_wconf 87' lang='lat' dir='ltr'>hoc</span> <span class='ocrx_word' id='word_1_23' title='bbox 698 378 851 419; x_wconf 76' lang='lat' dir='ltr'>facimus,</span> <span class='ocrx_word' id='word_1_24' title='bbox 865 380 955 421; x_wconf 87' lang='lat' dir='ltr'>quod</span> 
     </span>
     <span class='ocr_line' id='line_1_6' title="bbox 243 429 955 470; baseline 0 -7"><span class='ocrx_word' id='word_1_25' title='bbox 243 431 475 470; x_wconf 82' lang='lat' dir='ltr'>corruptelam</span> <span class='ocrx_word' id='word_1_26' title='bbox 507 436 700 462; x_wconf 86' lang='lat' dir='ltr'>nostrorum</span> <span class='ocrx_word' id='word_1_27' title='bbox 728 429 904 463; x_wconf 87' lang='lat' dir='ltr'>inferimus</span> <span class='ocrx_word' id='word_1_28' title='bbox 921 432 955 463; x_wconf 89' lang='lat' dir='ltr'>in</span> 
     </span>
     <span class='ocr_line' id='line_1_7' title="bbox 244 481 955 523; baseline 0.003 -11"><span class='ocrx_word' id='word_1_29' title='bbox 244 492 296 512; x_wconf 83' lang='lat' dir='ltr'>res</span> <span class='ocrx_word' id='word_1_30' title='bbox 319 482 534 520; x_wconf 80' lang='lat' dir='ltr'>Religionis?</span> <span class='ocrx_word' id='word_1_31' title='bbox 583 481 669 513; x_wconf 87' lang='lat' dir='ltr'>Nam</span> <span class='ocrx_word' id='word_1_32' title='bbox 687 482 735 514; x_wconf 90' lang='lat' dir='ltr'>sic</span> <span class='ocrx_word' id='word_1_33' title='bbox 761 492 843 523; x_wconf 87' lang='lat' dir='ltr'>erga</span> <span class='ocrx_word' id='word_1_34' title='bbox 859 484 955 514; x_wconf 84' lang='lat' dir='ltr'>Deos</span> 
     </span>
     <span class='ocr_line' id='line_1_8' title="bbox 243 532 957 575; baseline 0.004 -12"><span class='ocrx_word' id='word_1_35' title='bbox 243 542 302 563; x_wconf 88' lang='lat' dir='ltr'>nos</span> <span class='ocrx_word' id='word_1_36' title='bbox 319 532 477 572; x_wconf 69' lang='lat' dir='ltr'>gerimus,</span> <span class='ocrx_word' id='word_1_37' title='bbox 494 533 588 575; x_wconf 82' lang='lat' dir='ltr'>quasi</span> <span class='ocrx_word' id='word_1_38' title='bbox 618 538 654 564; x_wconf 86' lang='lat' dir='ltr'>et</span> <span class='ocrx_word' id='word_1_39' title='bbox 683 534 733 564; x_wconf 92' lang='lat' dir='ltr'>illi</span> <span class='ocrx_word' id='word_1_40' title='bbox 763 539 891 573; x_wconf 83' lang='lat' dir='ltr'>essent,</span> <span class='ocrx_word' id='word_1_41' title='bbox 917 539 957 566; x_wconf 88' lang='lat' dir='ltr'>ut</span> 
     </span>
     <span class='ocr_line' id='line_1_9' title="bbox 244 583 956 627; baseline 0.004 -14"><span class='ocrx_word' id='word_1_42' title='bbox 244 593 316 615; x_wconf 83' lang='lat' dir='ltr'>nos.</span> <span class='ocrx_word' id='word_1_43' title='bbox 343 583 647 626; x_wconf 57' lang='lat' dir='ltr'>Casum—Mores]</span> <span class='ocrx_word' id='word_1_44' title='bbox 675 584 705 617; x_wconf 86' lang='lat' dir='ltr'><strong>A</strong></span> <span class='ocrx_word' id='word_1_45' title='bbox 722 585 842 627; x_wconf 92' lang='lat' dir='ltr'>quibus</span> <span class='ocrx_word' id='word_1_46' title='bbox 859 587 956 617; x_wconf 85' lang='lat' dir='ltr'>Deus</span> 
     </span>
     <span class='ocr_line' id='line_1_10' title="bbox 242 634 956 677; baseline 0.003 -12"><span class='ocrx_word' id='word_1_47' title='bbox 242 638 296 665; x_wconf 83' lang='lat' dir='ltr'>est</span> <span class='ocrx_word' id='word_1_48' title='bbox 312 634 748 677; x_wconf 50' lang='lat' dir='ltr'>alienissimus—Templis,</span> <span class='ocrx_word' id='word_1_49' title='bbox 770 636 840 677; x_wconf 61' lang='lat' dir='ltr'>ssa]</span> <span class='ocrx_word' id='word_1_50' title='bbox 864 637 956 668; x_wconf 88' lang='lat' dir='ltr'>Dum</span> 
     </span>
     <span class='ocr_line' id='line_1_11' title="bbox 243 686 957 721; baseline 0.003 -5"><span class='ocrx_word' id='word_1_51' title='bbox 243 686 401 721; x_wconf 86' lang='lat' dir='ltr'>nimirum</span> <span class='ocrx_word' id='word_1_52' title='bbox 421 686 469 718; x_wconf 88' lang='lat' dir='ltr'>ibi</span> <span class='ocrx_word' id='word_1_53' title='bbox 486 687 669 719; x_wconf 83' lang='lat' dir='ltr'><strong>ambitiose</strong></span> <span class='ocrx_word' id='word_1_54' title='bbox 685 688 762 719; x_wconf 84' lang='lat' dir='ltr'>Diis</span> <span class='ocrx_word' id='word_1_55' title='bbox 787 687 957 719; x_wconf 83' lang='lat' dir='ltr'>sacrifica-</span> 
     </span>
     <span class='ocr_line' id='line_1_12' title="bbox 243 737 957 777; baseline 0.004 -10"><span class='ocrx_word' id='word_1_56' title='bbox 243 746 330 775; x_wconf 88' lang='lat' dir='ltr'>mus,</span> <span class='ocrx_word' id='word_1_57' title='bbox 360 737 515 769; x_wconf 80' lang='lat' dir='ltr'>Deorum</span> <span class='ocrx_word' id='word_1_58' title='bbox 543 737 646 770; x_wconf 79' lang='lat' dir='ltr'>facies</span> <span class='ocrx_word' id='word_1_59' title='bbox 666 739 871 777; x_wconf 83' lang='lat' dir='ltr'>inauramus,</span> <span class='ocrx_word' id='word_1_60' title='bbox 887 748 957 770; x_wconf 89' lang='lat' dir='ltr'>mu-</span> 
     </span>
     <span class='ocr_line' id='line_1_13' title="bbox 244 787 958 822; baseline 0.006 -4"><span class='ocrx_word' id='word_1_61' title='bbox 244 796 329 818; x_wconf 86' lang='lat' dir='ltr'>nera</span> <span class='ocrx_word' id='word_1_62' title='bbox 346 788 393 818; x_wconf 86' lang='lat' dir='ltr'>eis</span> <span class='ocrx_word' id='word_1_63' title='bbox 411 787 595 820; x_wconf 53' lang='lat' dir='ltr'>offerimus.</span> <span class='ocrx_word' id='word_1_64' title='bbox 653 790 752 822; x_wconf 82' lang='lat' dir='ltr'>Quod</span> <span class='ocrx_word' id='word_1_65' title='bbox 771 799 889 822; x_wconf 88' lang='lat' dir='ltr'>revera</span> <span class='ocrx_word' id='word_1_66' title='bbox 905 794 958 822; x_wconf 87' lang='lat' dir='ltr'>est</span> 
     </span>
     <span class='ocr_line' id='line_1_14' title="bbox 245 837 959 881; baseline 0.008 -14"><span class='ocrx_word' id='word_1_67' title='bbox 245 837 351 868; x_wconf 78' lang='lat' dir='ltr'>malos</span> <span class='ocrx_word' id='word_1_68' title='bbox 363 838 536 870; x_wconf 86' lang='lat' dir='ltr'>hominum</span> <span class='ocrx_word' id='word_1_69' title='bbox 553 849 661 871; x_wconf 66' lang='lat' dir='ltr'>mores</span> <span class='ocrx_word' id='word_1_70' title='bbox 680 841 817 881; x_wconf 80' lang='lat' dir='ltr'>templis</span> <span class='ocrx_word' id='word_1_71' title='bbox 834 841 959 873; x_wconf 87' lang='lat' dir='ltr'>immit-</span> 
     </span>
     <span class='ocr_line' id='line_1_15' title="bbox 250 889 482 920; baseline 0.009 -2"><span class='ocrx_word' id='word_1_72' title='bbox 250 892 335 919; x_wconf 83' lang='lat' dir='ltr'>tere.</span> <span class='ocrx_word' id='word_1_73' title='bbox 364 889 482 920; x_wconf 79' lang='lat' dir='ltr'><em>Lubin.</em></span> 
     </span>
    </p>

    <p class='ocr_par' dir='ltr' id='par_1_3' title="bbox 243 939 960 1743">
     <span class='ocr_line' id='line_1_16' title="bbox 290 939 958 982; baseline 0.006 -12"><span class='ocrx_word' id='word_1_74' title='bbox 290 941 331 970; x_wconf 86' lang='lat'>63</span> <span class='ocrx_word' id='word_1_75' title='bbox 357 939 449 971; x_wconf 81' lang='lat' dir='ltr'>Bona</span> <span class='ocrx_word' id='word_1_76' title='bbox 460 941 584 982; x_wconf 73' lang='lat' dir='ltr'>ducere]</span> <span class='ocrx_word' id='word_1_77' title='bbox 615 941 655 973; x_wconf 91' lang='lat' dir='ltr'>Id</span> <span class='ocrx_word' id='word_1_78' title='bbox 674 947 737 981; x_wconf 90' lang='lat' dir='ltr'>est,</span> <span class='ocrx_word' id='word_1_79' title='bbox 757 943 894 974; x_wconf 85' lang='lat' dir='ltr'>Ducere</span> <span class='ocrx_word' id='word_1_80' title='bbox 909 946 958 974; x_wconf 89' lang='lat' dir='ltr'>at-</span> 
     </span>
     <span class='ocr_line' id='line_1_17' title="bbox 246 990 959 1034; baseline 0.006 -14"><span class='ocrx_word' id='word_1_81' title='bbox 246 999 315 1030; x_wconf 89' lang='lat' dir='ltr'>que</span> <span class='ocrx_word' id='word_1_82' title='bbox 347 990 544 1021; x_wconf 78' lang='lat' dir='ltr'>existimare</span> <span class='ocrx_word' id='word_1_83' title='bbox 569 993 628 1023; x_wconf 84' lang='lat' dir='ltr'>illa</span> <span class='ocrx_word' id='word_1_84' title='bbox 651 993 728 1023; x_wconf 85' lang='lat' dir='ltr'>Diis</span> <span class='ocrx_word' id='word_1_85' title='bbox 751 1003 825 1024; x_wconf 84' lang='lat' dir='ltr'>esse</span> <span class='ocrx_word' id='word_1_86' title='bbox 849 998 959 1034; x_wconf 80' lang='lat' dir='ltr'>grata,</span> 
     </span>
     <span class='ocr_line' id='line_1_18' title="bbox 245 1042 959 1084; baseline 0.007 -14"><span class='ocrx_word' id='word_1_87' title='bbox 245 1050 322 1081; x_wconf 84' lang='lat' dir='ltr'>quae</span> <span class='ocrx_word' id='word_1_88' title='bbox 341 1042 520 1072; x_wconf 69' lang='lat' dir='ltr'>sceleratae</span> <span class='ocrx_word' id='word_1_89' title='bbox 542 1043 620 1073; x_wconf 87' lang='lat' dir='ltr'>huic</span> <span class='ocrx_word' id='word_1_90' title='bbox 637 1043 751 1084; x_wconf 85' lang='lat' dir='ltr'>pulpae</span> <span class='ocrx_word' id='word_1_91' title='bbox 769 1044 836 1075; x_wconf 88' lang='lat' dir='ltr'>sint</span> <span class='ocrx_word' id='word_1_92' title='bbox 850 1049 959 1084; x_wconf 85' lang='lat' dir='ltr'>grata.</span> 
     </span>
     <span class='ocr_line' id='line_1_19' title="bbox 244 1093 958 1136; baseline 0.006 -14"><span class='ocrx_word' id='word_1_93' title='bbox 244 1093 406 1133; x_wconf 77' lang='lat' dir='ltr'>—Pulpa]</span> <span class='ocrx_word' id='word_1_94' title='bbox 445 1094 592 1134; x_wconf 78' lang='lat' dir='ltr'>Proprie</span> <span class='ocrx_word' id='word_1_95' title='bbox 633 1096 665 1125; x_wconf 91' lang='lat' dir='ltr'>in</span> <span class='ocrx_word' id='word_1_96' title='bbox 704 1105 848 1135; x_wconf 87' lang='lat' dir='ltr'>corpore</span> <span class='ocrx_word' id='word_1_97' title='bbox 879 1106 958 1136; x_wconf 86' lang='lat' dir='ltr'>pars</span> 
     </span>
     <span class='ocr_line' id='line_1_20' title="bbox 248 1145 960 1186; baseline 0.007 -14"><span class='ocrx_word' id='word_1_98' title='bbox 248 1152 413 1179; x_wconf 78' lang='lat' dir='ltr'>carnosa;</span> <span class='ocrx_word' id='word_1_99' title='bbox 452 1145 514 1174; x_wconf 88' lang='lat' dir='ltr'>hoc</span> <span class='ocrx_word' id='word_1_100' title='bbox 546 1145 620 1176; x_wconf 91' lang='lat' dir='ltr'>loco</span> <span class='ocrx_word' id='word_1_101' title='bbox 653 1155 713 1185; x_wconf 84' lang='lat' dir='ltr'>pro</span> <span class='ocrx_word' id='word_1_102' title='bbox 748 1155 894 1186; x_wconf 87' lang='lat' dir='ltr'>corpore</span> <span class='ocrx_word' id='word_1_103' title='bbox 923 1150 960 1177; x_wconf 90' lang='lat' dir='ltr'>et</span> 
     </span>
     <span class='ocr_line' id='line_1_21' title="bbox 244 1195 958 1235; baseline 0.006 -11"><span class='ocrx_word' id='word_1_104' title='bbox 244 1203 349 1225; x_wconf 85' lang='lat' dir='ltr'>carue</span> <span class='ocrx_word' id='word_1_105' title='bbox 380 1195 560 1235; x_wconf 78' lang='lat' dir='ltr'>accipitur,</span> <span class='ocrx_word' id='word_1_106' title='bbox 591 1196 746 1227; x_wconf 84' lang='lat' dir='ltr'>omnibus</span> <span class='ocrx_word' id='word_1_107' title='bbox 775 1197 867 1228; x_wconf 87' lang='lat' dir='ltr'>vitiis</span> <span class='ocrx_word' id='word_1_108' title='bbox 901 1197 958 1228; x_wconf 92' lang='lat' dir='ltr'>ob-</span> 
     </span>
     <span class='ocr_line' id='line_1_22' title="bbox 244 1246 958 1288; baseline 0.004 -12"><span class='ocrx_word' id='word_1_109' title='bbox 244 1246 359 1284; x_wconf 76' lang='lat' dir='ltr'>noxia,</span> <span class='ocrx_word' id='word_1_110' title='bbox 387 1251 422 1277; x_wconf 87' lang='lat' dir='ltr'>et</span> <span class='ocrx_word' id='word_1_111' title='bbox 451 1249 565 1287; x_wconf 82' lang='lat' dir='ltr'>pravis</span> <span class='ocrx_word' id='word_1_112' title='bbox 590 1249 826 1288; x_wconf 76' lang='lat' dir='ltr'>voluptatibus</span> <span class='ocrx_word' id='word_1_113' title='bbox 851 1254 885 1281; x_wconf 87' lang='lat' dir='ltr'>et</span> <span class='ocrx_word' id='word_1_114' title='bbox 903 1259 958 1280; x_wconf 88' lang='lat' dir='ltr'>cu-</span> 
     </span>
     <span class='ocr_line' id='line_1_23' title="bbox 244 1296 958 1339; baseline 0.006 -13"><span class='ocrx_word' id='word_1_115' title='bbox 244 1296 446 1337; x_wconf 81' lang='lat' dir='ltr'>piditatibus</span> <span class='ocrx_word' id='word_1_116' title='bbox 465 1298 607 1338; x_wconf 77' lang='lat' dir='ltr'>polluta.</span> <span class='ocrx_word' id='word_1_117' title='bbox 634 1299 731 1330; x_wconf 74' lang='lat' dir='ltr'>Idem,</span> <span class='ocrx_word' id='word_1_118' title='bbox 778 1299 864 1331; x_wconf 56' lang='grc' dir='ltr'>ΗΝ</span> <span class='ocrx_word' id='word_1_119' title='bbox 887 1300 958 1339; x_wconf 91' lang='lat' dir='ltr'>pul-</span> 
     </span>
     <span class='ocr_line' id='line_1_24' title="bbox 245 1348 957 1390; baseline 0.004 -12"><span class='ocrx_word' id='word_1_120' title='bbox 245 1357 302 1388; x_wconf 81' lang='lat' dir='ltr'>pa,</span> <span class='ocrx_word' id='word_1_121' title='bbox 333 1348 367 1378; x_wconf 90' lang='lat' dir='ltr'>id</span> <span class='ocrx_word' id='word_1_122' title='bbox 397 1353 463 1388; x_wconf 85' lang='lat' dir='ltr'>est,</span> <span class='ocrx_word' id='word_1_123' title='bbox 493 1349 637 1380; x_wconf 84' lang='lat' dir='ltr'>carnalis</span> <span class='ocrx_word' id='word_1_124' title='bbox 669 1350 859 1390; x_wconf 81' lang='lat' dir='ltr'>corruptio,</span> <span class='ocrx_word' id='word_1_125' title='bbox 891 1360 957 1381; x_wconf 88' lang='lat' dir='ltr'>non</span> 
     </span>
     <span class='ocr_line' id='line_1_25' title="bbox 245 1400 958 1441; baseline 0.004 -11"><span class='ocrx_word' id='word_1_126' title='bbox 245 1403 410 1430; x_wconf 85' lang='lat' dir='ltr'>contenta</span> <span class='ocrx_word' id='word_1_127' title='bbox 427 1400 572 1431; x_wconf 87' lang='lat' dir='ltr'>naturali</span> <span class='ocrx_word' id='word_1_128' title='bbox 592 1410 703 1431; x_wconf 83' lang='lat' dir='ltr'>rerum</span> <span class='ocrx_word' id='word_1_129' title='bbox 721 1400 958 1441; x_wconf 83' lang='lat' dir='ltr'>simplicitate,</span> 
     </span>
     <span class='ocr_line' id='line_1_26' title="bbox 244 1450 958 1483; baseline 0.003 -2"><span class='ocrx_word' id='word_1_130' title='bbox 244 1450 368 1482; x_wconf 82' lang='lat' dir='ltr'>miscet</span> <span class='ocrx_word' id='word_1_131' title='bbox 384 1456 419 1481; x_wconf 89' lang='lat' dir='ltr'>et</span> <span class='ocrx_word' id='word_1_132' title='bbox 438 1451 537 1482; x_wconf 85' lang='lat' dir='ltr'>vitiat</span> <span class='ocrx_word' id='word_1_133' title='bbox 553 1452 665 1482; x_wconf 86' lang='lat' dir='ltr'>omnia</span> <span class='ocrx_word' id='word_1_134' title='bbox 682 1462 689 1481; x_wconf 84' lang='grc'>;</span> <span class='ocrx_word' id='word_1_135' title='bbox 714 1452 765 1482; x_wconf 79' lang='lat' dir='ltr'>his</span> <span class='ocrx_word' id='word_1_136' title='bbox 782 1457 893 1482; x_wconf 85' lang='lat' dir='ltr'>tamen</span> <span class='ocrx_word' id='word_1_137' title='bbox 912 1453 958 1483; x_wconf 86' lang='lat' dir='ltr'>ita</span> 
     </span>
     <span class='ocr_line' id='line_1_27' title="bbox 243 1501 957 1542; baseline 0.001 -10"><span class='ocrx_word' id='word_1_138' title='bbox 243 1501 375 1533; x_wconf 84' lang='lat' dir='ltr'>vitiatis</span> <span class='ocrx_word' id='word_1_139' title='bbox 407 1503 527 1542; x_wconf 89' lang='lat' dir='ltr'>utitur,</span> <span class='ocrx_word' id='word_1_140' title='bbox 558 1503 679 1533; x_wconf 85' lang='lat' dir='ltr'>saltem</span> <span class='ocrx_word' id='word_1_141' title='bbox 706 1501 855 1541; x_wconf 85' lang='lat' dir='ltr'>fruitur;</span> <span class='ocrx_word' id='word_1_142' title='bbox 879 1503 957 1534; x_wconf 87' lang='lat' dir='ltr'>Diis</span> 
     </span>
     <span class='ocr_line' id='line_1_28' title="bbox 246 1552 959 1585; baseline 0 -1"><span class='ocrx_word' id='word_1_143' title='bbox 246 1558 359 1584; x_wconf 81' lang='lat' dir='ltr'>tamen</span> <span class='ocrx_word' id='word_1_144' title='bbox 374 1552 456 1583; x_wconf 91' lang='lat' dir='ltr'>nulli</span> <span class='ocrx_word' id='word_1_145' title='bbox 473 1557 552 1583; x_wconf 85' lang='lat' dir='ltr'>sunt</span> <span class='ocrx_word' id='word_1_146' title='bbox 567 1552 652 1584; x_wconf 69' lang='lat' dir='ltr'>usui.</span> <span class='ocrx_word' id='word_1_147' title='bbox 698 1553 869 1585; x_wconf 81' lang='lat' dir='ltr'>Quorsum</span> <span class='ocrx_word' id='word_1_148' title='bbox 896 1553 959 1584; x_wconf 89' lang='lat' dir='ltr'>ita-</span> 
     </span>
     <span class='ocr_line' id='line_1_29' title="bbox 245 1602 958 1643; baseline 0.003 -11"><span class='ocrx_word' id='word_1_149' title='bbox 245 1612 312 1643; x_wconf 89' lang='lat' dir='ltr'>que</span> <span class='ocrx_word' id='word_1_150' title='bbox 329 1602 408 1632; x_wconf 80' lang='lat' dir='ltr'>Diis</span> <span class='ocrx_word' id='word_1_151' title='bbox 426 1603 499 1632; x_wconf 78' lang='lat' dir='ltr'>haec</span> <span class='ocrx_word' id='word_1_152' title='bbox 518 1602 670 1633; x_wconf 91' lang='lat' dir='ltr'>dicamus</span> <span class='ocrx_word' id='word_1_153' title='bbox 685 1603 695 1633; x_wconf 82' lang='lat'>?</span> <span class='ocrx_word' id='word_1_154' title='bbox 710 1603 817 1633; x_wconf 83' lang='lat' dir='ltr'>emaci</span> <span class='ocrx_word' id='word_1_155' title='bbox 835 1613 958 1643; x_wconf 88' lang='lat' dir='ltr'>nempe</span> 
     </span>
     <span class='ocr_line' id='line_1_30' title="bbox 244 1653 959 1691; baseline 0 -7"><span class='ocrx_word' id='word_1_156' title='bbox 244 1653 503 1691; x_wconf 84' lang='lat' dir='ltr'>nundinatione,</span> <span class='ocrx_word' id='word_1_157' title='bbox 534 1657 572 1682; x_wconf 91' lang='lat' dir='ltr'>ut</span> <span class='ocrx_word' id='word_1_158' title='bbox 599 1653 738 1683; x_wconf 84' lang='lat' dir='ltr'>meliora</span> <span class='ocrx_word' id='word_1_159' title='bbox 756 1653 799 1683; x_wconf 82' lang='lat' dir='ltr'>ab</span> <span class='ocrx_word' id='word_1_160' title='bbox 817 1653 857 1684; x_wconf 93' lang='lat' dir='ltr'>iis</span> <span class='ocrx_word' id='word_1_161' title='bbox 874 1653 959 1684; x_wconf 83' lang='lat' dir='ltr'>acci-</span> 
     </span>
     <span class='ocr_line' id='line_1_31' title="bbox 247 1701 560 1743; baseline 0 -9"><span class='ocrx_word' id='word_1_162' title='bbox 247 1703 394 1743; x_wconf 86' lang='lat' dir='ltr'>piamus.</span> <span class='ocrx_word' id='word_1_163' title='bbox 421 1701 560 1734; x_wconf 61' lang='lat' dir='ltr'>Fur-nab.</span> 
     </span>
    </p>

    <p class='ocr_par' dir='ltr' id='par_1_4' title="bbox 242 1751 968 2598">
     <span class='ocr_line' id='line_1_32' title="bbox 289 1751 959 1794; baseline 0.001 -10"><span class='ocrx_word' id='word_1_164' title='bbox 289 1755 331 1784; x_wconf 72' lang='lat'>64</span> <span class='ocrx_word' id='word_1_165' title='bbox 355 1752 530 1792; x_wconf 67' lang='lat' dir='ltr'>Haec,{5·c.]</span> <span class='ocrx_word' id='word_1_166' title='bbox 570 1751 611 1783; x_wconf 87' lang='lat' dir='ltr'>Id</span> <span class='ocrx_word' id='word_1_167' title='bbox 640 1757 706 1791; x_wconf 90' lang='lat' dir='ltr'>est,</span> <span class='ocrx_word' id='word_1_168' title='bbox 733 1752 813 1784; x_wconf 78' lang='lat' dir='ltr'>Hoec</span> <span class='ocrx_word' id='word_1_169' title='bbox 840 1754 959 1794; x_wconf 84' lang='lat' dir='ltr'>pulpa,</span> 
     </span>
     <span class='ocr_line' id='line_1_33' title="bbox 248 1802 961 1844; baseline 0 -10"><span class='ocrx_word' id='word_1_170' title='bbox 248 1803 303 1834; x_wconf 89' lang='lat' dir='ltr'>vel</span> <span class='ocrx_word' id='word_1_171' title='bbox 328 1812 407 1834; x_wconf 86' lang='lat' dir='ltr'>earo</span> <span class='ocrx_word' id='word_1_172' title='bbox 438 1807 554 1833; x_wconf 87' lang='lat' dir='ltr'>nostra</span> <span class='ocrx_word' id='word_1_173' title='bbox 569 1802 641 1842; x_wconf 73' lang='lat' dir='ltr'>sibi,</span> <span class='ocrx_word' id='word_1_174' title='bbox 665 1802 707 1833; x_wconf 90' lang='lat' dir='ltr'>ad</span> <span class='ocrx_word' id='word_1_175' title='bbox 723 1813 818 1834; x_wconf 89' lang='lat' dir='ltr'>suam</span> <span class='ocrx_word' id='word_1_176' title='bbox 837 1805 961 1844; x_wconf 87' lang='lat' dir='ltr'>pulcri-</span> 
     </span>
     <span class='ocr_line' id='line_1_34' title="bbox 246 1853 962 1895; baseline 0.003 -11"><span class='ocrx_word' id='word_1_177' title='bbox 246 1853 414 1892; x_wconf 89' lang='lat' dir='ltr'>tudinem,</span> <span class='ocrx_word' id='word_1_178' title='bbox 431 1858 468 1884; x_wconf 83' lang='lat' dir='ltr'>et</span> <span class='ocrx_word' id='word_1_179' title='bbox 483 1854 640 1884; x_wconf 82' lang='lat' dir='ltr'>decorem</span> <span class='ocrx_word' id='word_1_180' title='bbox 655 1865 664 1892; x_wconf 85' lang='lat'>;</span> <span class='ocrx_word' id='word_1_181' title='bbox 688 1859 724 1884; x_wconf 88' lang='lat' dir='ltr'>ut</span> <span class='ocrx_word' id='word_1_182' title='bbox 736 1863 859 1895; x_wconf 88' lang='lat' dir='ltr'>nempe</span> <span class='ocrx_word' id='word_1_183' title='bbox 877 1856 962 1886; x_wconf 89' lang='lat' dir='ltr'>cuti-</span> 
     </span>
     <span class='ocr_line' id='line_1_35' title="bbox 245 1904 962 1946; baseline 0.003 -11"><span class='ocrx_word' id='word_1_184' title='bbox 245 1904 322 1936; x_wconf 83' lang='lat' dir='ltr'>cula</span> <span class='ocrx_word' id='word_1_185' title='bbox 350 1904 562 1945; x_wconf 81' lang='lat' dir='ltr'>splendidius</span> <span class='ocrx_word' id='word_1_186' title='bbox 580 1904 701 1944; x_wconf 82' lang='lat' dir='ltr'>niteat,</span> <span class='ocrx_word' id='word_1_187' title='bbox 717 1910 752 1936; x_wconf 85' lang='lat' dir='ltr'>et</span> <span class='ocrx_word' id='word_1_188' title='bbox 772 1905 962 1946; x_wconf 80' lang='lat' dir='ltr'>jucundius</span> 
     </span>
     <span class='ocr_line' id='line_1_36' title="bbox 242 1956 962 1998; baseline 0.003 -11"><span class='ocrx_word' id='word_1_189' title='bbox 242 1956 347 1996; x_wconf 89' lang='lat' dir='ltr'>oleat,</span> <span class='ocrx_word' id='word_1_190' title='bbox 361 1956 487 1987; x_wconf 86' lang='lat' dir='ltr'>casiam</span> <span class='ocrx_word' id='word_1_191' title='bbox 505 1962 669 1998; x_wconf 87' lang='lat' dir='ltr'>corrupto</span> <span class='ocrx_word' id='word_1_192' title='bbox 686 1957 773 1988; x_wconf 89' lang='lat' dir='ltr'>olivo</span> <span class='ocrx_word' id='word_1_193' title='bbox 793 1958 962 1998; x_wconf 85' lang='lat' dir='ltr'>dissolvit,</span> 
     </span>
     <span class='ocr_line' id='line_1_37' title="bbox 245 2006 963 2049; baseline 0.006 -13"><span class='ocrx_word' id='word_1_194' title='bbox 245 2010 282 2037; x_wconf 90' lang='lat' dir='ltr'>et</span> <span class='ocrx_word' id='word_1_195' title='bbox 298 2006 329 2037; x_wconf 91' lang='lat' dir='ltr'>iu</span> <span class='ocrx_word' id='word_1_196' title='bbox 338 2007 380 2038; x_wconf 87' lang='lat' dir='ltr'>de</span> <span class='ocrx_word' id='word_1_197' title='bbox 398 2008 586 2047; x_wconf 88' lang='lat' dir='ltr'>pretiosum</span> <span class='ocrx_word' id='word_1_198' title='bbox 600 2012 826 2049; x_wconf 82' lang='lat' dir='ltr'>unguentum,</span> <span class='ocrx_word' id='word_1_199' title='bbox 854 2014 890 2040; x_wconf 82' lang='lat' dir='ltr'>et</span> <span class='ocrx_word' id='word_1_200' title='bbox 913 2009 963 2040; x_wconf 86' lang='lat' dir='ltr'>fu-</span> 
     </span>
     <span class='ocr_line' id='line_1_38' title="bbox 247 2057 964 2092; baseline 0.004 -3"><span class='ocrx_word' id='word_1_201' title='bbox 247 2066 325 2089; x_wconf 89' lang='lat' dir='ltr'>cum</span> <span class='ocrx_word' id='word_1_202' title='bbox 356 2057 472 2090; x_wconf 87' lang='lat' dir='ltr'>facere</span> <span class='ocrx_word' id='word_1_203' title='bbox 500 2059 625 2090; x_wconf 88' lang='lat' dir='ltr'>docuit.</span> <span class='ocrx_word' id='word_1_204' title='bbox 688 2060 748 2091; x_wconf 88' lang='lat' dir='ltr'>Dii</span> <span class='ocrx_word' id='word_1_205' title='bbox 781 2070 861 2092; x_wconf 87' lang='lat' dir='ltr'>vero</span> <span class='ocrx_word' id='word_1_206' title='bbox 891 2061 964 2092; x_wconf 75' lang='lat' dir='ltr'>haec</span> 
     </span>
     <span class='ocr_line' id='line_1_39' title="bbox 249 2111 966 2149; baseline 0.006 -10"><span class='ocrx_word' id='word_1_207' title='bbox 249 2114 427 2149; x_wconf 86' lang='lat' dir='ltr'>respuunt.</span> <span class='ocrx_word' id='word_1_208' title='bbox 493 2111 546 2140; x_wconf 85' lang='lat' dir='ltr'>Ex</span> <span class='ocrx_word' id='word_1_209' title='bbox 572 2111 665 2141; x_wconf 86' lang='lat' dir='ltr'>casia</span> <span class='ocrx_word' id='word_1_210' title='bbox 702 2112 790 2142; x_wconf 87' lang='lat' dir='ltr'>enim</span> <span class='ocrx_word' id='word_1_211' title='bbox 825 2118 860 2143; x_wconf 84' lang='lat' dir='ltr'>et</span> <span class='ocrx_word' id='word_1_212' title='bbox 891 2112 966 2143; x_wconf 88' lang='lat' dir='ltr'>ol&#39;eo</span> 
     </span>
     <span class='ocr_line' id='line_1_40' title="bbox 245 2159 967 2204; baseline 0.006 -14"><span class='ocrx_word' id='word_1_213' title='bbox 245 2165 424 2201; x_wconf 84' lang='lat' dir='ltr'>unguenta</span> <span class='ocrx_word' id='word_1_214' title='bbox 451 2159 807 2204; x_wconf 74' lang='lat' dir='ltr'>fiebant.-D2·ssocvit]</span> <span class='ocrx_word' id='word_1_215' title='bbox 841 2163 967 2200; x_wconf 79' lang='lat' dir='ltr'>Diluit,</span> 
     </span>
     <span class='ocr_line' id='line_1_41' title="bbox 246 2211 968 2254; baseline 0.004 -13"><span class='ocrx_word' id='word_1_216' title='bbox 246 2211 388 2242; x_wconf 85' lang='lat' dir='ltr'>utentis</span> <span class='ocrx_word' id='word_1_217' title='bbox 402 2221 441 2242; x_wconf 92' lang='lat' dir='ltr'>eo</span> <span class='ocrx_word' id='word_1_218' title='bbox 459 2212 564 2253; x_wconf 86' lang='lat' dir='ltr'>magis</span> <span class='ocrx_word' id='word_1_219' title='bbox 581 2217 671 2243; x_wconf 88' lang='lat' dir='ltr'>tersa</span> <span class='ocrx_word' id='word_1_220' title='bbox 685 2218 721 2244; x_wconf 88' lang='lat' dir='ltr'>et</span> <span class='ocrx_word' id='word_1_221' title='bbox 738 2212 848 2244; x_wconf 86' lang='lat' dir='ltr'>nitida</span> <span class='ocrx_word' id='word_1_222' title='bbox 866 2223 968 2254; x_wconf 89' lang='lat' dir='ltr'>appa-</span> 
     </span>
     <span class='ocr_line' id='line_1_42' title="bbox 247 2263 966 2307; baseline 0.003 -15"><span class='ocrx_word' id='word_1_223' title='bbox 247 2263 554 2303; x_wconf 28' lang='lat' dir='ltr'>reatfficorrupto]</span> <span class='ocrx_word' id='word_1_224' title='bbox 593 2264 835 2304; x_wconf 85' lang='lat' dir='ltr'>Corrumpitur</span> <span class='ocrx_word' id='word_1_225' title='bbox 874 2265 966 2307; x_wconf 89' lang='lat' dir='ltr'>enim</span> 
     </span>
     <span class='ocr_line' id='line_1_43' title="bbox 247 2312 968 2351; baseline 0.007 -9"><span class='ocrx_word' id='word_1_226' title='bbox 247 2312 373 2351; x_wconf 89' lang='lat' dir='ltr'>oleum,</span> <span class='ocrx_word' id='word_1_227' title='bbox 400 2323 478 2344; x_wconf 91' lang='lat' dir='ltr'>cum</span> <span class='ocrx_word' id='word_1_228' title='bbox 504 2313 603 2345; x_wconf 87' lang='lat' dir='ltr'>fucus</span> <span class='ocrx_word' id='word_1_229' title='bbox 628 2314 680 2346; x_wconf 85' lang='lat' dir='ltr'>fit.</span> <span class='ocrx_word' id='word_1_230' title='bbox 703 2315 820 2347; x_wconf 80' lang='lat' dir='ltr'>Lubin.</span> <span class='ocrx_word' id='word_1_231' title='bbox 867 2316 968 2348; x_wconf 82' lang='lat' dir='ltr'>Quic-</span> 
     </span>
     <span class='ocr_line' id='line_1_44' title="bbox 248 2362 966 2408; baseline 0.007 -15"><span class='ocrx_word' id='word_1_232' title='bbox 248 2362 329 2404; x_wconf 91' lang='lat' dir='ltr'>quid</span> <span class='ocrx_word' id='word_1_233' title='bbox 346 2364 436 2394; x_wconf 89' lang='lat' dir='ltr'>enim</span> <span class='ocrx_word' id='word_1_234' title='bbox 450 2365 578 2396; x_wconf 90' lang='lat' dir='ltr'>desinit</span> <span class='ocrx_word' id='word_1_235' title='bbox 592 2366 675 2397; x_wconf 84' lang='lat' dir='ltr'>illud</span> <span class='ocrx_word' id='word_1_236' title='bbox 693 2377 766 2398; x_wconf 89' lang='lat' dir='ltr'>esse</span> <span class='ocrx_word' id='word_1_237' title='bbox 783 2367 872 2408; x_wconf 88' lang='lat' dir='ltr'>quod</span> <span class='ocrx_word' id='word_1_238' title='bbox 887 2366 966 2407; x_wconf 88' lang='lat' dir='ltr'>fuit,</span> 
     </span>
     <span class='ocr_line' id='line_1_45' title="bbox 247 2415 968 2459; baseline 0.006 -13"><span class='ocrx_word' id='word_1_239' title='bbox 247 2415 420 2454; x_wconf 81' lang='lat' dir='ltr'>corrumpi</span> <span class='ocrx_word' id='word_1_240' title='bbox 435 2415 571 2447; x_wconf 86' lang='lat' dir='ltr'>dieitur.</span> <span class='ocrx_word' id='word_1_241' title='bbox 591 2418 887 2459; x_wconf 76' lang='lat' dir='ltr'>Casaub.--Cusia]</span> <span class='ocrx_word' id='word_1_242' title='bbox 904 2421 968 2450; x_wconf 90' lang='lat' dir='ltr'>Est</span> 
     </span>
     <span class='ocr_line' id='line_1_46' title="bbox 247 2463 967 2509; baseline 0.006 -14"><span class='ocrx_word' id='word_1_243' title='bbox 247 2463 364 2496; x_wconf 85' lang='lat' dir='ltr'>frutex</span> <span class='ocrx_word' id='word_1_244' title='bbox 400 2466 617 2504; x_wconf 82' lang='lat' dir='ltr'>aromaticus,</span> <span class='ocrx_word' id='word_1_245' title='bbox 649 2477 693 2498; x_wconf 80' lang='lat' dir='ltr'>ex</span> <span class='ocrx_word' id='word_1_246' title='bbox 719 2477 785 2508; x_wconf 92' lang='lat' dir='ltr'>quo</span> <span class='ocrx_word' id='word_1_247' title='bbox 815 2478 967 2509; x_wconf 86' lang='lat' dir='ltr'>unguen-</span> 
     </span>
     <span class='ocr_line' id='line_1_47' title="bbox 248 2516 967 2557; baseline 0.003 -10"><span class='ocrx_word' id='word_1_248' title='bbox 248 2520 322 2548; x_wconf 91' lang='lat' dir='ltr'>tum</span> <span class='ocrx_word' id='word_1_249' title='bbox 338 2516 587 2557; x_wconf 49' lang='lat' dir='ltr'>fiebam-Sibi]</span> <span class='ocrx_word' id='word_1_250' title='bbox 628 2518 674 2547; x_wconf 92' lang='lat' dir='ltr'>Ut</span> <span class='ocrx_word' id='word_1_251' title='bbox 703 2527 740 2547; x_wconf 90' lang='lat' dir='ltr'>se</span> <span class='ocrx_word' id='word_1_252' title='bbox 769 2517 967 2549; x_wconf 88' lang='lat' dir='ltr'>nitidiorem</span> 
     </span>
     <span class='ocr_line' id='line_1_48' title="bbox 246 2565 504 2598; baseline 0 0"><span class='ocrx_word' id='word_1_253' title='bbox 246 2565 364 2598; x_wconf 86' lang='lat' dir='ltr'>faciat.</span> <span class='ocrx_word' id='word_1_254' title='bbox 388 2567 504 2598; x_wconf 82' lang='lat' dir='ltr'>Lubin.</span> 
     </span>
    </p>

    <p class='ocr_par' dir='ltr' id='par_1_5' title="bbox 249 2618 968 2758">
     <span class='ocr_line' id='line_1_49' title="bbox 288 2618 968 2660; baseline 0.003 -12"><span class='ocrx_word' id='word_1_255' title='bbox 288 2620 329 2649; x_wconf 82' lang='lat'>65</span> <span class='ocrx_word' id='word_1_256' title='bbox 356 2618 498 2659; x_wconf 46' lang='lat' dir='ltr'>Eadm]</span> <span class='ocrx_word' id='word_1_257' title='bbox 539 2618 673 2660; x_wconf 89' lang='lat' dir='ltr'>Nempe</span> <span class='ocrx_word' id='word_1_258' title='bbox 705 2618 779 2650; x_wconf 76' lang='lat' dir='ltr'>lraec</span> <span class='ocrx_word' id='word_1_259' title='bbox 818 2618 968 2650; x_wconf 88' lang='lat' dir='ltr'>delicata</span> 
     </span>
     <span class='ocr_line' id='line_1_50' title="bbox 249 2669 963 2710; baseline 0.001 -10"><span class='ocrx_word' id='word_1_260' title='bbox 249 2673 366 2701; x_wconf 84' lang='lat' dir='ltr'>nostra</span> <span class='ocrx_word' id='word_1_261' title='bbox 382 2679 474 2710; x_wconf 85' lang='lat' dir='ltr'>caro,</span> <span class='ocrx_word' id='word_1_262' title='bbox 492 2673 531 2700; x_wconf 91' lang='lat' dir='ltr'>ut</span> <span class='ocrx_word' id='word_1_263' title='bbox 546 2679 587 2700; x_wconf 87' lang='lat' dir='ltr'>eo</span> <span class='ocrx_word' id='word_1_264' title='bbox 604 2669 790 2710; x_wconf 83' lang='lat' dir='ltr'>speciosius</span> <span class='ocrx_word' id='word_1_265' title='bbox 806 2674 963 2709; x_wconf 86' lang='lat' dir='ltr'>ornetur,</span> 
     </span>
     <span class='ocr_line' id='line_1_51' title="bbox 253 2719 965 2758; baseline 0 -7"><span class='ocrx_word' id='word_1_266' title='bbox 253 2719 437 2751; x_wconf 88' lang='lat' dir='ltr'>Calabrum</span> <span class='ocrx_word' id='word_1_267' title='bbox 468 2720 589 2758; x_wconf 92' lang='lat' dir='ltr'>vellus,</span> <span class='ocrx_word' id='word_1_268' title='bbox 616 2720 670 2752; x_wconf 91' lang='lat' dir='ltr'>vel</span> <span class='ocrx_word' id='word_1_269' title='bbox 698 2720 790 2752; x_wconf 87' lang='lat' dir='ltr'>lanas</span> <span class='ocrx_word' id='word_1_270' title='bbox 811 2721 965 2752; x_wconf 85' lang='lat' dir='ltr'>Tarenti-</span> 
     </span>
    </p>
   </div>
   <div class='ocr_carea' id='block_1_3' title="bbox 708 131 1237 164">
    <p class='ocr_par' dir='ltr' id='par_1_6' title="bbox 708 131 1237 164">
     <span class='ocr_line' id='line_1_52' title="bbox 708 131 1237 164; baseline -0.002 0"><span class='ocrx_word' id='word_1_271' title='bbox 708 133 852 164; x_wconf 72' lang='lat' dir='ltr'><strong>NOTAE</strong></span> <span class='ocrx_word' id='word_1_272' title='bbox 884 131 1237 164; x_wconf 79' lang='lat' dir='ltr'>vAR10RUM-1N</span> 
     </span>
    </p>
   </div>
   <div class='ocr_carea' id='block_1_4' title="bbox 1005 226 1729 2760">
    <p class='ocr_par' dir='ltr' id='par_1_7' title="bbox 1007 226 1723 718">
     <span class='ocr_line' id='line_1_53' title="bbox 1008 226 1719 272; baseline 0.007 -15"><span class='ocrx_word' id='word_1_273' title='bbox 1008 236 1081 267; x_wconf 83' lang='lat' dir='ltr'>uas,</span> <span class='ocrx_word' id='word_1_274' title='bbox 1097 226 1216 261; x_wconf 83' lang='lat' dir='ltr'>vitiato</span> <span class='ocrx_word' id='word_1_275' title='bbox 1233 228 1362 260; x_wconf 80' lang='lat' dir='ltr'>murice</span> <span class='ocrx_word' id='word_1_276' title='bbox 1378 231 1432 261; x_wconf 88' lang='lat' dir='ltr'>vel</span> <span class='ocrx_word' id='word_1_277' title='bbox 1452 231 1631 272; x_wconf 73' lang='lat' dir='ltr'>conchylio</span> <span class='ocrx_word' id='word_1_278' title='bbox 1645 236 1719 262; x_wconf 77' lang='lat' dir='ltr'>cor-</span> 
     </span>
     <span class='ocr_line' id='line_1_54' title="bbox 1009 280 1718 324; baseline 0.008 -16"><span class='ocrx_word' id='word_1_279' title='bbox 1009 282 1124 318; x_wconf 88' lang='lat' dir='ltr'>rupto,</span> <span class='ocrx_word' id='word_1_280' title='bbox 1152 282 1187 309; x_wconf 89' lang='lat' dir='ltr'>et</span> <span class='ocrx_word' id='word_1_281' title='bbox 1213 283 1323 317; x_wconf 82' lang='lat' dir='ltr'>cocto,</span> <span class='ocrx_word' id='word_1_282' title='bbox 1350 280 1481 321; x_wconf 79' lang='lat' dir='ltr'>infecit,</span> <span class='ocrx_word' id='word_1_283' title='bbox 1505 286 1541 313; x_wconf 86' lang='lat' dir='ltr'>et</span> <span class='ocrx_word' id='word_1_284' title='bbox 1556 292 1718 324; x_wconf 82' lang='lat' dir='ltr'>purpurae</span> 
     </span>
     <span class='ocr_line' id='line_1_55' title="bbox 1007 329 1718 374; baseline 0.008 -15"><span class='ocrx_word' id='word_1_285' title='bbox 1007 329 1159 360; x_wconf 85' lang='lat' dir='ltr'>colorem</span> <span class='ocrx_word' id='word_1_286' title='bbox 1178 329 1242 370; x_wconf 90' lang='lat' dir='ltr'>ipsi</span> <span class='ocrx_word' id='word_1_287' title='bbox 1257 330 1620 373; x_wconf 76' lang='lat' dir='ltr'>indidit.——Calabrum‚</span> <span class='ocrx_word' id='word_1_288' title='bbox 1648 332 1718 374; x_wconf 59' lang='grc' dir='ltr'>δῖα]</span> 
     </span>
     <span class='ocr_line' id='line_1_56' title="bbox 1007 380 1716 415; baseline 0.008 -5"><span class='ocrx_word' id='word_1_289' title='bbox 1007 380 1118 410; x_wconf 87' lang='lat' dir='ltr'>Lanas</span> <span class='ocrx_word' id='word_1_290' title='bbox 1145 380 1360 412; x_wconf 84' lang='lat' dir='ltr'>Tarentinas.</span> <span class='ocrx_word' id='word_1_291' title='bbox 1415 383 1603 415; x_wconf 85' lang='lat' dir='ltr'>Tarentum</span> <span class='ocrx_word' id='word_1_292' title='bbox 1627 385 1716 415; x_wconf 89' lang='lat' dir='ltr'>enim</span> 
     </span>
     <span class='ocr_line' id='line_1_57' title="bbox 1007 431 1721 476; baseline 0.01 -15"><span class='ocrx_word' id='word_1_293' title='bbox 1007 431 1129 462; x_wconf 84' lang='lat' dir='ltr'>civitas</span> <span class='ocrx_word' id='word_1_294' title='bbox 1166 432 1350 471; x_wconf 78' lang='lat' dir='ltr'>Calabriae,</span> <span class='ocrx_word' id='word_1_295' title='bbox 1382 433 1438 464; x_wconf 90' lang='lat' dir='ltr'>ubi</span> <span class='ocrx_word' id='word_1_296' title='bbox 1467 436 1543 466; x_wconf 84' lang='lat' dir='ltr'>lana</span> <span class='ocrx_word' id='word_1_297' title='bbox 1578 436 1721 476; x_wconf 81' lang='lat' dir='ltr'>optima,</span> 
     </span>
     <span class='ocr_line' id='line_1_58' title="bbox 1007 482 1720 528; baseline 0.008 -16"><span class='ocrx_word' id='word_1_298' title='bbox 1007 485 1096 513; x_wconf 83' lang='lat' dir='ltr'>teste</span> <span class='ocrx_word' id='word_1_299' title='bbox 1109 482 1200 513; x_wconf 89' lang='lat' dir='ltr'>Plin.</span> <span class='ocrx_word' id='word_1_300' title='bbox 1214 484 1547 526; x_wconf 40' lang='lat' dir='ltr'>v111.4s.--1f⁷itiuto]</span> <span class='ocrx_word' id='word_1_301' title='bbox 1561 486 1618 517; x_wconf 89' lang='lat' dir='ltr'>Sic</span> <span class='ocrx_word' id='word_1_302' title='bbox 1635 497 1720 528; x_wconf 78' lang='lat' dir='ltr'>prae-</span> 
     </span>
     <span class='ocr_line' id='line_1_59' title="bbox 1008 532 1723 575; baseline 0.01 -13"><span class='ocrx_word' id='word_1_303' title='bbox 1008 532 1147 564; x_wconf 86' lang='lat' dir='ltr'>cedenti</span> <span class='ocrx_word' id='word_1_304' title='bbox 1174 542 1288 572; x_wconf 86' lang='lat' dir='ltr'>versu,</span> <span class='ocrx_word' id='word_1_305' title='bbox 1310 541 1473 575; x_wconf 86' lang='lat' dir='ltr'>corrupto</span> <span class='ocrx_word' id='word_1_306' title='bbox 1498 536 1723 569; x_wconf 81' lang='lat' dir='ltr'>oliv0.—Mu-</span> 
     </span>
     <span class='ocr_line' id='line_1_60' title="bbox 1009 583 1720 628; baseline 0.008 -15"><span class='ocrx_word' id='word_1_307' title='bbox 1009 583 1088 623; x_wconf 81' lang='lat' dir='ltr'>rice]</span> <span class='ocrx_word' id='word_1_308' title='bbox 1114 583 1237 615; x_wconf 77' lang='lat' dir='ltr'>Murex</span> <span class='ocrx_word' id='word_1_309' title='bbox 1255 594 1273 615; x_wconf 92' lang='lat' dir='ltr'>e</span> <span class='ocrx_word' id='word_1_310' title='bbox 1300 594 1425 625; x_wconf 87' lang='lat' dir='ltr'>genere</span> <span class='ocrx_word' id='word_1_311' title='bbox 1453 587 1720 628; x_wconf 86' lang='lat' dir='ltr'>conchyliorum,</span> 
     </span>
     <span class='ocr_line' id='line_1_61' title="bbox 1009 635 1722 681; baseline 0.006 -15"><span class='ocrx_word' id='word_1_312' title='bbox 1009 635 1107 676; x_wconf 85' lang='lat' dir='ltr'>cujus</span> <span class='ocrx_word' id='word_1_313' title='bbox 1134 635 1298 675; x_wconf 76' lang='lat' dir='ltr'>sanguine</span> <span class='ocrx_word' id='word_1_314' title='bbox 1321 636 1465 678; x_wconf 86' lang='lat' dir='ltr'>tingitur</span> <span class='ocrx_word' id='word_1_315' title='bbox 1477 639 1582 679; x_wconf 92' lang='lat' dir='ltr'>color,</span> <span class='ocrx_word' id='word_1_316' title='bbox 1595 648 1722 681; x_wconf 87' lang='lat' dir='ltr'>purpu-</span> 
     </span>
     <span class='ocr_line' id='line_1_62' title="bbox 1009 686 1340 718; baseline 0.009 -3"><span class='ocrx_word' id='word_1_317' title='bbox 1009 695 1054 716; x_wconf 78' lang='lat' dir='ltr'>1·ae</span> <span class='ocrx_word' id='word_1_318' title='bbox 1071 686 1199 717; x_wconf 79' lang='lat' dir='ltr'>similis.</span> <span class='ocrx_word' id='word_1_319' title='bbox 1224 686 1340 718; x_wconf 82' lang='lat' dir='ltr'>Lubin.</span> 
     </span>
    </p>

    <p class='ocr_par' dir='ltr' id='par_1_8' title="bbox 1005 736 1729 1889">
     <span class='ocr_line' id='line_1_63' title="bbox 1051 736 1721 779; baseline 0.009 -13"><span class='ocrx_word' id='word_1_320' title='bbox 1051 738 1094 767; x_wconf 88' lang='grc'>66</span> <span class='ocrx_word' id='word_1_321' title='bbox 1119 736 1212 775; x_wconf 82' lang='lat' dir='ltr'>Hoec,</span> <span class='ocrx_word' id='word_1_322' title='bbox 1228 737 1296 778; x_wconf 49' lang='lat' dir='ltr'>ise]</span> <span class='ocrx_word' id='word_1_323' title='bbox 1320 738 1361 768; x_wconf 93' lang='lat' dir='ltr'>Id</span> <span class='ocrx_word' id='word_1_324' title='bbox 1375 743 1441 779; x_wconf 92' lang='lat' dir='ltr'>est,</span> <span class='ocrx_word' id='word_1_325' title='bbox 1461 738 1544 770; x_wconf 82' lang='lat' dir='ltr'>Haec</span> <span class='ocrx_word' id='word_1_326' title='bbox 1560 749 1641 772; x_wconf 86' lang='lat' dir='ltr'>caro</span> <span class='ocrx_word' id='word_1_327' title='bbox 1661 740 1721 772; x_wconf 87' lang='lat' dir='ltr'>im-</span> 
     </span>
     <span class='ocr_line' id='line_1_64' title="bbox 1009 787 1722 829; baseline 0.008 -12"><span class='ocrx_word' id='word_1_328' title='bbox 1009 787 1146 827; x_wconf 87' lang='lat' dir='ltr'>peravit</span> <span class='ocrx_word' id='word_1_329' title='bbox 1162 789 1301 819; x_wconf 70' lang='lat' dir='ltr'>conclnae</span> <span class='ocrx_word' id='word_1_330' title='bbox 1319 789 1470 829; x_wconf 75' lang='lat' dir='ltr'>marinae,</span> <span class='ocrx_word' id='word_1_331' title='bbox 1483 789 1617 829; x_wconf 77' lang='lat' dir='ltr'>baccam,</span> <span class='ocrx_word' id='word_1_332' title='bbox 1628 791 1722 823; x_wconf 89' lang='lat' dir='ltr'>unio-</span> 
     </span>
     <span class='ocr_line' id='line_1_65' title="bbox 1009 839 1723 881; baseline 0.008 -13"><span class='ocrx_word' id='word_1_333' title='bbox 1009 847 1100 876; x_wconf 86' lang='lat' dir='ltr'>nem,</span> <span class='ocrx_word' id='word_1_334' title='bbox 1126 839 1178 868; x_wconf 88' lang='lat' dir='ltr'>vel</span> <span class='ocrx_word' id='word_1_335' title='bbox 1203 848 1371 879; x_wconf 83' lang='lat' dir='ltr'>gemmam</span> <span class='ocrx_word' id='word_1_336' title='bbox 1390 839 1526 879; x_wconf 84' lang='lat' dir='ltr'>radere,</span> <span class='ocrx_word' id='word_1_337' title='bbox 1549 841 1671 881; x_wconf 88' lang='lat' dir='ltr'>polire,</span> <span class='ocrx_word' id='word_1_338' title='bbox 1687 846 1723 875; x_wconf 82' lang='lat' dir='ltr'>et</span> 
     </span>
     <span class='ocr_line' id='line_1_66' title="bbox 1009 889 1723 931; baseline 0.006 -12"><span class='ocrx_word' id='word_1_339' title='bbox 1009 889 1175 929; x_wconf 78' lang='lat' dir='ltr'>levigare,</span> <span class='ocrx_word' id='word_1_340' title='bbox 1188 895 1223 920; x_wconf 91' lang='lat' dir='ltr'>et</span> <span class='ocrx_word' id='word_1_341' title='bbox 1236 890 1390 921; x_wconf 75' lang='lat' dir='ltr'>vestibus</span> <span class='ocrx_word' id='word_1_342' title='bbox 1406 891 1438 921; x_wconf 86' lang='lat' dir='ltr'>in</span> <span class='ocrx_word' id='word_1_343' title='bbox 1459 892 1614 931; x_wconf 86' lang='lat' dir='ltr'>corporis</span> <span class='ocrx_word' id='word_1_344' title='bbox 1624 901 1723 924; x_wconf 82' lang='lat' dir='ltr'>orna·</span> 
     </span>
     <span class='ocr_line' id='line_1_67' title="bbox 1008 939 1724 981; baseline 0.004 -10"><span class='ocrx_word' id='word_1_345' title='bbox 1008 944 1161 972; x_wconf 85' lang='lat' dir='ltr'>mentum</span> <span class='ocrx_word' id='word_1_346' title='bbox 1189 939 1349 981; x_wconf 86' lang='lat' dir='ltr'>inserere,</span> <span class='ocrx_word' id='word_1_347' title='bbox 1374 946 1409 972; x_wconf 90' lang='lat' dir='ltr'>et</span> <span class='ocrx_word' id='word_1_348' title='bbox 1425 941 1724 974; x_wconf 53' lang='lat' dir='ltr'>intexere—Bac-</span> 
     </span>
     <span class='ocr_line' id='line_1_68' title="bbox 1008 990 1724 1034; baseline 0.004 -13"><span class='ocrx_word' id='word_1_349' title='bbox 1008 990 1090 1031; x_wconf 84' lang='lat' dir='ltr'>cam]</span> <span class='ocrx_word' id='word_1_350' title='bbox 1115 991 1261 1032; x_wconf 89' lang='lat' dir='ltr'>Proprie</span> <span class='ocrx_word' id='word_1_351' title='bbox 1275 992 1307 1022; x_wconf 92' lang='lat' dir='ltr'>in</span> <span class='ocrx_word' id='word_1_352' title='bbox 1319 992 1496 1023; x_wconf 80' lang='lat' dir='ltr'>arboribus</span> <span class='ocrx_word' id='word_1_353' title='bbox 1510 993 1619 1032; x_wconf 89' lang='lat' dir='ltr'>lauro,</span> <span class='ocrx_word' id='word_1_354' title='bbox 1633 1002 1724 1034; x_wconf 86' lang='lat' dir='ltr'>myr-</span> 
     </span>
     <span class='ocr_line' id='line_1_69' title="bbox 1011 1043 1725 1084; baseline 0.004 -11"><span class='ocrx_word' id='word_1_355' title='bbox 1011 1047 1062 1074; x_wconf 84' lang='lat' dir='ltr'>to.</span> <span class='ocrx_word' id='word_1_356' title='bbox 1095 1043 1165 1075; x_wconf 88' lang='lat' dir='ltr'>Hic</span> <span class='ocrx_word' id='word_1_357' title='bbox 1190 1043 1352 1084; x_wconf 58' lang='lat' dir='ltr'>Metaph,</span> <span class='ocrx_word' id='word_1_358' title='bbox 1362 1053 1422 1084; x_wconf 89' lang='lat' dir='ltr'>pro</span> <span class='ocrx_word' id='word_1_359' title='bbox 1436 1043 1725 1076; x_wconf 60' lang='lat' dir='ltr'>unione—Strin—</span> 
     </span>
     <span class='ocr_line' id='line_1_70' title="bbox 1005 1092 1724 1135; baseline 0.003 -12"><span class='ocrx_word' id='word_1_360' title='bbox 1005 1094 1095 1134; x_wconf 82' lang='lat' dir='ltr'>gere]</span> <span class='ocrx_word' id='word_1_361' title='bbox 1118 1093 1160 1123; x_wconf 91' lang='lat' dir='ltr'>In</span> <span class='ocrx_word' id='word_1_362' title='bbox 1176 1103 1280 1124; x_wconf 90' lang='lat' dir='ltr'>unum</span> <span class='ocrx_word' id='word_1_363' title='bbox 1294 1103 1420 1133; x_wconf 83' lang='lat' dir='ltr'>cogere</span> <span class='ocrx_word' id='word_1_364' title='bbox 1437 1099 1473 1125; x_wconf 87' lang='lat' dir='ltr'>et</span> <span class='ocrx_word' id='word_1_365' title='bbox 1491 1092 1655 1135; x_wconf 85' lang='lat' dir='ltr'>conflare,</span> <span class='ocrx_word' id='word_1_366' title='bbox 1669 1095 1724 1126; x_wconf 90' lang='lat' dir='ltr'>vel</span> 
     </span>
     <span class='ocr_line' id='line_1_71' title="bbox 1009 1142 1725 1182; baseline 0.004 -9"><span class='ocrx_word' id='word_1_367' title='bbox 1009 1143 1131 1173; x_wconf 91' lang='lat' dir='ltr'>malleo</span> <span class='ocrx_word' id='word_1_368' title='bbox 1146 1142 1193 1174; x_wconf 83' lang='lat' dir='ltr'>ita</span> <span class='ocrx_word' id='word_1_369' title='bbox 1209 1143 1371 1182; x_wconf 85' lang='lat' dir='ltr'>tundere,</span> <span class='ocrx_word' id='word_1_370' title='bbox 1383 1149 1421 1175; x_wconf 90' lang='lat' dir='ltr'>ut</span> <span class='ocrx_word' id='word_1_371' title='bbox 1434 1144 1617 1175; x_wconf 85' lang='lat' dir='ltr'>eliciantur</span> <span class='ocrx_word' id='word_1_372' title='bbox 1627 1145 1725 1176; x_wconf 84' lang='lat' dir='ltr'>stric-</span> 
     </span>
     <span class='ocr_line' id='line_1_72' title="bbox 1009 1194 1725 1235; baseline 0.003 -10"><span class='ocrx_word' id='word_1_373' title='bbox 1009 1199 1056 1233; x_wconf 85' lang='lat' dir='ltr'>ta,</span> <span class='ocrx_word' id='word_1_374' title='bbox 1072 1195 1134 1225; x_wconf 90' lang='lat' dir='ltr'>hoc</span> <span class='ocrx_word' id='word_1_375' title='bbox 1147 1200 1211 1233; x_wconf 89' lang='lat' dir='ltr'>est,</span> <span class='ocrx_word' id='word_1_376' title='bbox 1225 1196 1399 1235; x_wconf 82' lang='grc' dir='ltr'>σπινθῆρες.</span> <span class='ocrx_word' id='word_1_377' title='bbox 1438 1196 1532 1227; x_wconf 87' lang='lat' dir='ltr'>Hinc</span> <span class='ocrx_word' id='word_1_378' title='bbox 1547 1194 1630 1226; x_wconf 83' lang='lat' dir='ltr'>ferri</span> <span class='ocrx_word' id='word_1_379' title='bbox 1640 1206 1725 1227; x_wconf 86' lang='lat' dir='ltr'>mas-</span> 
     </span>
     <span class='ocr_line' id='line_1_73' title="bbox 1008 1245 1724 1283; baseline 0.003 -7"><span class='ocrx_word' id='word_1_380' title='bbox 1008 1255 1053 1276; x_wconf 88' lang='lat' dir='ltr'>sae</span> <span class='ocrx_word' id='word_1_381' title='bbox 1083 1246 1136 1276; x_wconf 86' lang='lat' dir='ltr'>vel</span> <span class='ocrx_word' id='word_1_382' title='bbox 1161 1247 1311 1283; x_wconf 73' lang='lat' dir='ltr'>laminae,</span> <span class='ocrx_word' id='word_1_383' title='bbox 1343 1247 1519 1278; x_wconf 84' lang='lat' dir='ltr'>stricturae</span> <span class='ocrx_word' id='word_1_384' title='bbox 1553 1245 1724 1279; x_wconf 82' lang='lat' dir='ltr'>dicuntur.</span> 
     </span>
     <span class='ocr_line' id='line_1_74' title="bbox 1007 1296 1724 1337; baseline 0.006 -11"><span class='ocrx_word' id='word_1_385' title='bbox 1007 1296 1121 1327; x_wconf 77' lang='lat' dir='ltr'>Lubin.</span> <span class='ocrx_word' id='word_1_386' title='bbox 1170 1297 1337 1336; x_wconf 79' lang='lat' dir='ltr'>Stringere</span> <span class='ocrx_word' id='word_1_387' title='bbox 1366 1306 1448 1337; x_wconf 83' lang='lat' dir='ltr'>ergo</span> <span class='ocrx_word' id='word_1_388' title='bbox 1473 1298 1515 1328; x_wconf 91' lang='lat' dir='ltr'>de</span> <span class='ocrx_word' id='word_1_389' title='bbox 1533 1308 1614 1330; x_wconf 87' lang='lat' dir='ltr'>auro</span> <span class='ocrx_word' id='word_1_390' title='bbox 1632 1308 1724 1330; x_wconf 82' lang='lat' dir='ltr'>usur-</span> 
     </span>
     <span class='ocr_line' id='line_1_75' title="bbox 1009 1347 1725 1391; baseline 0.003 -14"><span class='ocrx_word' id='word_1_391' title='bbox 1009 1347 1116 1387; x_wconf 87' lang='lat' dir='ltr'>pavit,</span> <span class='ocrx_word' id='word_1_392' title='bbox 1142 1347 1233 1391; x_wconf 84' lang='lat' dir='ltr'>quod</span> <span class='ocrx_word' id='word_1_393' title='bbox 1267 1348 1344 1387; x_wconf 85' lang='lat' dir='ltr'>igue</span> <span class='ocrx_word' id='word_1_394' title='bbox 1373 1349 1541 1389; x_wconf 85' lang='lat' dir='ltr'>liquatum</span> <span class='ocrx_word' id='word_1_395' title='bbox 1566 1349 1598 1378; x_wconf 92' lang='lat' dir='ltr'>in</span> <span class='ocrx_word' id='word_1_396' title='bbox 1625 1359 1725 1379; x_wconf 88' lang='lat' dir='ltr'>unam</span> 
     </span>
     <span class='ocr_line' id='line_1_76' title="bbox 1007 1396 1725 1431; baseline 0.004 -3"><span class='ocrx_word' id='word_1_397' title='bbox 1007 1407 1150 1429; x_wconf 81' lang='lat' dir='ltr'>massam</span> <span class='ocrx_word' id='word_1_398' title='bbox 1194 1396 1363 1428; x_wconf 84' lang='lat' dir='ltr'>conflatur</span> <span class='ocrx_word' id='word_1_399' title='bbox 1393 1404 1428 1429; x_wconf 90' lang='lat' dir='ltr'>et</span> <span class='ocrx_word' id='word_1_400' title='bbox 1458 1399 1539 1430; x_wconf 89' lang='lat' dir='ltr'>coit.</span> <span class='ocrx_word' id='word_1_401' title='bbox 1589 1398 1725 1431; x_wconf 83' lang='lat' dir='ltr'>Salmas.</span> 
     </span>
     <span class='ocr_line' id='line_1_77' title="bbox 1008 1448 1727 1490; baseline 0.001 -10"><span class='ocrx_word' id='word_1_402' title='bbox 1008 1448 1173 1489; x_wconf 77' lang='lat' dir='ltr'>—Venas]</span> <span class='ocrx_word' id='word_1_403' title='bbox 1212 1449 1360 1489; x_wconf 92' lang='lat' dir='ltr'>Proprie</span> <span class='ocrx_word' id='word_1_404' title='bbox 1385 1449 1419 1479; x_wconf 87' lang='lat' dir='ltr'>in</span> <span class='ocrx_word' id='word_1_405' title='bbox 1451 1459 1609 1490; x_wconf 86' lang='lat' dir='ltr'>corpore.</span> <span class='ocrx_word' id='word_1_406' title='bbox 1656 1450 1727 1481; x_wconf 89' lang='lat' dir='ltr'>Per</span> 
     </span>
     <span class='ocr_line' id='line_1_78' title="bbox 1008 1499 1727 1541; baseline 0.001 -10"><span class='ocrx_word' id='word_1_407' title='bbox 1008 1500 1166 1541; x_wconf 84' lang='lat' dir='ltr'>Metaph.</span> <span class='ocrx_word' id='word_1_408' title='bbox 1191 1500 1405 1531; x_wconf 86' lang='lat' dir='ltr'>subterranei</span> <span class='ocrx_word' id='word_1_409' title='bbox 1429 1504 1560 1531; x_wconf 84' lang='lat' dir='ltr'>meatus</span> <span class='ocrx_word' id='word_1_410' title='bbox 1583 1499 1642 1532; x_wconf 89' lang='lat' dir='ltr'>ubi</span> <span class='ocrx_word' id='word_1_411' title='bbox 1669 1505 1727 1532; x_wconf 83' lang='lat' dir='ltr'>au-</span> 
     </span>
     <span class='ocr_line' id='line_1_79' title="bbox 1010 1551 1727 1590; baseline 0.001 -9"><span class='ocrx_word' id='word_1_412' title='bbox 1010 1561 1094 1582; x_wconf 88' lang='lat' dir='ltr'>rum.</span> <span class='ocrx_word' id='word_1_413' title='bbox 1135 1551 1221 1582; x_wconf 90' lang='lat' dir='ltr'>Cum</span> <span class='ocrx_word' id='word_1_414' title='bbox 1249 1551 1317 1581; x_wconf 75' lang='lat' dir='ltr'>illae</span> <span class='ocrx_word' id='word_1_415' title='bbox 1345 1561 1455 1590; x_wconf 73' lang='lat' dir='ltr'>venae,</span> <span class='ocrx_word' id='word_1_416' title='bbox 1479 1551 1512 1582; x_wconf 88' lang='lat' dir='ltr'>id</span> <span class='ocrx_word' id='word_1_417' title='bbox 1541 1556 1606 1590; x_wconf 85' lang='lat' dir='ltr'>est,</span> <span class='ocrx_word' id='word_1_418' title='bbox 1634 1552 1727 1583; x_wconf 82' lang='lat' dir='ltr'>rudis</span> 
     </span>
     <span class='ocr_line' id='line_1_80' title="bbox 1009 1603 1726 1645; baseline 0.001 -11"><span class='ocrx_word' id='word_1_419' title='bbox 1009 1604 1153 1635; x_wconf 85' lang='lat' dir='ltr'>materia</span> <span class='ocrx_word' id='word_1_420' title='bbox 1171 1614 1214 1635; x_wconf 80' lang='lat' dir='ltr'>ex</span> <span class='ocrx_word' id='word_1_421' title='bbox 1231 1604 1326 1635; x_wconf 85' lang='lat' dir='ltr'>venis</span> <span class='ocrx_word' id='word_1_422' title='bbox 1340 1609 1457 1644; x_wconf 80' lang='lat' dir='ltr'>exuta,</span> <span class='ocrx_word' id='word_1_423' title='bbox 1470 1605 1573 1645; x_wconf 85' lang='lat' dir='ltr'>inque</span> <span class='ocrx_word' id='word_1_424' title='bbox 1588 1603 1726 1635; x_wconf 85' lang='lat' dir='ltr'>fornace</span> 
     </span>
     <span class='ocr_line' id='line_1_81' title="bbox 1010 1653 1726 1695; baseline 0 -10"><span class='ocrx_word' id='word_1_425' title='bbox 1010 1659 1120 1695; x_wconf 90' lang='lat' dir='ltr'>cocta,</span> <span class='ocrx_word' id='word_1_426' title='bbox 1143 1655 1176 1685; x_wconf 91' lang='lat' dir='ltr'>in</span> <span class='ocrx_word' id='word_1_427' title='bbox 1194 1664 1350 1693; x_wconf 80' lang='lat' dir='ltr'>massam,</span> <span class='ocrx_word' id='word_1_428' title='bbox 1369 1654 1449 1685; x_wconf 90' lang='lat' dir='ltr'>dnm</span> <span class='ocrx_word' id='word_1_429' title='bbox 1466 1654 1639 1695; x_wconf 86' lang='lat' dir='ltr'>coquitur,</span> <span class='ocrx_word' id='word_1_430' title='bbox 1658 1653 1726 1686; x_wconf 88' lang='lat' dir='ltr'>fer-</span> 
     </span>
     <span class='ocr_line' id='line_1_82' title="bbox 1009 1705 1729 1745; baseline 0.001 -10"><span class='ocrx_word' id='word_1_431' title='bbox 1009 1709 1148 1735; x_wconf 85' lang='lat' dir='ltr'>ventem</span> <span class='ocrx_word' id='word_1_432' title='bbox 1184 1710 1220 1736; x_wconf 85' lang='lat' dir='ltr'>et</span> <span class='ocrx_word' id='word_1_433' title='bbox 1258 1705 1401 1745; x_wconf 79' lang='lat' dir='ltr'>ignitam</span> <span class='ocrx_word' id='word_1_434' title='bbox 1433 1705 1729 1745; x_wconf 81' lang='lat' dir='ltr'>1·edigitur.—-Ra-</span> 
     </span>
     <span class='ocr_line' id='line_1_83' title="bbox 1009 1754 1727 1795; baseline 0.001 -10"><span class='ocrx_word' id='word_1_435' title='bbox 1009 1755 1099 1795; x_wconf 79' lang='lat' dir='ltr'>sisse]</span> <span class='ocrx_word' id='word_1_436' title='bbox 1128 1755 1156 1785; x_wconf 91' lang='lat' dir='ltr'>E</span> <span class='ocrx_word' id='word_1_437' title='bbox 1174 1756 1306 1786; x_wconf 86' lang='lat' dir='ltr'>concha</span> <span class='ocrx_word' id='word_1_438' title='bbox 1324 1755 1463 1794; x_wconf 79' lang='lat' dir='ltr'>radere3</span> <span class='ocrx_word' id='word_1_439' title='bbox 1480 1755 1618 1787; x_wconf 83' lang='lat' dir='ltr'>conehae</span> <span class='ocrx_word' id='word_1_440' title='bbox 1636 1754 1727 1786; x_wconf 90' lang='lat' dir='ltr'>enim</span> 
     </span>
     <span class='ocr_line' id='line_1_84' title="bbox 1011 1806 1728 1848; baseline 0 -11"><span class='ocrx_word' id='word_1_441' title='bbox 1011 1806 1267 1846; x_wconf 82' lang='lat' dir='ltr'>adhaerescunt,</span> <span class='ocrx_word' id='word_1_442' title='bbox 1295 1816 1406 1847; x_wconf 89' lang='lat' dir='ltr'>neque</span> <span class='ocrx_word' id='word_1_443' title='bbox 1446 1806 1547 1837; x_wconf 87' lang='lat' dir='ltr'>avelli</span> <span class='ocrx_word' id='word_1_444' title='bbox 1585 1810 1728 1848; x_wconf 89' lang='lat' dir='ltr'>queunt,</span> 
     </span>
     <span class='ocr_line' id='line_1_85' title="bbox 1013 1856 1638 1889; baseline 0.002 -2"><span class='ocrx_word' id='word_1_445' title='bbox 1013 1858 1075 1888; x_wconf 83' lang='lat' dir='ltr'>nisi</span> <span class='ocrx_word' id='word_1_446' title='bbox 1091 1857 1180 1889; x_wconf 88' lang='lat' dir='ltr'>lima.</span> <span class='ocrx_word' id='word_1_447' title='bbox 1206 1857 1295 1889; x_wconf 89' lang='lat' dir='ltr'>Plin.</span> <span class='ocrx_word' id='word_1_448' title='bbox 1310 1866 1359 1888; x_wconf 79' lang='lat' dir='ltr'>rx.</span> <span class='ocrx_word' id='word_1_449' title='bbox 1374 1860 1428 1888; x_wconf 84' lang='lat'>35.</span> <span class='ocrx_word' id='word_1_450' title='bbox 1449 1867 1480 1889; x_wconf 91' lang='lat' dir='ltr'>c.</span> <span class='ocrx_word' id='word_1_451' title='bbox 1524 1856 1638 1889; x_wconf 84' lang='lat' dir='ltr'>Lubin.</span> 
     </span>
    </p>

    <p class='ocr_par' dir='ltr' id='par_1_9' title="bbox 1013 1907 1728 2203">
     <span class='ocr_line' id='line_1_86' title="bbox 1053 1907 1727 1949; baseline 0 -10"><span class='ocrx_word' id='word_1_452' title='bbox 1053 1911 1094 1939; x_wconf 74' lang='lat'>67</span> <span class='ocrx_word' id='word_1_453' title='bbox 1122 1909 1240 1949; x_wconf 74' lang='lat' dir='ltr'>Crudo]</span> <span class='ocrx_word' id='word_1_454' title='bbox 1274 1908 1365 1941; x_wconf 81' lang='lat' dir='ltr'>Quia</span> <span class='ocrx_word' id='word_1_455' title='bbox 1391 1907 1526 1949; x_wconf 87' lang='lat' dir='ltr'>quando</span> <span class='ocrx_word' id='word_1_456' title='bbox 1547 1908 1621 1948; x_wconf 87' lang='lat' dir='ltr'>jam</span> <span class='ocrx_word' id='word_1_457' title='bbox 1656 1907 1727 1948; x_wconf 81' lang='lat' dir='ltr'>pri·</span> 
     </span>
     <span class='ocr_line' id='line_1_87' title="bbox 1013 1957 1725 1998; baseline -0.001 -9"><span class='ocrx_word' id='word_1_458' title='bbox 1013 1969 1103 1990; x_wconf 88' lang='lat' dir='ltr'>mum</span> <span class='ocrx_word' id='word_1_459' title='bbox 1120 1969 1163 1990; x_wconf 86' lang='lat' dir='ltr'>ex</span> <span class='ocrx_word' id='word_1_460' title='bbox 1179 1959 1350 1989; x_wconf 88' lang='lat' dir='ltr'>montibus</span> <span class='ocrx_word' id='word_1_461' title='bbox 1369 1963 1497 1998; x_wconf 87' lang='lat' dir='ltr'>erutus,</span> <span class='ocrx_word' id='word_1_462' title='bbox 1521 1962 1557 1989; x_wconf 85' lang='lat' dir='ltr'>et</span> <span class='ocrx_word' id='word_1_463' title='bbox 1573 1957 1725 1989; x_wconf 84' lang='lat' dir='ltr'>nondum</span> 
     </span>
     <span class='ocr_line' id='line_1_88' title="bbox 1015 2008 1727 2050; baseline 0 -9"><span class='ocrx_word' id='word_1_464' title='bbox 1015 2011 1176 2041; x_wconf 87' lang='lat' dir='ltr'>decoctus</span> <span class='ocrx_word' id='word_1_465' title='bbox 1190 2014 1255 2049; x_wconf 87' lang='lat' dir='ltr'>est,</span> <span class='ocrx_word' id='word_1_466' title='bbox 1265 2010 1388 2041; x_wconf 90' lang='lat' dir='ltr'>crudus</span> <span class='ocrx_word' id='word_1_467' title='bbox 1404 2008 1651 2050; x_wconf 82' lang='lat' dir='ltr'>quodammodo</span> <span class='ocrx_word' id='word_1_468' title='bbox 1662 2013 1727 2041; x_wconf 88' lang='lat' dir='ltr'>est.</span> 
     </span>
     <span class='ocr_line' id='line_1_89' title="bbox 1016 2058 1728 2100; baseline -0.001 -9"><span class='ocrx_word' id='word_1_469' title='bbox 1016 2060 1056 2090; x_wconf 94' lang='lat' dir='ltr'>Id</span> <span class='ocrx_word' id='word_1_470' title='bbox 1082 2065 1147 2098; x_wconf 88' lang='lat' dir='ltr'>est,</span> <span class='ocrx_word' id='word_1_471' title='bbox 1176 2060 1253 2091; x_wconf 90' lang='lat' dir='ltr'>Hoc</span> <span class='ocrx_word' id='word_1_472' title='bbox 1280 2069 1418 2100; x_wconf 80' lang='lat' dir='ltr'>corpuS,</span> <span class='ocrx_word' id='word_1_473' title='bbox 1441 2059 1515 2090; x_wconf 85' lang='lat' dir='ltr'>haec</span> <span class='ocrx_word' id='word_1_474' title='bbox 1531 2069 1624 2098; x_wconf 89' lang='lat' dir='ltr'>caro,</span> <span class='ocrx_word' id='word_1_475' title='bbox 1635 2058 1728 2097; x_wconf 88' lang='lat' dir='ltr'>fuco,</span> 
     </span>
     <span class='ocr_line' id='line_1_90' title="bbox 1016 2110 1725 2152; baseline 0 -10"><span class='ocrx_word' id='word_1_476' title='bbox 1016 2111 1182 2152; x_wconf 88' lang='lat' dir='ltr'>preciosis</span> <span class='ocrx_word' id='word_1_477' title='bbox 1206 2110 1371 2151; x_wconf 86' lang='lat' dir='ltr'>vestibus,</span> <span class='ocrx_word' id='word_1_478' title='bbox 1389 2110 1530 2151; x_wconf 85' lang='lat' dir='ltr'>gemmis</span> <span class='ocrx_word' id='word_1_479' title='bbox 1545 2114 1580 2141; x_wconf 88' lang='lat' dir='ltr'>et</span> <span class='ocrx_word' id='word_1_480' title='bbox 1591 2119 1673 2142; x_wconf 84' lang='lat' dir='ltr'>auro</span> <span class='ocrx_word' id='word_1_481' title='bbox 1688 2119 1725 2142; x_wconf 86' lang='lat' dir='ltr'>se</span> 
     </span>
     <span class='ocr_line' id='line_1_91' title="bbox 1017 2160 1646 2203; baseline 0.003 -11"><span class='ocrx_word' id='word_1_482' title='bbox 1017 2166 1173 2200; x_wconf 80' lang='lat' dir='ltr'>exornat,</span> <span class='ocrx_word' id='word_1_483' title='bbox 1190 2162 1301 2203; x_wconf 86' lang='lat' dir='ltr'>iisque</span> <span class='ocrx_word' id='word_1_484' title='bbox 1318 2160 1522 2193; x_wconf 84' lang='lat' dir='ltr'>delectatur.</span> <span class='ocrx_word' id='word_1_485' title='bbox 1547 2161 1646 2194; x_wconf 83' lang='lat' dir='ltr'>Idem.</span> 
     </span>
    </p>

    <p class='ocr_par' dir='ltr' id='par_1_10' title="bbox 1017 2210 1729 2760">
     <span class='ocr_line' id='line_1_92' title="bbox 1060 2210 1729 2253; baseline -0.003 -9"><span class='ocrx_word' id='word_1_486' title='bbox 1060 2215 1102 2244; x_wconf 82' lang='lat'>68</span> <span class='ocrx_word' id='word_1_487' title='bbox 1126 2213 1254 2252; x_wconf 72' lang='grc' dir='ltr'><em>Ρεεεαε,</em></span> <span class='ocrx_word' id='word_1_488' title='bbox 1270 2212 1340 2253; x_wconf 54' lang='grc' dir='ltr'>ξω]</span> <span class='ocrx_word' id='word_1_489' title='bbox 1369 2212 1456 2243; x_wconf 88' lang='lat' dir='ltr'>Caro</span> <span class='ocrx_word' id='word_1_490' title='bbox 1471 2211 1607 2243; x_wconf 86' lang='lat' dir='ltr'>scilicet</span> <span class='ocrx_word' id='word_1_491' title='bbox 1621 2210 1729 2242; x_wconf 69' lang='lat' dir='ltr'>omnis</span> 
     </span>
     <span class='ocr_line' id='line_1_93' title="bbox 1017 2261 1728 2303; baseline -0.003 -9"><span class='ocrx_word' id='word_1_492' title='bbox 1017 2263 1097 2294; x_wconf 90' lang='lat' dir='ltr'>mali</span> <span class='ocrx_word' id='word_1_493' title='bbox 1113 2268 1245 2303; x_wconf 87' lang='lat' dir='ltr'>auctor,</span> <span class='ocrx_word' id='word_1_494' title='bbox 1271 2263 1351 2293; x_wconf 88' lang='lat' dir='ltr'>dum</span> <span class='ocrx_word' id='word_1_495' title='bbox 1367 2262 1442 2302; x_wconf 85' lang='lat' dir='ltr'>ipsa</span> <span class='ocrx_word' id='word_1_496' title='bbox 1457 2261 1611 2302; x_wconf 88' lang='lat' dir='ltr'>sequitur</span> <span class='ocrx_word' id='word_1_497' title='bbox 1627 2261 1728 2300; x_wconf 77' lang='lat' dir='ltr'>mala,</span> 
     </span>
     <span class='ocr_line' id='line_1_94' title="bbox 1018 2311 1726 2352; baseline -0.004 -7"><span class='ocrx_word' id='word_1_498' title='bbox 1018 2319 1054 2345; x_wconf 88' lang='lat' dir='ltr'>et</span> <span class='ocrx_word' id='word_1_499' title='bbox 1070 2314 1215 2345; x_wconf 87' lang='lat' dir='ltr'>animam</span> <span class='ocrx_word' id='word_1_500' title='bbox 1232 2323 1346 2345; x_wconf 84' lang='lat' dir='ltr'>secum</span> <span class='ocrx_word' id='word_1_501' title='bbox 1365 2312 1481 2352; x_wconf 86' lang='lat' dir='ltr'>trahit,</span> <span class='ocrx_word' id='word_1_502' title='bbox 1497 2316 1533 2343; x_wconf 88' lang='lat' dir='ltr'>et</span> <span class='ocrx_word' id='word_1_503' title='bbox 1545 2311 1665 2342; x_wconf 88' lang='lat' dir='ltr'>eadem</span> <span class='ocrx_word' id='word_1_504' title='bbox 1683 2312 1726 2342; x_wconf 89' lang='lat' dir='ltr'>de</span> 
     </span>
     <span class='ocr_line' id='line_1_95' title="bbox 1018 2361 1726 2406; baseline -0.006 -10"><span class='ocrx_word' id='word_1_505' title='bbox 1018 2365 1094 2396; x_wconf 91' lang='lat' dir='ltr'>Diis</span> <span class='ocrx_word' id='word_1_506' title='bbox 1119 2365 1185 2396; x_wconf 84' lang='lat' dir='ltr'>sibi</span> <span class='ocrx_word' id='word_1_507' title='bbox 1215 2373 1348 2406; x_wconf 90' lang='lat' dir='ltr'>quoque</span> <span class='ocrx_word' id='word_1_508' title='bbox 1376 2362 1575 2404; x_wconf 86' lang='lat' dir='ltr'>persuadet.</span> <span class='ocrx_word' id='word_1_509' title='bbox 1613 2361 1726 2392; x_wconf 78' lang='lat' dir='ltr'>Lubin.</span> 
     </span>
     <span class='ocr_line' id='line_1_96' title="bbox 1018 2411 1727 2455; baseline -0.006 -9"><span class='ocrx_word' id='word_1_510' title='bbox 1018 2417 1095 2455; x_wconf 75' lang='lat' dir='ltr'>Vel,</span> <span class='ocrx_word' id='word_1_511' title='bbox 1110 2416 1175 2446; x_wconf 88' lang='lat' dir='ltr'>Illa</span> <span class='ocrx_word' id='word_1_512' title='bbox 1190 2415 1324 2446; x_wconf 77' lang='lat' dir='ltr'>luxuria</span> <span class='ocrx_word' id='word_1_513' title='bbox 1336 2423 1403 2455; x_wconf 88' lang='lat' dir='ltr'>qua</span> <span class='ocrx_word' id='word_1_514' title='bbox 1419 2413 1570 2444; x_wconf 87' lang='lat' dir='ltr'>homines</span> <span class='ocrx_word' id='word_1_515' title='bbox 1583 2411 1617 2442; x_wconf 88' lang='lat' dir='ltr'>in</span> <span class='ocrx_word' id='word_1_516' title='bbox 1632 2411 1727 2443; x_wconf 89' lang='lat' dir='ltr'>cultu</span> 
     </span>
     <span class='ocr_line' id='line_1_97' title="bbox 1019 2465 1726 2503; baseline -0.006 -6"><span class='ocrx_word' id='word_1_517' title='bbox 1019 2476 1080 2497; x_wconf 88' lang='lat' dir='ltr'>suo</span> <span class='ocrx_word' id='word_1_518' title='bbox 1103 2471 1258 2503; x_wconf 86' lang='lat' dir='ltr'>utuntur,</span> <span class='ocrx_word' id='word_1_519' title='bbox 1275 2465 1395 2495; x_wconf 93' lang='lat' dir='ltr'>vitium</span> <span class='ocrx_word' id='word_1_520' title='bbox 1412 2469 1464 2494; x_wconf 90' lang='lat' dir='ltr'>est</span> <span class='ocrx_word' id='word_1_521' title='bbox 1480 2469 1515 2494; x_wconf 87' lang='lat' dir='ltr'>et</span> <span class='ocrx_word' id='word_1_522' title='bbox 1532 2466 1726 2502; x_wconf 89' lang='lat' dir='ltr'>peccatum.</span> 
     </span>
     <span class='ocr_line' id='line_1_98' title="bbox 1020 2513 1726 2555; baseline -0.006 -8"><span class='ocrx_word' id='word_1_523' title='bbox 1020 2514 1427 2555; x_wconf 58' lang='lat' dir='ltr'>Casanbon.-Vitio,s⁴c.]</span> <span class='ocrx_word' id='word_1_524' title='bbox 1459 2513 1621 2546; x_wconf 85' lang='lat' dir='ltr'>Quamvis</span> <span class='ocrx_word' id='word_1_525' title='bbox 1646 2523 1726 2554; x_wconf 90' lang='lat' dir='ltr'>pec-</span> 
     </span>
     <span class='ocr_line' id='line_1_99' title="bbox 1018 2563 1727 2606; baseline -0.004 -9"><span class='ocrx_word' id='word_1_526' title='bbox 1018 2572 1086 2606; x_wconf 89' lang='lat' dir='ltr'>cet,</span> <span class='ocrx_word' id='word_1_527' title='bbox 1099 2570 1134 2597; x_wconf 93' lang='lat' dir='ltr'>et</span> <span class='ocrx_word' id='word_1_528' title='bbox 1151 2576 1186 2597; x_wconf 90' lang='lat' dir='ltr'>se</span> <span class='ocrx_word' id='word_1_529' title='bbox 1200 2575 1346 2606; x_wconf 89' lang='lat' dir='ltr'>peccare</span> <span class='ocrx_word' id='word_1_530' title='bbox 1365 2563 1503 2602; x_wconf 86' lang='lat' dir='ltr'>sentiat,</span> <span class='ocrx_word' id='word_1_531' title='bbox 1520 2563 1662 2594; x_wconf 88' lang='lat' dir='ltr'>meliora</span> <span class='ocrx_word' id='word_1_532' title='bbox 1677 2567 1727 2595; x_wconf 86' lang='lat' dir='ltr'>ta-</span> 
     </span>
     <span class='ocr_line' id='line_1_100' title="bbox 1017 2612 1726 2653; baseline -0.006 -6"><span class='ocrx_word' id='word_1_533' title='bbox 1017 2626 1095 2647; x_wconf 90' lang='lat' dir='ltr'>men</span> <span class='ocrx_word' id='word_1_534' title='bbox 1127 2615 1279 2647; x_wconf 88' lang='lat' dir='ltr'>monenti</span> <span class='ocrx_word' id='word_1_535' title='bbox 1309 2625 1375 2646; x_wconf 90' lang='lat' dir='ltr'>non</span> <span class='ocrx_word' id='word_1_536' title='bbox 1406 2613 1636 2653; x_wconf 85' lang='lat' dir='ltr'>obtemperat,</span> <span class='ocrx_word' id='word_1_537' title='bbox 1665 2612 1726 2646; x_wconf 75' lang='lat' dir='ltr'>sed</span> 
     </span>
     <span class='ocr_line' id='line_1_101' title="bbox 1018 2664 1727 2706; baseline -0.006 -8"><span class='ocrx_word' id='word_1_538' title='bbox 1018 2666 1153 2699; x_wconf 84' lang='lat' dir='ltr'>assidue</span> <span class='ocrx_word' id='word_1_539' title='bbox 1165 2667 1200 2697; x_wconf 91' lang='lat' dir='ltr'>in</span> <span class='ocrx_word' id='word_1_540' title='bbox 1216 2665 1285 2696; x_wconf 87' lang='lat' dir='ltr'>suis</span> <span class='ocrx_word' id='word_1_541' title='bbox 1300 2665 1392 2697; x_wconf 86' lang='lat' dir='ltr'>vitiis</span> <span class='ocrx_word' id='word_1_542' title='bbox 1405 2667 1616 2706; x_wconf 85' lang='lat' dir='ltr'>perseverat.</span> <span class='ocrx_word' id='word_1_543' title='bbox 1661 2664 1727 2695; x_wconf 81' lang='lat' dir='ltr'>Ca-</span> 
     </span>
     <span class='ocr_line' id='line_1_102' title="bbox 1017 2714 1651 2760; baseline -0.009 -9"><span class='ocrx_word' id='word_1_544' title='bbox 1017 2719 1202 2760; x_wconf 77' lang='lat' dir='ltr'>saubonus,</span> <span class='ocrx_word' id='word_1_545' title='bbox 1216 2718 1278 2760; x_wconf 81' lang='lat' dir='ltr'>uti,</span> <span class='ocrx_word' id='word_1_546' title='bbox 1288 2717 1343 2749; x_wconf 84' lang='lat' dir='ltr'>hic</span> <span class='ocrx_word' id='word_1_547' title='bbox 1357 2715 1486 2757; x_wconf 80' lang='lat' dir='ltr'>accipit.</span> <span class='ocrx_word' id='word_1_548' title='bbox 1497 2714 1651 2756; x_wconf 73' lang='lat' dir='ltr'>profrui.</span> 
     </span>
    </p>
   </div>
  </div>
 </body>
</html>
