1888 3032
488 126 721 166 MORIBUS,
756 128 813 157 ET
848 125 1112 157 SCRIBENDI
1146 126 1359 158 GENERE.
1619 120 1647 161 3

186 223 407 266 minarent.
467 223 610 264 Multa
629 224 799 277 plebeia
830 224 870 264 ei
900 223 1087 264 admista
1121 226 1237 273 sunt,
1268 222 1406 264 multa
1437 223 1646 266 adulandi

186 291 377 333 studium
397 291 592 341 invexit;
624 292 762 345 major
780 295 920 332 tamen
942 292 1199 344 corruptelae
1221 304 1323 344 pars
1343 292 1647 344 grammatico-

186 371 280 398 rum
301 363 344 399 et
364 360 583 416 rhetorum
616 360 778 400 scholis
810 359 1002 408 debetur,
1039 359 1346 412 communique
1374 359 1463 400 fere
1494 359 1646 410 furori,

187 438 274 479 quo
294 426 350 466 ad
372 440 525 466 versus
545 426 879 468 conscribendos
897 427 1026 478 vulgo
1048 427 1457 480 compellebantur‚4
1486 429 1646 469 omnis-

187 505 272 546 que
291 494 537 547 eloquentia
556 498 599 535 et
615 488 778 547 poesis,
815 507 946 547 quani
969 507 1055 534 non
1076 495 1121 534 in
1139 498 1303 535 naturae
1327 499 1369 536 et
1388 496 1547 548 ingenii
1571 494 1648 536 do-

186 560 315 610 tibus,
339 562 413 602 sed
449 563 494 601 in
528 561 812 601 observandis
843 561 997 601 artium
1029 562 1263 615 praeceptis
1284 562 1473 615 positam
1493 563 1649 614 existi<

185 628 375 677 mabant,
407 629 454 668 in
479 629 667 682 pueriles
689 628 1031 669 declamationes
1061 630 1180 678 abiit,
1212 632 1254 669 et
1274 629 1319 669 in
1337 629 1541 681 frigidum
1563 634 1648 671 tro-

185 707 341 747 porum
361 699 403 736 et
427 696 656 748 figurarum
688 695 1029 736 adhibendarum
1054 696 1300 737 artificium.
1359 696 1387 737 J
1392 696 1537 738 udicio
1558 697 1648 738 veri

184 766 228 804 et
239 763 410 816 pulchri
427 765 557 804 semel
572 768 791 817 corrupto,
804 764 1008 817 placendi
1022 777 1196 817 quoque
1210 765 1401 806 studium
1416 767 1649 819 scriptores

184 829 230 870 in
249 830 444 871 fraudem
466 832 620 881 illexit,
635 837 681 871 ut
699 844 787 872 non
807 832 974 884 optima
994 845 1182 885 quaeque
1198 838 1489 886 sequerentur,
1502 845 1648 873 exem-

186 897 346 951 plaque
362 903 553 939 veterum
576 900 831 952 scriptorum
847 899 1056 940 imitanda
1076 900 1161 940 sibi
1177 904 1482 953 proponerent,
1500 913 1649 941 verum

185 968 233 1005 ut
251 977 305 1005 ea
325 966 485 1006 chartis
505 966 729 1015 illinerent,
748 978 847 1018 quae
866 966 1131 1006 multitudini
1149 967 1443 1019 probarentur,
1461 980 1649 1020 quaeque

185 1032 230 1071 in
250 1044 408 1085 magna
427 1032 666 1086 frequentia
696 1032 945 1073 auditorum
976 1034 1159 1073 recitata
1185 1034 1406 1073 maximas
1426 1033 1649 1074 exclama-

187 1099 325 1140 tiones
358 1101 623 1154 plaususque
664 1101 916 1141 excitarent.
978 1099 1137 1153 Neque
1175 1113 1277 1141 vero
1316 1101 1363 1149 ii,
1404 1101 1460 1140 in.
1487 1101 1649 1153 quibus

188 1167 316 1208 altior
347 1168 527 1221 spiritus
562 1169 713 1218 inerat,
746 1168 957 1208 immunes
987 1173 1107 1210 erant
1137 1169 1309 1209 omnino
1331 1168 1387 1207 ab
1405 1168 1494 1207 illis
1514 1167 1649 1217 vitiis,

187 1246 286 1287 quae
308 1234 436 1289 hujus
458 1235 601 1276 aetatis
629 1239 802 1287 essent3
832 1235 1029 1290 plerique
1055 1235 1204 1289 vigore
1229 1239 1272 1276 et
1291 1234 1336 1276 vi
1357 1233 1550 1278 destituti
1571 1233 1650 1276 ali-

849 1392 988 1424 NOTAE

230 1472 249 1500 4
274 1467 433 1500 Carmina
456 1467 626 1500 scribendi
654 1467 803 1499 studium
831 1468 892 1498 sub

187 1518 343 1560 Augusto
370 1519 585 1560 potissimum
610 1519 700 1558 apud
723 1519 893 1549 Romanos

187 1569 237 1600 ita
252 1569 434 1608 increbuit,
455 1573 492 1599 ut
510 1568 552 1599 ad
570 1568 771 1608 elegantiam
791 1567 894 1607 perti-

186 1623 299 1658 neret,
333 1628 450 1650 versus
481 1618 633 1649 scribere
666 1622 702 1648 et
736 1616 894 1647 recitare.

188 1667 311 1700 Horat.
335 1667 447 1709 Epist.
475 1677 516 1698 11.
544 1670 574 1698 1.
600 1669 662 1698 108
689 1676 782 1707 seqq.
806 1671 841 1697 et
862 1669 894 1697 2.

185 1722 228 1751 90
244 1729 339 1760 seqq.
377 1719 467 1750 Illud
482 1719 643 1757 studium,
660 1718 694 1748 in
708 1717 798 1758 quod
813 1721 893 1748 tunc

188 1771 289 1801 animi
307 1771 361 1801 vel
378 1774 498 1810 sponte
522 1768 745 1809 inclinabant,
766 1768 808 1799 ab
825 1767 893 1799 Au-

188 1825 287 1861 gusto
304 1821 377 1861 ipso
391 1826 582 1860 promotum
599 1824 653 1850 est
665 1829 741 1850 cum
759 1818 892 1849 honori-

188 1870 262 1911 bus,
275 1880 356 1911 quos
372 1870 480 1910 poetis
494 1870 675 1909 concessit,
690 1875 761 1900 tum
775 1869 892 1900 biblio-

185 1920 359 1952 thecarum
404 1920 617 1960 publicarum
659 1919 889 1950 institutione.

187 1970 257 2002 Hic
273 1970 408 2001 morbus
433 1970 618 2001 communis
639 1979 704 2000 non
733 1969 888 2000 imminu-

188 2026 241 2052 tus
257 2020 316 2051 sed
333 2021 445 2060 potius
466 2025 585 2052 anctus
602 2024 654 2050 est
670 2019 732 2050 sub
748 2029 889 2060 sequen-

186 2070 280 2102 tibus
306 2070 583 2110 Imperatoribus,
608 2080 684 2101 cum
709 2069 887 2110 unusquis-

187 2131 265 2163 que,
279 2122 341 2152 nisi
359 2121 459 2152 animi
476 2130 577 2151 causa
594 2125 653 2151 aut
670 2120 730 2151 otii
746 2118 887 2150 fallendi

189 2171 366 2210 scriberet,
376 2170 507 2201 facilius
524 2175 559 2201 et
580 2169 787 2201 commodius
814 2169 892 2209 po'e-

188 2222 272 2253 tices
285 2221 398 2251 studio
412 2230 530 2251 nomen
542 2230 578 2251 se
594 2221 805 2250 inventurum
819 2229 891 2250 esse

189 2271 425 2309 arbitraretur,
452 2279 552 2311 quam
583 2270 649 2300 alia
680 2279 892 2310 quacumque

189 2330 226 2352 re
242 2320 396 2361 graviori.
433 2320 574 2352 Petron.
593 2322 665 2351 118.
704 2319 816 2350 Etiam
832 2318 890 2348 Ti-

187 2371 313 2411 berius,
333 2370 584 2402 crudelissimus
609 2370 889 2410 turpissimusque

189 2420 372 2460 Princeps,
390 2419 513 2451 Graeca
538 2425 573 2451 et
591 2420 711 2450 Latina
734 2419 891 2459 poemata

189 2469 555 2510 fecit,Euphorionem‚
568 2470 745 2507 Rhianum,
758 2473 793 2499 et
808 2468 891 2499 Par·

188 2521 336 2551 theniurn
349 2520 407 2559 (de
419 2520 539 2561 quibus
552 2530 585 2551 v.
597 2519 733 2550 Suidam
745 2524 780 2550 et
790 2520 888 2549 Voss.

190 2569 233 2600 de
247 2570 326 2602 hist.
343 2569 475 2610 Graec.)
490 2570 524 2600 in
547 2570 694 2605 Graecis,
714 2570 745 2599 in
763 2569 891 2600 Latinis

191 2620 374 2655 Messalam
402 2620 585 2651 Corvinum
615 2620 777 2651 imitatus.
811 2620 892 2650 Sue-

191 2676 264 2703 ton.
278 2670 311 2700 in
326 2670 403 2702 Tib.
421 2674 474 2702 70.
499 2670 541 2702 cf.
556 2670 664 2702 Tacit.
678 2669 767 2701 Ann.
785 2679 809 2701 1.
830 2673 863 2701 11
881 2680 889 2708 ;

947 1476 1030 1498 xm.
1047 1470 1077 1498 3.
1124 1467 1279 1508 Caligula
1302 1465 1452 1507 quidem,
1474 1465 1530 1506 qui
1547 1464 1649 1496 caedi-

947 1518 1023 1557 bus,
1036 1517 1175 1558 rapinis,
1188 1521 1223 1547 et
1237 1516 1365 1556 stupris
1378 1515 1490 1546 omnia
1503 1515 1649 1554 miscuit,

946 1568 1079 1609 Virgilii
1093 1572 1128 1599 et
1141 1567 1228 1598 Livii
1245 1567 1372 1607 scripta
1386 1566 1522 1597 abolere
1539 1569 1652 1596 tenta-

948 1618 1009 1658 vit,
1032 1617 1188 1659 (Sucton.
1206 1617 1314 1658 Calig.
1331 1615 1401 1657 34.)
1424 1615 1558 1656 ingenio
1579 1616 1652 1647 illo-

948 1678 1022 1698 rum
1037 1668 1240 1708 scriptorum
1253 1672 1287 1698 et
1301 1667 1406 1707 gloria
1421 1665 1581 1706 offensus,
1597 1676 1653 1697 ve-

948 1729 1020 1750 rum
1035 1720 1098 1751 illis
1112 1718 1235 1750 favisse
1247 1718 1394 1756 videtur,
1409 1718 1466 1759 qui
1479 1718 1532 1748 vel
1544 1717 1650 1757 ipsius

946 1769 1062 1801 laudes
1081 1774 1256 1808 canerent,
1278 1770 1332 1800 vel
1351 1769 1482 1799 libidini
1500 1768 1650 1799 excitan-

946 1820 999 1850 dae
1029 1820 1183 1850 versibus
1214 1819 1281 1850 suis
1319 1818 1534 1850 inservirent.
1593 1818 1649 1849 Ne

947 1869 1108 1901 Claudius
1135 1869 1273 1910 quidem
1291 1878 1310 1899 a
1325 1868 1434 1899 Musis
1458 1871 1533 1898 erat
1559 1876 1652 1898 aver-

945 1929 1010 1950 sus.
1041 1919 1183 1951 Sueton.
1206 1918 1328 1950 Claud.
1355 1921 1386 1948 3.
1403 1920 1454 1949 28.
1472 1920 1523 1948 40.
1558 1917 1649 1949 Plin.

944 1970 1055 2009 Epist.
1081 1977 1105 2000 1.
1132 1971 1195 2006 133
1220 1968 1333 1999 Tacit.
1360 1967 1482 2000 Annal.
1510 1976 1593 1999 xm.
1617 1970 1649 1999 3.

945 2019 1038 2050 Nero
1051 2027 1165 2050 omnes
1176 2018 1335 2049 liberales
1349 2018 1548 2058 disciplinas
1562 2027 1648 2058 puer

943 2069 1071 2109 attigit,
1084 2068 1269 2109 poe'siuque
1282 2068 1447 2099 exercuit.
1463 2067 1649 2099 Suet.Ner.

947 2122 1000 2159 10,
1024 2122 1086 2157 52;
1112 2119 1264 2149 Martial.
1292 2127 1345 2149 1x.
1370 2121 1422 2149 27.
1466 2118 1549 2148 Tres
1576 2117 1648 2158 ejus

947 2180 1064 2201 versus
1078 2179 1143 2200 non
1158 2169 1286 2199 ultimae
1298 2173 1388 2199 notae
1397 2166 1529 2208 profert
1539 2168 1650 2198 Schol.

947 2219 989 2249 ad
1007 2220 1133 2249 Lucan.
1148 2227 1202 2247 111.
1223 2220 1298 2248 261.
1335 2217 1462 2247 Verum
1479 2215 1522 2246 cf.
1537 2216 1647 2246 Tacit.

947 2267 1038 2300 Ann.
1057 2277 1133 2299 xw.
1158 2270 1208 2298 16.
1252 2266 1396 2298 Satin-am
1430 2275 1564 2307 quoque
1590 2268 1650 2296 aut

948 2327 1085 2349 carmen
1113 2317 1262 2357 scripsit,
1290 2325 1355 2357 quo
1386 2315 1539 2347 Clodium
1569 2315 1649 2346 Pol-

943 2369 1079 2405 lionem,
1109 2373 1145 2398 et
1179 2367 1336 2405 alterum,
1374 2375 1439 2407 quo
1469 2365 1648 2396 Afranium

945 2419 1202 2455 Quinctianum,
1219 2417 1362 2449 mollitia
1386 2416 1537 2456 corporis
1562 2414 1648 2445 infa-

945 2479 1044 2508 mem,
1074 2468 1287 2510 perstrinxit.
1334 2468 1427 2498 Suet.
1457 2465 1588 2496 Domit.
1618 2467 1647 2495 1.

944 2521 1057 2552 Tacit.
1075 2519 1165 2550 Anu.
1181 2528 1241 2550 xv.
1257 2521 1310 2549 49.
1333 2516 1562 2550 Quamobrem
1578 2515 1648 2545 Nc·

947 2580 1063 2601 ronem
1091 2570 1132 2600 ab
1153 2569 1313 2601 Juvenali
1341 2576 1390 2598 lv.
1418 2569 1489 2598 106.
1517 2568 1651 2598 tactum.

947 2624 1068 2661 putant
1085 2619 1305 2660 interpretes
