1888 3032
262 97 318 140 80
775 106 822 135 A.
856 102 1020 134 PERsn
1057 104 1230 136 FLAcm

262 201 482 254 Raderetq
515 204 714 255 angustae
738 199 855 240 collo
876 212 961 240 non
982 199 1124 241 fallier
1145 214 1260 244 orcae
1280 216 1290 254 3
1681 202 1739 244 50

261 270 363 312 Neu
385 271 484 324 quis
503 269 702 311 callidior
721 269 890 309 buxum
912 271 1115 321 torquere
1136 269 1327 322 flagello.

319 338 454 379 Haud
474 338 552 378 tibi
573 337 852 390 inexpertum
875 350 1032 378 curvos
1053 337 1314 390 deprendere
1335 350 1494 388 mores,

263 405 468 460 Quaequo
491 405 618 445 docet
638 404 813 458 sapiens
832 404 1053 466 bracliatis
1076 405 1184 445 illita
1206 404 1355 446 Medis

260 526 321 548 ‘non
346 515 446 555 decipi
463 514 613 552 faucibus
627 519 724 546 arctae
739 525 837 546 orcoe:
868 525 942 546 ‘neve
966 515 1078 556 uliquis
1101 516 1234 556 peritior
1261 520 1352 548 esset
1375 517 1584 556 circumagere
1598 516 1739 547 trochum

262 559 392 589 scutica.
441 557 510 588 Tibi
528 567 607 589 vero
623 568 684 589 uon
700 558 895 598 incognitum
911 562 963 589 est
980 559 1153 589 discernere
1170 569 1268 590 mores
1283 564 1443 600 corruptos
1455 571 1467 597 ;
1489 563 1520 591 et
1537 560 1601 590 scis
1618 569 1657 590 ea
1670 569 1739 599 qua:

261 602 348 632 docet
371 600 528 632 eruditum
552 601 761 633 ambulacrum
784 602 889 633 Medis
914 600 1040 632 braccas
1062 602 1244 632 habentibus
1269 603 1476 642 insignitnm;
1511 606 1540 634 et
1564 612 1605 633 ea
1630 602 1739 643 quibus

879 686 955 697 eree
962 687 1057 697 eeeeae
1065 687 1120 698 ete

258 740 471 780 junxerunt3
495 750 562 781 quo
586 740 669 771 nihil
698 745 751 772 est
777 740 986 783 ἀτοπώτερον.
1045 743 1301 774 Casaubou.—53
1325 743 1381 774 Ita
1407 742 1621 783 distinguunt
1636 751 1740 772 mem-

263 783 392 821 branae,
410 787 448 814 ut
475 783 517 814 ad
542 784 724 824 sequentia
750 794 815 815 vox
839 785 988 817 insomnis
1003 786 1196 826 pertineat:
1231 785 1333 826 idque
1349 785 1481 816 melius.
1523 785 1740 816 Casaul›ou.—

262 826 303 857 53
328 825 488 857 indetonsa
506 826 599 859 Edit.
615 827 735 867 Steph.
751 830 781 858 et
796 829 849 859 det
863 832 951 860 tonsa
968 830 1034 861 Ms.
1051 830 1181 862 R.—56
1204 828 1334 860 diduxit
1358 828 1590 868 scribendum,
1607 837 1674 859 non
1688 829 1740 858 de-

929 925 960 956 N
967 924 1069 956 OTAE

265 996 412 1027 tendunt
441 997 532 1028 enim
560 998 664 1039 aliqui
691 1009 870 1031 numerum
901 1010 976 1031 esse

266 1049 532 1088 quaternarium,
579 1049 636 1080 alii
675 1060 755 1082 vero
794 1051 975 1082 senarium.

266 1099 385 1137 Porro,
401 1098 509 1140 (quod
525 1100 627 1130 etiam
651 1104 808 1131 constare
824 1100 976 1142 videtur)

1032 1001 1238 1041 intelligant,
1253 1010 1293 1032 eo
1310 1000 1401 1042 quod
1418 1010 1436 1031 e
1453 999 1575 1031 fritillo
1590 999 1652 1031 tali
1667 999 1744 1030 mit-

1032 1052 1205 1083 tebantur.
1252 1052 1372 1083 Malim
1390 1056 1502 1083 tamen
1521 1049 1742 1090 interpretari

1031 1103 1074 1133 de
1093 1101 1245 1133 Nucibus
1273 1112 1349 1143 quae
1365 1101 1398 1132 in
1414 1112 1472 1132 vas
1496 1099 1667 1141 quoddam
1684 1109 1743 1130 an-

265 1149 298 1179 in
326 1150 442 1181 Venere
471 1150 566 1180 Canis
595 1150 772 1191 proderat,
801 1151 865 1182 etsi
893 1152 974 1182 alias

266 1199 464 1231 damnosus:
484 1200 574 1231 sicut
588 1206 624 1232 et
638 1201 733 1232 Senio
749 1201 875 1243 alioqui
888 1201 976 1233 faus-

265 1256 320 1283 tus
359 1262 600 1294 nonnunquam
624 1252 744 1284 infelix
776 1258 860 1294 erat,
884 1254 975 1295 quod

264 1302 411 1343 probant
428 1313 469 1333 ex
484 1303 561 1334 loco
583 1303 739 1334 Suetonii
755 1303 788 1334 in
805 1303 974 1344 Augusto,

266 1363 297 1384 c.
314 1356 366 1384 71.
391 1354 399 1370 ‘
417 1353 512 1384 Talis
531 1353 673 1394 jactatis
698 1358 737 1385 ut
753 1354 896 1396 quisque
913 1356 974 1387 Ca-

263 1414 341 1436 nem
359 1408 418 1435 aut
434 1405 615 1436 Senionem
639 1406 793 1446 miserat,
810 1406 843 1437 in
862 1407 974 1447 singu-

262 1455 313 1486 los
328 1456 414 1486 talos
430 1455 580 1496 singulos
597 1455 753 1488 denarios
770 1456 973 1488 conferebat

262 1505 297 1536 in
327 1505 487 1545 medium,
505 1516 589 1547 quos
612 1507 759 1538 tollebat
785 1506 973 1548 universos,

264 1556 323 1598 qui
348 1556 520 1588 Venerem
543 1557 702 1597 jecerat.'
748 1558 816 1588 Sed
840 1561 875 1588 et
900 1568 974 1589 cor-

264 1610 403 1647 ruptum
418 1607 528 1636 locum
545 1607 634 1637 hunc
650 1617 818 1638 nonnemo
836 1613 976 1638 conten-

265 1656 318 1689 dit
356 1667 397 1687 ex
428 1656 668 1687 vetustissimis
710 1657 976 1697 exemplaribus,

263 1706 533 1747 legendumque:
574 1707 616 1737 Ut
637 1707 761 1747 quisque
779 1708 896 1738 Canem
921 1708 978 1738 mi-

263 1761 346 1788 serat
362 1757 395 1787 z'n
410 1757 548 1796 singulos
574 1758 663 1797 talos,
685 1758 822 1797 singulos
836 1758 978 1789 denarios

264 1808 439 1847 conferebat
456 1810 486 1839 in
504 1809 650 1848 medium,
667 1819 740 1848 quos
763 1800 889 1839 tollebat
909 1809 978 1839 uni-

264 1869 367 1889 versos
392 1859 444 1900 qui
473 1860 620 1890 Venerem
639 1859 762 1897 jecerat
789 1862 843 1889 aut
870 1859 977 1890 Senio-

265 1920 344 1941 nem.
390 1910 489 1941 Unde
518 1910 780 1941 concluderetur
811 1910 975 1941 Senionem

266 1970 401 2001 semper
418 1961 485 1992 dici
503 1965 538 1992 et
555 1960 657 1992 fuisse
675 1961 809 2001 jactum
825 1960 974 1999 felicem,

263 2016 310 2050 et,
344 2016 383 2042 ut
415 2012 462 2042 ait
490 2012 645 2052 Persius,
670 2014 826 2043 dextrum.
873 2012 974 2044 Quod

265 2062 370 2093 etiam
387 2062 428 2092 de
448 2064 532 2092 Cane
555 2062 653 2092 addit
670 2062 821 2101 Persius,
836 2063 974 2101 raderet,

265 2113 363 2143 aiunt
381 2111 483 2143 fuisse
501 2112 672 2153 quoddam
689 2113 772 2142 aleae
798 2121 916 2152 genus,
942 2112 975 2142 in

266 2172 333 2203 quo
367 2162 463 2192 Canis
492 2163 642 2203 quinque
674 2166 802 2202 puncta
831 2162 873 2192 de
902 2162 975 2192 aliis

264 2213 413 2243 numeris
432 2212 648 2243 detrahebat.
693 2212 781 2242 Vide
805 2211 974 2243 Alexand.

264 2263 307 2293 ab
339 2263 438 2294 Alex.
468 2273 523 2294 111.
553 2266 605 2294 21.
643 2259 974 2304 Coe1.Rhodig.xx.

265 2317 320 2344 27.
358 2313 502 2345 Adrian.
531 2314 681 2345 Turneb.
710 2313 857 2345 Advers.
889 2324 919 2345 v.
946 2317 977 2346 6.

267 2372 391 2395 xxvu.
419 2367 449 2394 3.
475 2368 539 2395 &a
584 2364 673 2394 Item
695 2374 769 2404 quae
797 2364 872 2396 Lib.
895 2365 976 2395 Fro-

265 2413 408 2445 mondus
420 2414 551 2444 curiose
567 2414 696 2453 pariter
710 2419 745 2445 et
759 2414 859 2445 docte
871 2415 977 2454 scrip-

265 2464 322 2503 sit,
335 2464 523 2493 Commeut.
539 2463 570 2492 iu
584 2463 723 2494 Senecae
739 2463 977 2503 Apocolocyn-

268 2513 358 2545 tosin
376 2513 510 2544 Claudii
529 2514 685 2552 Caesaris,
701 2523 734 2543 n.
753 2516 826 2543 134.

310 2567 352 2594 50
384 2563 538 2603 Augustae
565 2565 642 2594 collo
666 2574 725 2594 non
744 2563 855 2601 fallier
882 2563 976 2602 orcoe]

270 2612 376 2644 Aliud
393 2613 530 2644 lusionis
556 2614 695 2654 puerilis
711 2624 840 2654 genus3
873 2625 977 2656 quan-

269 2674 368 2706 quam
395 2664 497 2706 aliqui
519 2665 561 2696 de
586 2665 706 2696 eodem
721 2666 879 2697 Talorum
896 2666 976 2698 ludo

1032 1152 1123 1193 gusti
1141 1153 1220 1184 colli
1241 1152 1275 1182 in
1297 1156 1391 1183 terra
1407 1151 1556 1183 defixum
1583 1150 1751 1194 conjicieq

1032 1204 1165 1234 bantur.
1213 1202 1315 1234 Ovid.
1335 1203 1376 1233 de
1401 1203 1521 1234 Nuce:
1548 1205 1556 1218 ‘
1573 1201 1643 1231 Vas
1661 1210 1743 1241 quo-

1030 1264 1095 1294 que
1121 1263 1215 1294 saepe
1241 1263 1360 1284 cavum
1385 1253 1499 1293 spatio
1525 1251 1676 1282 distante
1694 1251 1741 1281 lo-

1030 1309 1137 1344 catur,
1153 1304 1193 1335 In
1219 1303 1309 1345 quod
1332 1303 1435 1334 missa
1459 1302 1528 1333 levi
1551 1311 1620 1332 nux
1646 1301 1751 1332 cadit?

1030 1365 1096 1386 una
1119 1354 1243 1386 manu.‘
1304 1354 1425 1386 Nostri
1451 1353 1616 1393 temporis
1644 1351 1742 1392 pueri

1029 1406 1063 1435 in
1080 1405 1235 1436 scrobem
1252 1415 1355 1436 nuces
1372 1404 1571 1444 conjiciunt.
1619 1403 1744 1434 Sensus

1032 1455 1145 1486 Persii
1162 1459 1238 1486 est:
1273 1454 1451 1486 studebam
1476 1454 1526 1484 ita
1548 1462 1651 1484 nuces
1668 1452 1743 1493 inji-

1033 1515 1112 1536 cere
1128 1505 1162 1535 in
1179 1515 1305 1544 orcam,
1329 1509 1367 1535 ut
1394 1513 1462 1534 non
1488 1503 1682 1534 aberrarem
1699 1503 1742 1533 ab

1032 1559 1128 1586 arcto
1140 1555 1224 1585 licet
1239 1554 1336 1585 ostio.
1382 1553 1471 1584 Vide
1485 1554 1674 1583 Erasmum.

1076 1604 1184 1644 Orcoe]
1228 1605 1299 1635 Vas
1329 1604 1364 1635 in
1392 1603 1528 1634 modum
1551 1602 1742 1642 turriculae,

1033 1654 1121 1696 quod
1138 1659 1174 1685 et
1190 1664 1319 1695 pyrgus
1336 1653 1473 1684 dicitur.
1520 1653 1644 1685 Horat.
1667 1653 1741 1684 Sat.

1032 1714 1074 1736 11.
1090 1708 1122 1736 7.
1147 1706 1156 1722 ‘
1174 1704 1335 1735 Mitteret
1352 1704 1385 1734 in
1402 1713 1548 1744 pyrgum
1567 1703 1676 1735 talos!

1074 1759 1113 1787 51
1139 1756 1284 1796 Buram]
1307 1757 1478 1787 Trochum
1496 1766 1514 1787 e
1531 1756 1633 1787 buxo.
1657 1755 1741 1786 Ter-

1032 1807 1099 1838 tius
1113 1812 1165 1838 est
1182 1817 1363 1846 puerorum
1378 1806 1489 1847 ludus,
1505 1816 1603 1847 quem
1619 1806 1744 1837 descri-

1031 1857 1084 1889 bit
1102 1858 1219 1898 Virgil.
1236 1857 1371 1888 AEneid.
1389 1866 1454 1889 vu.
1478 1862 1514 1888 et
1539 1861 1640 1888 vocat
1660 1857 1669 1873 ‘
1687 1866 1741 1887 vo-

1030 1908 1134 1940 lubile¹
1152 1908 1301 1940 buxum!

1072 1963 1115 1991 52
1139 1960 1237 1990 Haud
1263 1959 1322 1990 tibi
1347 1959 1557 1998 inexpertum,
1584 1956 1653 1997 ἔξω]
1687 1957 1740 1988 Tu

1030 2020 1112 2042 vero
1128 2010 1277 2041 imbutus
1295 2020 1330 2040 es
1356 2007 1539 2049 praeceptis
1556 2007 1741 2039 moralibus

1031 2065 1067 2091 et
1083 2059 1260 2100 sapienlize
1276 2059 1413 2099 regulis.

1075 2113 1115 2141 53
1148 2109 1334 2149 Brut-hatis]
1378 2109 1449 2139 Per
1475 2108 1618 2139 braccas
1644 2111 1741 2138 certe

1032 2161 1247 2201 peregrinam
1273 2166 1403 2192 vestem
1430 2160 1544 2201 potius
1562 2165 1597 2191 et
1622 2160 1741 2191 barba-

1032 2221 1103 2242 ram
1117 2211 1255 2242 Persius
1270 2211 1408 2241 videtur
1421 2210 1566 2241 voluisse
1579 2210 1742 2250 indicare,

1031 2272 1131 2302 quam
1148 2262 1324 2302 proprium
1350 2261 1466 2291 Persis
1493 2270 1532 2291 ac
1558 2259 1670 2290 Medis
1693 2260 1742 2290 in-

1032 2312 1242 2343 dumentum.
1288 2312 1363 2342 Nec
1389 2316 1442 2342 est
1467 2311 1554 2352 quod
1582 2311 1630 2341 ita
1654 2320 1739 2351 pug-

1031 2367 1115 2393 nent
1132 2362 1346 2402 Interpretes
1370 2362 1461 2392 inter
1486 2370 1522 2391 se
1547 2360 1589 2392 de
1617 2371 1678 2391 usu
1704 2366 1740 2392 et

1033 2412 1227 2442 discrimine
1256 2417 1344 2451 togae
1376 2410 1525 2451 ποδήρους
1549 2410 1639 2452 apud
1665 2413 1740 2443 Me-

1031 2464 1101 2503 dos,
1117 2468 1152 2494 et
1169 2463 1351 2503 ἀναξυρίδας.

1074 2514 1165 2544 Illita
1182 2515 1287 2545 Medis
1306 2514 1458 2554 porticus]
1491 2514 1557 2544 Illa
1585 2514 1738 2554 porticus

1030 2565 1175 2596 Athenis
1190 2570 1277 2604 erat,
1289 2571 1324 2596 et
1336 2565 1415 2595 στοὰ
1432 2565 1629 2596 dicebatur:
1647 2567 1738 2598 unde

1032 2620 1068 2647 et
1092 2616 1198 2647 Stoici
1225 2616 1337 2647 vocati
1362 2620 1440 2647 sunt
1457 2617 1664 2657 Philosophi,
1681 2617 1739 2658 qui

1031 2667 1066 2698 in
1082 2677 1123 2698 ea
1138 2666 1318 2699 docebant.
1368 2667 1409 2698 In
1434 2667 1620 2708 parietibus
1647 2667 1739 2699 illius
