1888 3032
226 147 254 188 εὶ
742 152 804 181 ni:
841 150 1001 180 pensu
1038 149 1170 191 vr'rA,

223 249 416 292 funditus
433 249 632 296 sublata‚¹
667 245 872 296 Romani,
891 260 997 288 cura
1027 260 1168 288 rerum
1199 248 1475 302 publicarum
1505 249 1684 299 omissa,

225 317 531 359 convertebant
566 314 731 354 animos
766 313 823 354 ad
858 327 926 355 res
960 315 1174 369 privatas,
1211 319 1339 370 atque
1375 329 1495 357 amor
1528 318 1683 371 patriae

222 384 501 436 studiumque
520 393 660 421 rerum
689 382 983 422 communium
1019 383 1181 423 sensim
1213 384 1460 437 sensimque
1490 386 1686 438 extirpa-

222 452 358 492 batur.
410 450 518 490 Cum
534 448 628 502 jam
649 449 704 489 ab
722 449 848 489 unius
860 450 1164 491 benevolentia
1180 454 1252 491 aut
1271 450 1438 491 invidia
1454 453 1600 492 omnia
1616 452 1685 493 vel

221 515 496 573 expectanda
516 515 588 557 vel
614 515 806 556 timenda
834 521 997 567 essent,
1028 517 1073 560 id
1106 531 1253 559 omnes
1281 519 1481 571 agebant,
1502 523 1565 568 ut,
1589 520 1683 572 qui-

220 587 489 638 buscumque
510 584 640 626 rebus
662 590 857 637 possent,
872 586 1056 639 gratiam
1077 586 1173 641 ejus
1195 590 1531 640 aucuparentur,
1548 601 1684 642 nequo

219 652 455 707 quidquam
477 653 803 701 committerent,
826 652 946 705 quod
972 654 1115 693 minus
1148 654 1210 694 illi
1242 654 1444 707 placeret.
1507 654 1684 696 Delato—

216 733 307 760 rum
328 733 456 773 porro
478 732 643 772 greges,
676 732 756 773 per
785 719 962 761 Italiam
991 734 1224 775 omnesque
1248 722 1498 775 provincias
1519 722 1681 774 sparsi,

215 800 303 828 non
322 787 440 829 facta
460 787 600 828 solum
621 792 664 829 et
682 787 815 837 dicta,
835 789 913 829 scd
929 789 1056 829 exiis
1073 790 1204 829 etiam
1226 790 1378 830 intima
1397 789 1530 829 animi
1554 801 1683 830 sensa

215 855 499 905 rimabantur,
527 858 568 895 et
596 856 667 895 vel
689 855 1023 896 domesticorum
1046 855 1176 896 fidem
1200 856 1401 897 infestam
1429 855 1680 897 reddebant.

216 920 363 972 Quam
396 923 452 962 ob
485 936 575 964 rem
606 936 734 963 nemo
766 923 948 964 liberam
971 937 1125 966 vocem
1147 924 1340 965 emittere
1362 924 1579 975 audebat3
1611 924 1684 965 vel

212 990 337 1030 taciti
360 989 676 1043 Imperatorum
696 991 908 1032 insaniam
927 1005 1082 1045 resque
1106 992 1274 1045 imperii
1301 994 1471 1031 ruentes
1493 991 1680 1044 aspicie-

212 1056 332 1106 bant,
366 1057 436 1097 vel
468 1058 638 1099 occulte
657 1061 698 1098 et
722 1059 923 1111 ambigue
952 1059 1251 1111 loquebantur,
1288 1062 1532 1111 sortemque
1554 1071 1678 1099 suam

212 1122 333 1164 domi
353 1124 655 1165 delitescentes
676 1126 893 1177 lugebant.
955 1125 1065 1166 Inde
1086 1139 1258 1179 quoquc
1280 1127 1491 1166 sermonis
1513 1126 1679 1166 indoles

210 1193 252 1230 et
272 1194 423 1231 natura
444 1192 636 1232 colorem
657 1193 816 1244 traxit3
848 1207 964 1247 quae,
995 1207 1094 1234 cum
1124 1198 1250 1234 antea
1281 1194 1471 1247 simplex
1499 1197 1617 1235 esset
1637 1197 1680 1235 et

211 1261 380 1310 aperta,
403 1258 758 1311 quandoquidem
780 1261 936 1301 nemini
966 1261 1107 1302 fraudi
1128 1265 1235 1310 erat,
1263 1274 1314 1301 ea
1333 1262 1552 1314 proloqui,
1576 1275 1676 1315 quae

211 1325 463 1376 cogitasset,
485 1338 595 1365 nunc
618 1326 880 1367 obscuritate
902 1327 1093 1380 quadam
1120 1328 1331 1369 obvoluta
1359 1331 1451 1367 erat
1479 1332 1520 1368 et
1548 1332 1676 1378 tecta,

211 1394 342 1444 atque
357 1404 383 1431 a
397 1393 581 1433 naturali
597 1392 878 1446 simplicitate
897 1395 941 1435 in
955 1394 1049 1435 dies
1062 1396 1203 1449 magis
1218 1396 1443 1448 magisque
1462 1395 1674 1437 deflexit.2

211 1457 317 1511 Ipsa
335 1459 582 1512 eloquentia
600 1460 694 1501 foro
715 1463 867 1503 relicto
886 1463 950 1504 vel
974 1464 1017 1502 in
1034 1463 1278 1503 scholarum
1295 1462 1562 1502 umbraculis
1578 1464 1678 1504 abs-

210 1526 386 1567 condita
426 1527 512 1567 situ
543 1530 910 1582 corrumpebatur,
947 1531 1016 1571 vel
1050 1532 1094 1571 in
1128 1534 1279 1571 senatu
1312 1531 1537 1583 peregrino
1573 1530 1675 1572 fuco

209 1593 347 1634 oblita
365 1594 409 1633 in
435 1591 670 1635 laudandis
698 1595 1036 1650 Imperatoribus
1067 1597 1376 1649 sententiisque
1405 1596 1576 1637 illorum
1597 1597 1674 1638 ab·

202 1660 321 1714 Jeete
343 1662 681 1714 comprobandis
702 1667 792 1704 erat
812 1668 1057 1717 occupata;
1089 1677 1272 1717 cumque
1291 1676 1434 1703 rerum
1453 1675 1675 1715 argumen—

207 1732 435 1782 torumque
456 1729 711 1781 magnitudo
731 1731 948 1781 deficeret,
980 1731 1099 1771 inani
1121 1731 1349 1772 verborum
1379 1743 1554 1783 pompae
1576 1743 1674 1772 sen-

205 1796 519 1849 tentiarumque
559 1797 718 1837 tumori
753 1799 986 1839 studebat.³
1046 1799 1187 1839 Sensu
1226 1798 1505 1838 sublimitatis
1539 1810 1669 1847 verae,

207 1861 395 1912 decoris,
415 1867 458 1904 et
477 1864 758 1917 ingenuitatis
776 1856 948 1917 obtuso,
967 1866 1157 1907 studium
1172 1865 1476 1906 collocabatur
1488 1865 1533 1903 in
1545 1865 1672 1906 rebus

205 1930 396 1980 minutis,
419 1935 460 1972 et
487 1933 691 1973 novitatis
715 1934 919 1986 cupidine
950 1939 993 1975 et
1021 1934 1236 1975 acuminis
1263 1932 1405 1986 jejuni
1437 1932 1671 1984 scriptores

206 1996 383 2037 obscuri
403 2002 446 2038 et
473 1999 609 2052 inepti
629 2000 800 2040 fiebant.
863 2000 1037 2041 Mutata
1067 2001 1129 2041 rei
1158 2000 1351 2054 publicae
1382 1999 1519 2038 forma
1539 1998 1670 2039 mori-

203 2062 376 2116 busque
396 2065 593 2117 pristinis
608 2068 767 2117 exutis,
784 2081 925 2109 sermo
944 2069 1119 2122 quidem
1140 2069 1267 2108 novis
1288 2065 1471 2107 subinde
1493 2065 1669 2106 dicendi

204 2130 445 2171 rationibus
459 2135 502 2171 et
517 2134 660 2173 verbis
680 2135 845 2187 passim
867 2141 1020 2176 auctus
1033 2138 1112 2186 est,
1129 2134 1351 2188 praecipue
1373 2147 1399 2173 a
1417 2133 1667 2186 peregrinis,

205 2198 279 2250 qui
315 2198 504 2252 undique
533 2214 589 2240 ex
624 2202 861 2253 provinciis
895 2202 1084 2243 Romam
1114 2202 1440 2251 confluxerant;
1474 2204 1517 2240 at
1534 2199 1669 2240 multa

205 2266 435 2316 contraxit,
458 2280 559 2320 quae
582 2269 802 2321 antiquam
822 2271 1052 2324 puritatem
1073 2270 1168 2325 ejus
1186 2269 1499 2321 candoremque
1520 2270 1668 2307 conta-

870 2412 1008 2445 NOTAE

247 2488 263 2515 1
288 2486 394 2517 Tacit.
419 2485 542 2519 Annal.
574 2498 598 2519 1.
627 2493 688 2529 153
721 2490 786 2521 Dio
812 2492 905 2523 Cass.
960 2491 1109 2522 Neronis
1123 2495 1266 2522 mortem
1280 2490 1434 2521 insecuta
1449 2493 1539 2530 sunt,
1551 2489 1665 2521 adum-

205 2544 307 2567 Lvnl.
324 2539 376 2568 20.
394 2537 441 2568 ibi
457 2548 488 2568 v.
509 2539 660 2571 Reimar.
676 2541 814 2572 Sueton.
830 2541 904 2572 Tib.
959 2541 1080 2572 bravit.

203 2594 264 2629 37;
282 2590 448 2631 Pompon.
465 2600 505 2622 Π.
527 2592 552 2631 §.
568 2595 600 2623 9.
628 2592 724 2623 D.de
742 2602 790 2623 or.
809 2593 883 2624 Jur.
1004 2595 1022 2623 3
1047 2592 1168 2622 Senec.
1199 2592 1361 2622 Controv.
1391 2589 1486 2631 praef.
1516 2591 1560 2622 ad
1591 2591 1613 2622 l.
1637 2600 1662 2623 1.

245 2645 264 2672 2
283 2642 359 2673 Huc
372 2651 505 2683 quoque
516 2643 624 2682 imago
635 2643 906 2684 pertinet,quam
960 2642 1104 2675 Quintil.
1129 2642 1214 2673 Inst.
1230 2650 1281 2672 lx.
1298 2644 1328 2673 3.
1361 2640 1493 2673 Auctor
1517 2642 1560 2673 de
1587 2652 1660 2674 cor-

202 2691 337 2723 'lucitus
354 2691 464 2734 (Hist.
492 2701 517 2723 1.
535 2691 583 2733 2.)
603 2696 805 2734 temporum,
828 2702 903 2734 quae
958 2696 1050 2733 rupt.
1068 2692 1155 2734 eloq.
1175 2702 1204 2724 c.
1221 2695 1275 2732 24,
1289 2695 1343 2731 28,
1360 2694 1413 2722 32.
