1888 3032
240 164 325 206 158

745 170 790 199 A.
823 166 988 197 PERSII
1022 165 1196 196 FLACCI

242 268 396 323 Aprici
417 265 665 308 meminisse
687 277 825 303 senos.
887 262 1004 312 Quid
1025 262 1248 315 pulchrius
1261 261 1403 304 ‘e—-At
1421 275 1520 303 cum

244 337 437 379 Herodis
458 346 611 374 venere
629 333 739 381 dies,
761 335 980 385 unctaque
1003 330 1191 370 fenestra

1621 327 1706 369 180

244 404 485 458 Dispositae
508 402 711 455 pinguem
732 400 933 440 nebulam
953 412 1156 439 vomuere
1176 399 1382 448 lucemus,

242 534 348 566 illuxit
371 535 437 565 dies
462 533 613 571 Herodis,
630 536 660 563 et
676 536 793 573 uptutoe
811 533 965 572 lampades
988 532 1028 562 ad
1047 531 1221 569 fenestram
1248 530 1428 570 delibutam,
1445 529 1587 568 serentes
1601 527 1710 568 riolas,

872 627 992 638 eeeeee

996 626 1089 637 ιιιιι

539 702 600 730 180
615 698 795 738 jnnctaque,
818 698 877 729 sed
903 707 979 728 cum
1005 698 1103 737 gloss.
1116 697 1214 736 picta.
1244 696 1311 726 Ms.
1329 696 1408 727 Gal.

903 795 1047 827 NOTAE

244 873 299 911 cis,
312 876 349 903 ut
365 876 462 902 notat
475 872 672 903 Lactantius
690 883 715 904 1.
738 876 791 904 20.
809 873 897 903 unde
914 876 949 903 et

245 922 379 953 erubuit
403 922 553 961 Populus
570 923 642 962 ipse
666 925 835 954 Romanus
853 923 950 954 ludos

245 972 394 1003 Florales
421 972 571 1002 exhiberi
596 972 746 1013 integros
775 983 889 1004 coram
914 974 950 1004 C.

244 1023 370 1054 Porcio
388 1024 528 1063 Catone,
544 1024 599 1064 qui
614 1029 799 1064 propterea
812 1034 829 1055 e
843 1025 951 1055 Thea-

247 1078 298 1104 tro
316 1073 481 1113 discessit,
510 1084 552 1104 ne
576 1075 762 1114 praesentia
779 1086 838 1106 sua
856 1086 952 1116 spec-

247 1124 350 1154 taculi
383 1125 662 1154 consuetudinem
697 1125 894 1165 impediret,
915 1130 953 1157 ut

245 1173 353 1204 refert
380 1174 496 1204 Valer.
524 1175 666 1205 Maxim.
694 1184 732 1206 11.
758 1179 808 1206 10.
828 1176 954 1206 Postea

246 1234 339 1263 vero,
367 1229 403 1254 ut
423 1228 517 1255 tanto
540 1225 659 1264 pudori
678 1226 769 1256 color
785 1235 954 1267 quaerere-

246 1279 315 1313 tur,
348 1274 481 1305 Floram
518 1275 637 1306 dixere
675 1276 786 1306 Deam
824 1274 957 1315 florum,

247 1324 475 1365 colebantque
508 1330 628 1365 quarto
653 1325 827 1356 Kalendas
861 1326 958 1365 Maii,

249 1385 308 1405 seu
336 1375 389 1405 die
420 1378 474 1406 28.
510 1375 654 1416 Aprilis,
694 1376 787 1416 quasi
816 1380 854 1406 ut
885 1380 959 1406 sata

249 1424 381 1456 felicius
400 1430 605 1456 crescerent.
650 1426 753 1456 Ovid.
778 1426 810 1455 in
827 1424 893 1456 fine
911 1435 958 1457 lv.

249 1479 285 1504 et
313 1474 347 1504 in
376 1483 410 1505 v.
435 1475 625 1506 Fastorum.
656 1475 812 1505 Macrob.
843 1475 961 1506 Satur-

250 1524 315 1556 nal.
334 1534 356 1555 1.
381 1527 412 1555 4.
448 1525 482 1555 S.
501 1524 682 1564 Augustin.
707 1524 749 1555 de
764 1525 862 1555 Civit.
879 1525 960 1565 Dei,

250 1583 301 1606 vr.
316 1577 347 1605 7.
366 1574 467 1604 Alex.
486 1575 527 1605 ab
548 1573 650 1606 Alex.
669 1585 747 1605 mox
764 1575 825 1605 cit.

296 1628 357 1655 179
381 1625 511 1664 Aprici]
558 1626 661 1655 Senes
696 1630 811 1656 amant
846 1625 962 1666 aprica

251 1676 338 1711 loca,
366 1675 400 1704 id
428 1680 491 1714 est,
515 1676 584 1705 sole
610 1675 775 1714 tepentia,
792 1675 825 1704 in
841 1675 960 1715 quibus

253 1724 471 1755 deficientem
503 1734 578 1754 cum
609 1729 712 1754 aetate
741 1725 887 1754 calorem
912 1724 960 1754 fo-

254 1779 385 1812 ventes,
413 1773 559 1804 maxime
584 1774 678 1804 circa
701 1773 890 1813 meridiem,
905 1783 962 1804 nu-

254 1823 303 1863 gis
321 1823 509 1863 indulgent,
536 1823 625 1853 unde
653 1822 818 1853 Proverb.
843 1833 960 1861 μεσημ-

252 1871 355 1912 βρινὸς
369 1873 473 1912 λῆρος.
492 1871 667 1902 Interdum
681 1876 715 1902 et
726 1872 866 1903 laudant
877 1877 960 1903 tem-

252 1933 336 1964 pora
357 1933 391 1954 se
417 1923 530 1963 pueris
559 1928 649 1962 acta,
666 1927 703 1954 ut
727 1923 776 1953 ait
795 1923 959 1954 Horatius

254 1973 296 2004 ad
312 1973 467 2004 Pisones.

299 2024 382 2058 Quid
416 2024 592 2064 pulchrius]
647 2023 738 2056 Quid
773 2023 960 2064 gloriosius,

253 2083 353 2114 quam
370 2083 405 2103 se
430 2075 625 2114 posteritati
650 2075 886 2105 commendare
900 2084 961 2114 per

252 2121 519 2153 munificentiam
537 2128 571 2154 et
588 2125 745 2164 honores,
767 2125 876 2165 inquit
892 2135 959 2154 am-

253 2172 353 2212 bitio,
368 2173 411 2203 ad
428 2173 572 2203 animum
591 2174 730 2204 hominis
754 2175 817 2204 sibi
836 2174 959 2205 manci-

255 2223 403 2264 pandum
419 2234 425 2254 :
456 2224 509 2254 vel
538 2224 644 2255 ironia
668 2229 720 2255 est
735 2225 841 2255 Stoici
857 2225 961 2255 ambi-

254 2275 415 2305 tiosorum
427 2275 591 2306 insaniam
609 2275 808 2307 deridentis.

295 2324 340 2353 At
364 2335 430 2353 cum
457 2324 594 2355 Herodis
610 2336 714 2356 venere
729 2326 808 2365 dies]
831 2326 908 2358 Jam
925 2330 961 2357 et

255 2373 454 2412 superstitio
474 2384 548 2403 suas
580 2381 694 2414 partes
722 2377 803 2416 agit,
831 2376 961 2417 sibique

255 2421 436 2452 obnoxium
450 2424 522 2453 vult
538 2424 662 2454 habere
681 2425 858 2456 hominem.
874 2427 962 2458 Quia

255 2482 336 2503 vero
376 2473 491 2503 Romae
531 2476 783 2513 superstitionis
825 2477 961 2506 damna-

256 2522 382 2553 bantur
413 2532 526 2553 omues
559 2524 693 2554 externi
729 2525 827 2563 ritus,
854 2527 961 2555 omnis

257 2573 375 2613 religio
389 2573 568 2613 peregrina
584 2585 592 2612 ;
607 2574 683 2604 hinc
698 2574 838 2605 Persius
852 2585 961 2605 exem-

258 2623 314 2662 pla
337 2622 537 2654 Judaeornm
561 2624 703 2655 accersit
735 2633 753 2654 e
785 2624 897 2663 Syria,
927 2629 963 2655 et

258 2671 494 2713 AEgyptiorum
522 2673 611 2714 apud
640 2683 723 2716 quos
742 2673 806 2705 Isis
829 2673 961 2706 coleba-

1005 877 1080 909 tur;
1121 875 1179 902 aut
1205 875 1300 902 certe
1322 869 1551 900 Romanorum
1568 876 1712 909 quorun-

1005 923 1081 953 dam
1106 932 1161 953 eas
1185 921 1366 961 religiones
1391 919 1642 950 observantium
1661 927 1713 949 su-

1005 973 1211 1014 perstitiose.

1050 1028 1111 1056 180
1137 1022 1289 1062 Herodis]
1324 1021 1467 1062 Triplex
1481 1019 1545 1051 fuit
1562 1020 1717 1058 Herodes,

1007 1076 1135 1116 primus
1159 1073 1335 1113 Antipatri
1351 1072 1452 1111 filius,
1478 1072 1550 1102 Rex
1581 1070 1713 1102 Jndaeae

1008 1126 1117 1156 dictus
1151 1135 1170 1155 a
1205 1123 1379 1161 Romanis,
1417 1122 1478 1152 sub
1517 1131 1583 1162 quo
1615 1124 1713 1150 natus

1010 1175 1164 1206 Christus
1181 1173 1364 1204 Dominus:
1390 1171 1446 1212 qui
1466 1176 1501 1201 et
1520 1171 1620 1212 paulo
1638 1174 1715 1210 post

1008 1230 1160 1256 mortuus
1175 1225 1269 1254 velut
1285 1224 1438 1254 Christus
1451 1227 1485 1252 et
1503 1222 1648 1252 Messias
1662 1225 1716 1251 est

1011 1275 1209 1306 observatus
1228 1284 1247 1304 a
1263 1273 1444 1310 nonnullis,
1475 1272 1531 1312 qni
1553 1271 1631 1301 inde
1648 1271 1718 1301 He-

1012 1323 1141 1355 rodiani
1170 1323 1279 1354 vocati
1308 1328 1395 1354 sunt.
1443 1322 1542 1352 Alter
1562 1321 1628 1353 fuit
1650 1321 1717 1352 He-

1011 1376 1099 1406 rodes
1127 1374 1248 1414 prioris
1269 1373 1367 1412 filius,
1396 1373 1596 1413 cognomine
1621 1371 1720 1403 Anti-

1013 1435 1086 1465 pas,
1102 1424 1163 1454 sub
1181 1434 1247 1464 quo
1260 1429 1415 1454 mortuus
1434 1423 1602 1453 Christus.
1640 1423 1721 1453 Ter·

1016 1476 1083 1507 tius
1110 1476 1250 1506 Herodes
1273 1473 1441 1514 Agrippa,
1455 1472 1643 1504 Aristobuli
1659 1472 1722 1503 fili-

1016 1536 1067 1564 ηε,
1094 1525 1214 1557 Jacobi
1243 1523 1400 1564 Apostoli
1427 1521 1643 1562 interfector,
1676 1522 1722 1553 vi-

1014 1581 1118 1608 vente
1142 1575 1260 1606 Persio
1289 1575 1398 1605 adhuc
1426 1573 1601 1613 regnabat.
1647 1573 1720 1604 Hu-

1009 1627 1127 1667 jusnc,
1149 1636 1191 1656 an
1222 1625 1319 1666 primi
1345 1624 1470 1655 mentio
1497 1623 1536 1654 fit
1552 1624 1719 1663 hocloco,

1015 1686 1077 1707 nec
1094 1675 1281 1706 doctissimi
1297 1675 1496 1705 decernunt.
1540 1674 1648 1704 Vetus
1665 1673 1721 1704 In·

1015 1731 1148 1766 terpres
1181 1726 1230 1755 sic
1253 1724 1380 1755 habet:
1415 1723 1592 1754 ‘Herodes
1629 1723 1718 1763 apud

1013 1776 1152 1808 Judaeos
1166 1775 1324 1814 regnavit
1337 1773 1545 1814 temporibus
1561 1772 1721 1813 Augusti,

1014 1826 1047 1856 in
1073 1825 1226 1865 partibus
1257 1825 1376 1864 Syriae.
1423 1823 1612 1854 Herodiani
1641 1832 1722 1863 ergo

1015 1875 1104 1906 diem
1121 1876 1268 1906 natalem
1295 1874 1442 1905 Herodis
1470 1874 1666 1913 observant,
1683 1878 1722 1904 ut

1014 1926 1116 1956 etiam
1133 1925 1304 1956 Sabbata:
1337 1934 1403 1965 quo
1425 1924 1480 1955 die
1496 1925 1650 1955 lucernas
1666 1933 1721 1955 ac-

1015 1986 1132 2007 censas
1145 1980 1181 2006 et
1195 1975 1292 2006 violis
1309 1979 1487 2006 coronatas
1503 1975 1537 2005 in
1560 1974 1720 2005 fenestris

1015 2025 1170 2066 ponunt.'

1059 2075 1198 2105 Herodis
1213 2074 1292 2113 dies]
1338 2075 1422 2106 Dies
1443 2074 1571 2106 Judaeis
1590 2074 1721 2106 Herodi

1016 2126 1102 2165 Regi
1119 2125 1262 2156 subditis
1281 2125 1373 2165 festi,
1389 2136 1446 2156 seu
1470 2125 1513 2156 ob
1538 2126 1609 2165 ejus
1626 2130 1721 2156 nata-

1013 2177 1094 2215 lem,
1111 2186 1171 2207 seu
1194 2177 1237 2207 ob
1260 2182 1455 2217 susceptum
1473 2177 1514 2207 ab
1530 2186 1570 2207 eo
1587 2177 1721 2207 Princi-

1015 2231 1144 2267 patum.

1063 2277 1220 2316 L‘nctaque
1229 2276 1388 2317 fenestra]
1424 2278 1562 2308 Scilicet
1579 2278 1622 2308 ob
1640 2288 1720 2309 exu-

1015 2327 1099 2358 dans
1126 2328 1236 2357 oleum
1264 2337 1282 2357 e
1308 2328 1521 2367 lampadibus
1538 2329 1570 2358 in
1588 2330 1718 2368 signum

1015 2377 1148 2408 laetitiae
1167 2378 1330 2416 accensis,
1356 2382 1391 2408 et
1420 2378 1461 2407 ad
1488 2377 1653 2408 fenestras
1677 2387 1720 2408 ex

1017 2427 1135 2457 ordine
1152 2428 1339 2458 collocatis.

1061 2480 1119 2507 181
1145 2478 1314 2517 Dispositce
1336 2478 1482 2517 pinguem
1504 2477 1643 2508 ‘nebulam
1669 2489 1720 2509 ‘ro-

1016 2534 1119 2554 mussre
1149 2527 1293 2566 Iucerme]
1337 2528 1479 2557 Funium
1511 2527 1649 2559 densum
1685 2535 1721 2560 et

1017 2584 1166 2604 crassum
1185 2576 1345 2606 emittunt
1365 2578 1495 2607 Itu-cruce
1511 2577 1544 2607 in
1561 2577 1721 2610 fenestris

1014 2625 1170 2664 dispositoe
1183 2637 1192 2655 .·
1224 2630 1383 2665 portantes
1398 2628 1505 2666 violas,
1529 2627 1671 2661 floribus
1686 2639 1719 2660 e-

1017 2675 1096 2705 tiam
1113 2681 1240 2706 ornatae
1258 2686 1266 2715 ;
1303 2682 1339 2707 ut
1364 2686 1440 2708 mox
1457 2677 1585 2710 dictum
1607 2689 1626 2710 e
1649 2684 1717 2711 vet.
