1888 3032
488 132 719 167 moninus,
755 132 812 161 ET
844 130 1107 163 semssENm
1141 130 1355 161 cnunnn.
1625 120 1652 145 ’ἴ

198 242 293 269 rum
325 229 543 269 communi
575 229 742 269 ratione
776 228 1000 278 describit,
1036 227 1112 269 sed
1140 239 1290 268 omnes
1307 230 1419 268 artes
1450 228 1649 273 assumit,

199 298 358 351 quibus
379 297 511 350 poeta
541 297 602 338 uti
635 298 777 350 possit
803 300 846 338 et
873 297 1042 346 debeat,
1079 296 1223 337 omnia
1248 295 1352 335 loca
1383 297 1425 334 et
1454 293 1652 347 regiones

198 364 326 417 quasi
358 364 555 414 ridiculi,
574 364 750 406 invidiae
776 368 819 405 et
842 364 1147 417 indignationis
1175 365 1478 417 perscrutatur,
1510 374 1652 414 eaque

196 432 292 472 inde
324 431 551 484 depromit,
585 431 744 484 quibus
776 430 950 471 lectoris
986 431 1191 480 animum,
1227 442 1502 483 quocumque
1531 429 1650 477 velit,

196 498 356 548 flectat,
393 500 608 552 simulque
645 501 788 539 teneat
819 500 949 550 atque
989 498 1185 539 delectet.
1259 497 1415 550 Neque
1454 510 1557 539 vero
1598 496 1652 537 de

195 566 398 606 universo
425 566 629 606 vitiorum
660 577 812 617 genere
847 565 938 618 agit
966 564 1113 618 poeta,
1142 564 1220 604 sed
1251 568 1299 605 ut
1329 578 1429 605 cum
1456 564 1653 618 personis

189 633 343 687 juncta
363 647 458 674 esse
479 634 661 682 soleant,
684 633 782 673 loco
802 646 978 686 quoque
999 636 1043 673 et
1070 635 1265 684 tempore
1293 631 1485 671 definito.
1546 631 1650 673 Per-

195 713 315 741 sonae
350 693 533 754 possunt
559 713 660 741 esse
693 700 763 741 vel
798 700 928 749 fictae,
965 699 1020 739 ad
1052 699 1201 740 vivum
1234 702 1377 739 tamen
1409 712 1650 752 expressae,

193 769 262 809 rel
295 781 426 818 verae,
460 768 722 822 turpitudine
754 771 871 808 notae
900 771 1031 820 atque
1060 767 1268 820 insignes.
1329 766 1431 816 Quo
1464 766 1507 807 id
1530 779 1646 807 asse-

192 836 338 890 quitur
369 834 517 889 po'eta,
549 839 598 877 ut
635 836 791 889 paucis
831 839 993 876 tantum
1032 835 1159 875 lineis
1199 835 1343 876 ductis
1373 833 1650 875 vividissima

193 903 395 943 x‘itiorum
415 903 556 956 imago
574 915 808 955 eorumque
829 901 1052 955 turpitudo
1083 906 1126 943 et
1157 901 1406 943 deformitas
1426 904 1522 942 ante
1543 913 1648 941 ocu·

193 970 260 1012 los
281 971 550 1019 obversetur,
573 983 674 1011 cum
693 969 892 1019 hominis,
915 970 984 1010 cui
1017 983 1071 1009 ea
1096 970 1256 1019 insunt,
1278 968 1506 1018 sentiendi,
1529 967 1648 1020 cogi-

193 1037 310 1078 tandi
332 1042 374 1079 et
394 1038 547 1091 agendi
567 1038 778 1078 rationem
806 1037 923 1078 velut
943 1036 1085 1077 oeulis
1106 1036 1389 1090 contemplari
1408 1035 1647 1077 videamur.

193 1104 356 1146 Omnes
378 1105 585 1157 imagines
606 1108 647 1145 et
668 1103 986 1153 similitudines,
1008 1103 1166 1156 quibus
1184 1104 1333 1153 utitur,
1366 1116 1390 1143 e
1420 1103 1512 1144 vita
1533 1116 1650 1143 com·

191 1172 310 1213 muni
345 1173 508 1225 petitae,
530 1174 644 1225 aptae
678 1174 806 1225 atque
838 1170 1028 1223 insignes
1063 1170 1220 1210 debent
1254 1183 1364 1220 esse,
1398 1171 1646 1223 omniaque,

192 1252 293 1292 quae
316 1240 599 1293 proferuntur,
621 1239 683 1280 ita
704 1238 981 1292 temperanda
1001 1241 1114 1287 sunt,
1135 1241 1184 1278 ut
1204 1239 1274 1290 agi
1296 1237 1536 1285 videantur,
1557 1249 1645 1277 non

190 1308 364 1348 narrari.
427 1307 577 1356 Ratio,
599 1320 687 1360 qua
708 1319 776 1347 res
796 1306 972 1347 tractari
993 1306 1179 1360 possint,
1201 1306 1427 1359 multiplex
1448 1309 1528 1354 est,
1544 1317 1644 1357 par-

191 1374 354 1427 timque
376 1387 402 1414 a
421 1374 567 1426 poetae
600 1374 744 1414 indole
775 1377 818 1415 et
843 1377 1008 1423 natura,
1032 1374 1191 1426 partim
1224 1374 1279 1415 ab
1312 1368 1551 1426 argumenti
1574 1384 1644 1412 ra-

192 1441 306 1481 tione
327 1441 498 1494 pendet.
559 1441 739 1495 Semper
761 1445 905 1481 autem
926 1442 1092 1494 impetu
1127 1441 1275 1495 aliquo
1308 1441 1466 1481 duetus
1501 1440 1646 1480 satiri-

192 1522 269 1549 cus
296 1508 434 1550 videri
468 1509 597 1549 debet
625 1509 694 1549 vel
725 1508 888 1549 ridendi
923 1509 993 1549 vel
1026 1508 1249 1562 carpendi,
1283 1509 1644 1560 occasionemque

189 1576 378 1618 oblatam
399 1577 648 1630 arripuisse,
671 1589 757 1616 non
777 1577 1036 1629 quaesivisse
1053 1589 1064 1627 ;
1096 1577 1308 1630 optimum
1328 1576 1456 1628 igitur
1473 1573 1646 1615 dicendi

189 1656 338 1696 genus,
361 1643 477 1697 quod
498 1643 704 1684 adhibere
725 1643 882 1696 possit,
903 1643 988 1683 hoc
1016 1646 1097 1692 est,
1134 1642 1252 1696 quod
1285 1646 1442 1696 sponte
1473 1647 1515 1682 et
1544 1654 1568 1681 e
1598 1653 1645 1681 re

187 1714 348 1760 natum,
370 1723 455 1750 non
488 1709 565 1750 diu
598 1712 830 1763 quaesitum
851 1710 1033 1751 videtur.
1096 1710 1148 1750 In
1168 1723 1253 1764 quo
1273 1710 1405 1752 etiam
1424 1722 1505 1750 nec
1526 1721 1645 1749 acer-

188 1777 301 1818 bitas
336 1781 465 1818 nocet
495 1790 572 1817 nec
608 1777 857 1827 acrimonia,
895 1778 934 1817 si
968 1790 1036 1817 res
1068 1778 1130 1819 ita
1161 1778 1371 1830 postulat,
1409 1774 1646 1816 dummodo

189 1845 352 1886 salibus
374 1848 416 1884 et
436 1845 679 1885 urbanitate
708 1845 900 1897 quadam
922 1848 1161 1898 temperata
1180 1845 1250 1893 sit,
1269 1857 1322 1885 ne
1342 1844 1386 1883 in
1404 1857 1523 1884 mera
1543 1855 1646 1883 con-

187 1912 306 1952 vicia
325 1924 393 1952 res
414 1912 555 1952 abeat.
615 1911 664 1951 Si
694 1924 797 1952 vero
818 1911 1008 1952 studium
1029 1915 1222 1965 apparet,
1245 1912 1383 1952 omnis
1402 1911 1550 1950 satirae
1575 1910 1646 1950 vis

188 1978 509 2033 quodammodo
546 1978 792 2019 debilitatur
826 1982 867 2019 et
897 1978 1118 2032 frangitur,
1151 1979 1392 2033 praesertim
1420 1977 1463 2018 id
1493 1989 1643 2030 genus,

188 2046 306 2100 quod
326 2048 413 2087 risu
434 2051 476 2087 et
495 2047 663 2087 facetiis
684 2046 910 2087 hominum
931 2047 1158 2088 stultitiam
1179 2047 1388 2099 exagitat.
1449 2045 1528 2086 Est
1548 2044 1644 2098 qui-

188 2113 288 2154 dam
308 2127 445 2154 rernm
465 2113 589 2164 ordo,
612 2115 685 2167 qui
706 2115 849 2168 primo
871 2118 1053 2168 aspectu
1074 2115 1243 2155 solutus
1274 2127 1371 2155 esse
1397 2112 1568 2153 videtur
1587 2124 1641 2153 ac

186 2181 309 2232 liber,
330 2181 473 2234 qualis
494 2194 588 2221 esse
610 2181 737 2230 solet,
760 2195 860 2222 cum
880 2182 967 2235 ipsi
989 2182 1123 2235 quieti
1144 2180 1412 2234 imaginandi
1442 2179 1639 2220 facultati

186 2249 472 2302 permittimus
506 2249 549 2288 in
578 2248 843 2289 latissimum
863 2263 1001 2289 rerum
1024 2262 1242 2302 eampum,
1276 2258 1551 2301 quacumque
1571 2246 1639 2287 lu-

185 2317 272 2365 bet,
295 2316 527 2369 expatiari,
562 2328 651 2368 quo
671 2319 773 2356 tune
805 2316 850 2355 in
878 2316 1024 2356 animo
1044 2328 1113 2356 res
1133 2315 1280 2364 rebus,
1301 2314 1511 2366 imagines
1531 2313 1643 2354 ima·

185 2384 358 2435 ginibus
380 2383 612 2424 succedere
634 2384 813 2433 soleant,
849 2386 976 2437 prout
1006 2383 1077 2423 vel
1112 2382 1242 2423 simul
1272 2381 1435 2435 junctae
1467 2381 1639 2429 fuerint,

185 2452 255 2491 vel
275 2450 554 2491 similitudine
584 2452 729 2505 aliqua
757 2451 974 2505 copulatae
996 2451 1094 2492 sint.
1155 2449 1287 2490 Hunc
1320 2448 1510 2489 ordinem
1543 2448 1640 2488 imi-

186 2518 346 2559 tabitur
366 2518 592 2559 satirarum
612 2519 808 2571 scriptor,
832 2532 1130 2572 summamque
1152 2519 1285 2558 artem
1313 2516 1358 2557 in
1387 2516 1502 2556 omni
1534 2513 1638 2555 artis

186 2586 433 2638 suspicione
455 2585 697 2626 amovenda
718 2585 971 2626 declarabit.

245 2650 332 2694 His
350 2651 475 2693 lineis
506 2651 560 2693 de
594 2653 795 2695 universo
814 2664 964 2705 genere
995 2651 1173 2694 satirico
1191 2651 1348 2700 ductiS,
1370 2648 1426 2691 ad
1444 2651 1637 2691 nostrum
