1888 3032
279 151 364 194 174

788 158 833 188 A.
869 157 1030 188 PBRsu
1066 157 1238 189 FLAcm

281 255 371 296 Seu
392 266 546 295 ceraso
568 253 751 305 peccent
771 250 923 300 casiae,
945 252 1113 292 nescire
1133 254 1332 305 paratus.

279 321 403 362 Tune
425 321 543 360 bona
563 317 795 359 incolumis
815 318 1033 359 minuas‘l’
1077 318 1134 360 Et
1157 318 1333 360 Bestius
1348 323 1472 372 urget

280 428 342 450 rem
359 417 508 459 obtusum,
522 417 587 448 sive
602 416 685 448 casia
699 427 802 449 ceraso
817 417 968 449 admixto
984 419 1099 450 vitiata
1124 419 1179 450 sit.

897 518 1013 530 aeaeaeaeaeae

1225 417 1320 450 Itane
1348 427 1428 450 vero
1444 420 1478 449 tu
1492 418 1594 449 valens
1608 417 1750 450 ‹iecur-tes

1017 518 1133 530 'taen

280 583 319 611 37
346 577 409 609 Sed
428 577 554 608 Bestius
570 576 662 609 Edit.
680 577 798 619 Steph.
823 577 871 609 At
889 579 1129 610 vetustissimae
1154 579 1358 612 membranae
1375 583 1403 611 et
1421 588 1542 621 magno
1561 587 1726 611 consensu
1742 588 1751 616 ;

285 622 358 654 aliae
376 621 484 652 minus
501 621 650 662 antiquae
666 622 730 652 sed.
755 621 949 653 casaubon.

942 717 975 750 N
982 718 1085 750 01*AE

282 793 365 814 mea*
377 784 397 815 ?'
422 782 557 814 Deinde
569 785 722 814 cremato
739 781 918 821 cadavere,
934 780 991 813 fie-

283 835 343 867 bat
369 834 575 874 ossileginm,
598 838 633 864 et
658 842 787 863 rursum
816 832 992 872 odoribuS,

283 885 373 925 vino,
401 886 502 924 lacte,
528 894 603 915 ossa
628 884 778 915 collecta
804 883 846 914 ab
873 883 991 914 amicis

284 936 485 977 rigabantur
510 940 545 966 et
572 945 591 965 a
619 934 829 976 propinquis.
858 935 988 966 Tibull.

285 987 382 1027 Eleg.
398 995 454 1017 111.
471 989 501 1017 2.
514 985 547 1016 id
563 985 672 1016 innuit
686 989 817 1026 aperte.
842 986 990 1016 Demum

283 1037 430 1068 conditis
457 1037 491 1067 in
518 1037 677 1076 sepulcro
701 1035 832 1066 ossibus
849 1041 990 1077 quotan-

282 1088 334 1117 nis
364 1087 487 1118 odores
516 1090 551 1117 et
578 1087 724 1117 corollas
755 1086 990 1127 imponebant.

282 1138 429 1168 Sanctus
448 1137 678 1178 Hieronymus
694 1138 806 1178 Epist.
826 1137 867 1167 ad
892 1137 992 1168 Pam—

285 1188 451 1219 machium
477 1187 523 1219 sic
548 1187 671 1218 habet:
714 1187 855 1218 ‘Ceteri
880 1188 992 1219 mariti

286 1249 389 1280 super
427 1239 575 1270 tumulos
612 1239 793 1280 conjugum
829 1243 994 1280 spargunt

285 1290 404 1331 violas,
429 1299 534 1330 rosaS,
560 1290 642 1330 lilia,
672 1288 839 1330 floresque
866 1299 994 1329 purpu-

282 1350 379 1379 reos;
403 1344 439 1372 et
455 1340 605 1371 dolorem
623 1339 773 1381 pectoris
790 1339 842 1370 sui
858 1339 907 1371 his
921 1338 992 1371 offi-

285 1391 345 1422 ciis
358 1389 598 1422 consolantur.'

328 1442 390 1473 Seu
404 1443 519 1483 spirent
536 1442 680 1473 cinnama
693 1441 836 1482 surdum]
871 1441 992 1472 Haeres

285 1491 432 1523 offensus
460 1501 580 1533 parum
608 1491 743 1523 curabit
771 1501 813 1522 an
843 1495 994 1523 aromata

285 1542 455 1584 exquisita
468 1543 546 1582 sint,
564 1546 677 1574 utrum
694 1543 835 1574 odorem
848 1541 994 1573 fundant

286 1596 434 1632 acutum,
450 1602 492 1623 an
510 1593 678 1624 obtusum.
712 1592 800 1623 Vide
815 1592 905 1623 Plin.
924 1601 992 1624 xri.

288 1647 339 1675 19.
363 1643 420 1674 ubi
435 1644 525 1675 inter
547 1644 614 1674 alia
630 1644 718 1674 scitu
742 1644 855 1684 digna,
871 1644 920 1674 sic
937 1644 994 1674 ha·

287 1693 366 1724 bet:
392 1693 401 1710 ‘
421 1692 689 1732 cinnamomum,
704 1692 863 1733 idemque
880 1693 993 1724 cinna-

291 1753 381 1774 mum
410 1742 560 1774 nascitur
585 1744 617 1774 in
634 1743 995 1784 AEthiopia.-Frutex

288 1794 390 1824 duum
407 1794 599 1825 cubitorum
625 1793 806 1825 altitudine
828 1794 995 1834 amplissi-

287 1854 372 1883 mus,
389 1845 559 1886 palmique
585 1844 755 1884 minimus,
783 1848 928 1886 quatuor
951 1844 997 1875 di-

287 1895 374 1935 gitos
391 1895 737 1927 crassus.—Cinnami
765 1894 832 1925 dno
861 1904 997 1935 genera,

287 1945 475 1986 candidius,
515 1945 936 1987 nigriusque.-Coronas
977 1954 996 1976 e

288 1995 445 2026 cinnamo
494 1995 679 2026 interrasili
720 2005 802 2026 auro
849 1995 996 2027 inclusas

288 2046 415 2085 primus
431 2046 578 2076 omnium
596 2045 628 2076 in
653 2045 807 2086 Templis
833 2045 994 2086 Capitolii

289 2099 391 2136 atque
414 2095 515 2126 Pacis
540 2095 669 2128 dicavit
695 2096 890 2135 Imperator
913 2095 996 2126 Ves-

288 2146 448 2187 pasianus
480 2145 665 2187 Augustus.
724 2146 891 2177 Radicem
922 2147 994 2186 ejus

287 2195 402 2236 magni
431 2196 591 2236 ponderis
623 2195 768 2226 vidimus
796 2196 828 2226 in
869 2195 996 2226 Palatii

286 2247 440 2288 Templo,
456 2246 547 2288 quod
572 2246 702 2278 fecerat
728 2246 820 2277 Divo
840 2244 996 2287 Augusto

263 2306 267 2310 ·
287 2297 410 2335 conjux
428 2295 585 2337 Augusta
612 2306 724 2328 anreae
745 2301 873 2337 paterae
890 2297 996 2338 impo-

289 2346 408 2384 sitam3
433 2356 474 2376 ex
493 2357 555 2387 qna
573 2352 679 2386 guttae
698 2347 801 2378 editae
816 2347 912 2378 annis
928 2357 997 2378 om-

289 2394 388 2425 nibus
406 2395 438 2425 in
454 2405 559 2435 grana
583 2397 806 2435 mirabantur,
823 2398 933 2429 donec
962 2397 995 2428 id

289 2444 466 2474 delubrum
490 2445 646 2475 incendio
661 2452 875 2478 consumtum
892 2447 968 2479 est!

333 2493 484 2535 Surdum]
507 2495 604 2524 Dura
621 2496 758 2535 quidem
786 2497 858 2527 hacc
884 2496 997 2530 Persii

290 2544 502 2584 metaphora,
540 2544 656 2575 durior
694 2549 807 2576 tamen
850 2545 998 2584 Horatii,

290 2603 389 2635 quem
418 2594 569 2625 imitatus
588 2599 652 2637 est„
677 2595 745 2626 sat.
763 2605 804 2627 11.
821 2599 852 2628 8.
889 2595 898 2612 ‘
915 2596 995 2626 Fer-

290 2644 366 2675 vida
380 2645 468 2686 quod
490 2645 614 2677 subtile
631 2645 820 2680 exsurdant
842 2647 921 2680 vina
937 2657 996 2690 pa-

291 2695 421 2727 latum!

1088 784 1130 814 36
1153 782 1214 814 Seu
1226 792 1329 815 ceraso
1342 786 1467 823 peccent
1493 781 1601 822 casiae]
1629 780 1753 823 Neque

1044 834 1197 866 solicitus
1226 835 1292 866 erit
1322 845 1452 876 purane
1483 834 1528 866 sit
1570 833 1673 874 casia,
1710 843 1754 864 an

1045 885 1250 927 adulterata,
1267 886 1418 917 admixto
1444 884 1583 926 gummi,
1609 884 1663 916 vel
1681 893 1755 915 cor-

1045 936 1114 968 tice
1131 946 1149 967 e
1166 946 1296 968 ceraso.
1322 936 1412 967 Plin.
1431 944 1499 967 xn.
1517 938 1549 966 9.
1583 936 1592 953 ‘
1611 934 1756 966 Adulte-

1045 991 1141 1017 ratur
1165 987 1342 1028 amygdala
1360 996 1460 1026 nuce,
1481 990 1598 1017 cetera
1614 985 1686 1026 ejus
1700 994 1757 1026 ge-

1045 1047 1129 1068 nera
1156 1038 1285 1069 cortice
1313 1037 1502 1069 scordasti:
1541 1036 1590 1067 ita
1618 1039 1758 1067 vocatur

1047 1088 1147 1119 arbor
1177 1089 1301 1119 aemula
1330 1088 1476 1128 gummi:
1528 1087 1619 1128 quod
1651 1087 1757 1117 semel

1047 1138 1172 1168 dixisse
1188 1144 1222 1169 et
1246 1139 1278 1168 in
1301 1143 1435 1170 ceteros
1454 1138 1576 1169 odores
1593 1138 1677 1169 satis
1693 1136 1759 1170 sit!

1048 1189 1146 1220 Pers.
1164 1191 1234 1221 Sat.
1252 1198 1293 1220 11.
1311 1200 1359 1221 vs.
1376 1192 1430 1221 64.
1458 1189 1466 1206 ‘
1484 1189 1656 1230 Corrupto
1674 1187 1756 1220 casi-

1047 1249 1098 1270 am
1114 1239 1268 1270 dissolvit
1283 1240 1398 1271 olivo!

1094 1289 1224 1329 Ceraso]
1249 1290 1339 1320 Plin.
1358 1299 1417 1321 xv.
1435 1293 1488 1321 25.
1511 1291 1520 1306 ‘
1539 1289 1679 1329 Cerasi‚'
1707 1289 1757 1320 in-

1048 1339 1135 1380 quit,
1163 1340 1171 1356 ‘
1186 1343 1266 1370 ante
1289 1340 1466 1370 victoriam
1488 1340 1759 1372 Mithridaticam

1048 1389 1087 1420 L.
1100 1389 1247 1429 Luculli,
1261 1399 1328 1420 non
1343 1389 1441 1420 fuere
1458 1389 1491 1420 in
1515 1390 1618 1420 Italia
1644 1389 1687 1420 ad
1703 1400 1759 1421 ur-

1046 1439 1098 1470 bis
1114 1448 1237 1469 annum
1253 1441 1328 1470 680.
1374 1439 1410 1470 Is
1438 1438 1581 1479 primum
1614 1439 1712 1471 vexit
1738 1449 1758 1471 e

1048 1489 1176 1531 Ponto,
1192 1490 1354 1531 annisque
1373 1492 1447 1521 120.
1472 1494 1566 1521 trans
1581 1490 1760 1522 Oceanum

1048 1540 1081 1571 in
1099 1541 1307 1572 Brittaniam
1325 1550 1431 1582 usqne
1448 1550 1649 1580 pervenere.
1684 1542 1761 1572 Eae-

1048 1590 1125 1621 dem
1148 1590 1183 1620 in
1205 1590 1358 1631 AEgypto
1385 1590 1478 1621 nulla
1502 1599 1584 1621 cura
1612 1594 1759 1631 potuere

1048 1634 1165 1681 gigni‚'
1182 1642 1247 1672 &c.

1093 1692 1212 1732 Casiae]
1273 1692 1363 1723 Plin.
1394 1701 1458 1723 xu.
1493 1694 1545 1723 19.
1581 1695 1666 1724 *ante
1697 1692 1758 1726 cit.

1050 1742 1059 1759 ‘
1080 1742 1208 1773 Frutex
1225 1747 1279 1774 est
1294 1743 1406 1783 casia,'
1424 1744 1547 1784 inquit,
1573 1743 1760 1786 ‘juxtaque

1051 1793 1199 1824 cinnami
1211 1802 1349 1833 campos
1365 1793 1539 1832 nascitur,'
1556 1795 1621 1825 &c-

1095 1844 1225 1874 Nescz‘re
1237 1843 1383 1884 paratus]
1414 1843 1455 1873 Id
1484 1847 1549 1882 est,
1564 1852 1633 1873 non
1649 1843 1762 1875 admo-

1052 1893 1130 1924 dum
1147 1893 1437 1933 animadvertens,
1460 1894 1511 1924 vel
1534 1893 1762 1935 dissimulans,

1050 1954 1124 1986 prae
1141 1944 1361 1985 negligentia,
1375 1945 1438 1984 ira,
1455 1943 1652 1976 offensione.

1093 1997 1135 2026 37
1179 1995 1265 2025 Tune
1305 1994 1382 2025 bona
1423 1993 1586 2024 incolumis
1625 1994 1762 2036 minuas]

1049 2044 1173 2085 Pergit
1202 2052 1343 2074 avarus:
1379 2042 1471 2073 itane
1503 2052 1583 2074 vero
1605 2053 1682 2074 cum
1712 2045 1761 2076 vi-

1051 2105 1130 2136 geas
1147 2099 1184 2126 et
1214 2095 1341 2135 valeas,
1368 2096 1530 2136 nullaque
1556 2095 1761 2135 aegritudine

1051 2149 1110 2176 aut
1126 2144 1321 2175 calamitate
1339 2148 1490 2184 coactus,
1516 2144 1701 2185 profundes
1724 2150 1762 2178 et

1051 2197 1229 2238 disperdes
1243 2197 1343 2236 bona,
1360 2207 1435 2238 quae
1453 2197 1494 2228 ad
1511 2207 1563 2227 me
1579 2197 1760 2229 haeredita-

1051 2248 1102 2280 rio
1119 2241 1198 2289 jure
1216 2247 1392 2289 pertinent
1407 2248 1419 2278 ἓ
1450 2247 1583 2289 inquiet
1597 2247 1678 2279 mihi
1694 2248 1761 2280 hae-

1052 2309 1106 2330 res
1122 2308 1229 2330 meuS.

1096 2350 1141 2379 Et
1157 2349 1288 2381 Bestius
1303 2350 1411 2390 urget]
1448 2349 1519 2381 Alii
1545 2350 1675 2390 legunt,
1698 2349 1759 2381 Sed

1053 2400 1196 2439 Bestius,
1211 2401 1263 2436 «isc.
1760 2414 1762 2416 ·

1100 2450 1244 2490 Bestius]
1277 2449 1411 2480 Nomen
1437 2448 1585 2488 imperiti
1609 2452 1645 2479 et
1666 2449 1759 2481 bruti

1052 2500 1211 2536 hominis,
1235 2500 1276 2529 de
1294 2510 1359 2540 quo
1387 2500 1553 2530 Horatius
1580 2499 1645 2539 Ep.
1661 2508 1686 2530 1.
1707 2503 1757 2532 15.

1051 2549 1110 2578 ubi
1138 2549 1287 2579 nonnulli
1313 2555 1425 2580 tamen
1453 2550 1584 2589 legunt,
1611 2550 1759 2583 Moenius.

1050 2598 1236 2629 Doctiores
1266 2603 1378 2629 tamen
1405 2610 1447 2630 ex
1472 2600 1611 2631 vetustis
1634 2600 1758 2632 codici-

1051 2648 1113 2679 bus
1139 2648 1269 2688 legunt,
1302 2649 1440 2690 Bestius,
1471 2660 1571 2690 quem
1596 2649 1758 2682 Horatius

1051 2701 1088 2731 ut
1103 2708 1258 2731 voracem
1273 2703 1308 2731 et
1320 2699 1509 2731 helluonem
1523 2699 1672 2734 exhibet.
