1888 3032
645 132 805 166 ‘PERSH

148 233 261 274 Ocyus,
295 231 364 273 2313]
411 230 527 272 Ocyus
558 232 610 262 bie
645 231 844 262 famulorum

144 285 319 325 quisquam
332 284 411 314 mihi
425 283 514 313 adsit
530 292 604 313 cum
624 283 846 318 vestimentis,

145 333 237 374 quasi
252 338 387 373 paratu<
406 333 573 373 jacturam
601 333 761 372 temporis
774 331 845 361 dili-

146 385 258 425 gentia
272 386 406 415 sarcire.
433 384 544 414 Lnlmt.
562 394 564 399 ·

187 438 207 466 S
232 435 384 474 Nemone]
420 435 558 465 Scilicet
593 433 728 464 vocanti
766 433 843 463 milii

144 485 249 522 adest,
261 494 401 515 nemone
413 495 520 515 uicum
538 485 715 524 imperium
728 484 844 514 curat?

141 537 197 567 Sic
214 537 290 567 irati
304 547 380 567 suos
398 538 508 567 solent
522 535 845 566 inclamare-Tur-

140 588 334 627 gescit,t3⁴c.]
373 588 424 618 Ibi
456 588 480 616 si
511 586 642 617 vocanti
668 595 732 616 nou
759 585 844 615 adeo

145 647 289 677 propere
305 637 423 677 uliquis
447 637 544 675 adsit,
558 636 679 673 vitrea,
706 635 796 666 clara
809 640 844 665 et

143 687 321 727 splendida
336 688 411 717 bilis
429 687 490 726 ipsi
504 687 624 725 surgit,
635 685 845 724 intumescit,

142 736 348 775 effervescit,
378 742 411 767 et
439 747 554 767 omnes
581 737 639 767 irae
663 742 697 767 et
724 735 845 766 furoris

140 787 290 818 habenas
306 787 401 818 laxat
422 792 456 818 et
471 786 626 826 effundit,
643 792 678 817 et
693 787 777 817 adeo
793 785 844 817 fu-

141 838 240 877 rioso,
264 844 299 869 et
324 839 440 868 insano
465 839 612 868 clamorc
636 838 788 878 finditur,
809 842 845 868 et

141 888 321 928 rumpitur,
349 892 385 918 ut
402 888 510 928 ipsum
534 887 775 918 vociferantem
791 897 845 918 au-

141 938 246 977 diens,
263 937 418 968 Arcadiae
436 938 608 978 pecuaria,
624 937 792 978 ingentes,
809 942 845 969 et

141 987 346 1019 decumanos
373 988 482 1018 asinos
514 987 636 1018 rudere
659 987 792 1027 credas,
809 993 845 1019 et

140 1039 322 1070 clamorem
355 1038 448 1070 dicas
478 1037 648 1069 attollere.
691 1038 842 1069 Turneb.

142 1098 249 1120 xxm.
263 1093 315 1121 23.

184 1142 205 1170 9
228 1140 362 1181 Findor]
384 1139 442 1170 Ira
458 1149 563 1179 cogor
582 1139 615 1169 in
632 1138 846 1170 vociferatio-

140 1199 228 1220 nem.
275 1189 619 1230 Hactenusjuvenis:
648 1199 749 1230 quem
774 1189 845 1220 irri-

140 1239 224 1271 dens
236 1240 349 1271 subdit
366 1241 516 1279 Persius,
530 1242 582 1271 vel
595 1241 820 1280 Philosophus
835 1251 841 1271 :

140 1295 188 1330 ut,
204 1291 363 1331 Arcadioe,
377 1302 443 1332 pec.
460 1292 528 1322 rud.
545 1302 570 1323 c.
608 1290 713 1323 Quasi
729 1290 842 1322 dicat:

138 1341 267 1372 Verum
299 1346 353 1372 est
380 1341 470 1382 quod
497 1341 545 1372 ais
573 1340 655 1372 findi
673 1345 720 1380 te,
737 1345 773 1372 et
794 1341 844 1372 ira

139 1400 243 1431 supra
279 1392 416 1423 modum
452 1402 526 1423 esse
563 1392 756 1423 concitum:
797 1391 844 1423 sic

139 1442 228 1473 enim
268 1443 403 1481 clamas,
435 1449 474 1473 ut
509 1443 599 1473 asino
634 1442 771 1473 rudenti
808 1446 844 1473 et

140 1492 298 1533 ὃγκομένῳ
313 1495 357 1524 sis
373 1493 500 1525 similis.
532 1493 845 1524 Casaubon.—Arca-

137 1544 211 1583 diae,
224 1543 291 1584 &ej
307 1543 486 1574 Asinornm
498 1543 703 1583 periphrasis
713 1552 754 1574 cx
767 1543 844 1574 sub-

132 1594 252 1634 jectis.
299 1593 451 1624 Arcadia
473 1594 559 1623 enim
577 1592 619 1623 ab
637 1592 772 1624 Arcade
785 1593 842 1625 Jo-

138 1644 187 1675 vis
203 1648 237 1675 et
254 1644 446 1684 Calystonis
467 1643 534 1674 filio
547 1643 651 1682 dicta,
668 1647 703 1674 et
723 1644 756 1673 in
774 1652 842 1674 me-

138 1695 194 1726 dio
213 1695 418 1735 Peloponesi
431 1694 508 1733 sita,
522 1694 673 1725 abundat
686 1694 844 1724 asinis.—

138 1745 278 1785 Radere]
303 1745 371 1776 Hic
386 1745 494 1785 prima
509 1744 724 1785 producitur,
742 1754 842 1785 quam

138 1795 299 1834 Virgilius
328 1795 485 1835 corripit,
512 1804 588 1825 cum
616 1794 683 1825 ait:
707 1795 716 1810 ‘
733 1794 843 1834 gravi—

138 1850 260 1886 terque
275 1845 461 1876 rudentes.'
483 1845 650 1876 Declarat
663 1845 842 1875 maximam

137 1895 423 1926 vociferationem.
447 1895 561 1925 Lubin.
585 1895 648 1925 Vel
661 1894 729 1935 legi
743 1903 841 1934 posse

138 1945 250 1977 credit
279 1945 480 1983 Farnabius,
507 1945 661 1976 Finditur
684 1946 842 1985 Arcadiae,

136 1997 188 2035 &a
211 2005 253 2026 ex
282 2005 427 2036 persona
451 1995 563 2035 poetae
579 1995 634 2026 vel
652 1995 840 2035 philosophi

137 2045 304 2076 dicentis:
329 2046 470 2078 Juvenis
497 2045 696 2087 indignatur
719 2052 755 2078 et
778 2047 842 2077 dis-

138 2095 322 2136 cruciatur,
347 2095 538 2128 vociferans
565 2097 673 2128 instar
687 2097 771 2129 asini
788 2107 841 2129 ru-

138 2144 262 2177 dentis.

130 2221 134 2223 -
182 2199 223 2228 lo
244 2197 320 2227 Jam
344 2196 436 2237 liber]
480 2197 569 2228 Sane
588 2198 732 2238 juvenes
757 2206 840 2238 quos

138 2247 333 2288 alloquitur,
347 2257 413 2279 non
430 2252 526 2279 erant
542 2248 577 2279 id
590 2249 715 2288 aetatis,
727 2253 765 2279 ut
776 2249 842 2279 ista

138 2297 296 2330 dicerent
319 2299 481 2339 puerilia:
517 2298 576 2329 sed
610 2298 749 2330 Persius
775 2297 840 2329 hoc

137 2348 328 2388 significare
345 2350 464 2389 voluit,
478 2358 689 2391 quaecunque
704 2348 840 2379 tandem

137 2403 262 2439 essent,
291 2410 367 2441 quae
399 2399 441 2430 ad
469 2399 648 2431 velandam
671 2398 839 2439 ignaviam

136 2446 253 2480 afferri
288 2450 409 2490 solent,
442 2450 530 2481 tanti
562 2449 722 2481 facienda
750 2458 839 2488 esse,

137 2499 256 2538 quanti
269 2499 336 2531 ista
353 2510 533 2541 puerorum
543 2500 740 2542 nugatoria.
779 2500 838 2531 Ca-

136 2548 358 2592 soub.—Jam]
388 2552 537 2583 Tandem
553 2552 698 2592 scilicet,
711 2551 769 2583 ubi
783 2551 838 2584 vix

136 2607 258 2639 magno
279 2601 396 2633 labore
420 2606 456 2634 et
479 2603 632 2635 molestia
652 2603 837 2643 excitatus,

137 2651 173 2678 et
189 2647 278 2679 lecto
301 2658 461 2683 excussus
487 2652 705 2693 esu—Liber]
737 2653 836 2685 Unde

135 2696 262 2740 aliquid
288 2698 323 2731 in
355 2700 474 2735 charta
508 2702 694 2746 describat,
723 2703 773 2737 illi
801 2703 836 2737 in

867 133 973 166 SAT.

1010 133 1086 164 111.
1517 121 1602 162 5233

896 238 1015 260 manus
1029 227 1287 269 verrin—Liber]
1312 228 1368 259 De
1385 226 1515 258 arboris
1532 235 1605 256 cor-

898 283 966 311 tice
995 280 1132 320 proprie
1156 279 1296 316 dicitur,
1319 278 1353 308 in
1376 287 1440 318 quo
1458 282 1537 308 ante
1554 285 1603 306 re-

898 336 1031 369 pertum
1051 330 1180 359 chart-‹1›
1198 330 1247 358 rel
1268 328 1386 369 papyri
1406 337 1499 357 usum
1514 330 1606 356 vete-

897 389 949 410 res
964 379 1355 415 scribebant.—-Bic0lor‚
1369 377 1437 417 ἅμ]
1457 377 1606 414 Bicolor,

896 429 983 470 quod
999 439 1077 469 pars
1094 439 1225 465 crocea,
1240 439 1316 468 pars
1332 430 1499 465 glutinata
1515 427 1605 467 apud

896 480 1049 519 antiquos
1066 483 1151 510 erat.
1192 479 1260 510 Vel.
1290 478 1452 509 Sco—Et
1475 477 1605 518 bicolor]

897 530 1100 559 Membrana
1129 539 1207 565 erno
1248 529 1278 558 iu
1308 539 1373 569 qua
1409 528 1606 559 scribebant

898 584 974 609 erat
991 579 1122 609 bicolor.-
1147 579 1222 609 alba
1239 579 1279 609 ab
1296 579 1456 609 iuterim-‘z
1483 584 1603 619 parte:

897 630 940 661 ab
964 631 1073 660 altera
1089 630 1121 660 in
1147 639 1213 670 qua
1232 628 1365 660 fuerant
1385 630 1457 668 pili,
1472 638 1604 661 crocea.

897 681 988 711 Cave
1027 679 1214 711 confundas
1254 680 1338 710 hanc
1375 681 1604 711 membranam

896 742 972 763 cum
1000 741 1040 763 ea
1065 733 1152 772 pelle
1177 742 1242 773 qua
1265 733 1366 762 lim-os
1391 732 1604 771 operiebant.

899 783 1044 823 Capillos,
1082 783 1193 813 Poeta
1217 783 1472 822 καταχρηστικῶς
1495 782 1606 822 posuit

897 833 939 864 de
956 834 1045 874 pilis.
1073 833 1244 864 casaubon.
1268 833 1414 863 Turneb.
1431 835 1605 864 xx111.23.

894 883 1073 924 *Po-sitis]
1097 883 1244 917 Quidam
1257 884 1431 923 explicant
1446 892 1506 923 pro
1515 893 1604 914 com-

895 936 1028 976 positis,
1065 936 1160 977 quasi
1195 936 1286 976 prius
1324 936 1465 976 capillos
1491 935 1608 966 adole-

895 996 992 1017 scens
1014 986 1076 1017 sibi
1094 986 1374 1017 concinnaverit:
1401 985 1460 1016 sed
1490 985 1605 1016 durius

894 1037 968 1068 hoc.
1013 1037 1134 1069 Ponere
1157 1037 1244 1068 enim
1271 1038 1409 1077 capillos,
1434 1036 1606 1077 significat

894 1086 1095 1119 detondere.
1139 1088 1196 1118 De
1228 1087 1305 1128 pilis
1332 1088 1436 1127 igitur
1462 1097 1480 1118 e
1504 1097 1606 1118 mem-

894 1137 1003 1169 brana
1030 1139 1084 1169 vel
1111 1146 1318 1178 pergamena
1352 1137 1479 1168 abrasis
1506 1138 1607 1168 intel-

894 1188 974 1228 lige.
998 1188 1112 1219 Lubin.

938 1241 975 1268 11
1019 1238 1161 1279 Chartae]
1196 1239 1237 1269 Iu
1270 1238 1392 1279 quibus
1426 1238 1605 1278 exciperet

895 1288 953 1319 illa
973 1298 1048 1329 quae
1077 1298 1096 1319 a
1123 1288 1311 1329 paedagogo
1334 1288 1606 1320 dictarentur.—-

895 1339 1092 1380 Nodosaque]
1115 1340 1225 1378 Dicit,
1242 1338 1333 1380 quod
1350 1343 1485 1370 veteres
1504 1348 1604 1369 arun-

895 1388 990 1428 dine,
1020 1398 1095 1430 quae
1124 1389 1256 1421 Graecis
1287 1388 1438 1428 κάλαμος,
1469 1394 1508 1421 ut
1538 1398 1602 1420 nos

894 1449 1018 1479 penna,
1049 1439 1251 1471 scriberent.
1298 1441 1349 1471 Ea
1372 1442 1498 1479 nodosa,
1523 1440 1603 1481 quia

893 1490 1008 1520 multis
1037 1490 1216 1530 geniculis,
1249 1494 1408 1531 tanquam
1440 1491 1601 1521 interme-

894 1539 1212 1580 diis,distinguitur.
1239 1540 1528 1581 Idem—Arunda]
1541 1541 1601 1572 Ca·

894 1589 1001 1620 lamus
1018 1590 1227 1631 scriptorius.

938 1643 977 1671 12
1004 1641 1094 1680 Tum,
1109 1641 1178 1681 83⁴0]
1203 1641 1321 1672 Prima
1345 1642 1485 1682 querela
1510 1646 1599 1672 atra-

892 1690 1000 1721 menti
1025 1691 1123 1721 nimis
1151 1690 1261 1731 spissi.
1307 1691 1371 1722 His
1395 1691 1599 1732 tergiversa-

894 1741 1044 1772 tionibus
1062 1741 1147 1772 mire
1161 1741 1321 1782 exprimit
1336 1741 1503 1773 desidiam
1517 1742 1598 1773 ado-

893 1791 1067 1831 lescentis,
1083 1796 1118 1822 et
1130 1792 1308 1822 literarum
1325 1791 1451 1822 odium.
1485 1792 1599 1824 Lubin.

937 1844 977 1872 13
1004 1840 1126 1880 Nigra]
1161 1841 1320 1874 Secunda
1345 1843 1484 1882 querela
1510 1847 1598 1874 atra-

893 1892 999 1923 menti
1030 1892 1128 1923 nimis
1157 1892 1472 1924 diluti.—Vonescat
1497 1894 1597 1934 sepia]

893 1943 1028 1983 Sepiam
1057 1953 1118 1983 pro
1135 1947 1339 1983 atramento,
1360 1953 1379 1974 a
1394 1944 1520 1984 colore,
1539 1953 1599 1985 ρο-

894 1993 982 2024 suit:
1019 1993 1169 2033 quamvis
1199 2002 1265 2023 non
1292 2002 1335 2023 ex
1363 2002 1414 2032 ea,
1442 1998 1479 2024 ut
1509 1992 1598 2034 Afri,

893 2043 949 2074 sed
968 2053 1010 2074 ex
1026 2042 1172 2084 fuligine
1185 2043 1292 2074 ceteri
1308 2043 1489 2075 conficiant
1506 2049 1596 2076 atra-

892 2099 1055 2127 mentum.
1094 2094 1469 2136 Vet.Sch.—Vanescat]
1497 2095 1597 2128 Quod

893 2149 1121 2177 atramentum
1161 2145 1203 2176 ob
1243 2144 1388 2176 infusam
1432 2146 1594 2186 limpham

893 2196 977 2227 adeo
994 2195 1135 2227 fluidum
1162 2196 1207 2227 sit
1235 2195 1421 2234 redditum,
1445 2200 1480 2227 ut
1505 2196 1596 2227 inter

891 2246 1106 2278 scribendum
1133 2251 1306 2286 vanescat,
1320 2255 1484 2287 suumque
1507 2247 1599 2278 colo-

891 2307 962 2328 rem
979 2296 1270 2338 perdat.—Sepia]
1304 2297 1374 2328 Pro
1391 2302 1595 2329 atramento.

891 2347 1107 2387 Metonymia
1132 2356 1242 2378 causae
1266 2356 1328 2385 pro
1351 2345 1487 2377 effectu.
1533 2348 1596 2379 Est

890 2398 980 2428 enim
997 2397 1092 2437 Sepia
1114 2397 1228 2438 piscis,
1245 2396 1339 2437 cujus
1354 2396 1517 2438 sanguine
1533 2407 1595 2438 pro

891 2451 1083 2480 atramento
1109 2448 1317 2479 utebantur:
1342 2447 1399 2488 qui
1427 2447 1484 2478 ubi
1511 2457 1547 2478 se
1575 2456 1595 2477 a

889 2497 1116 2539 piscatoribus
1133 2496 1459 2538 apprehendendum
1477 2495 1596 2534 sensit,

889 2549 994 2583 effuso
1025 2555 1219 2583 atramento
1248 2559 1372 2591 aquam
1404 2548 1532 2588 turbat,
1558 2552 1593 2578 et

888 2601 938 2633 sic
955 2601 1081 2633 evadit.
1114 2600 1248 2633 Plinius
1264 2608 1316 2631 ix.
1332 2601 1383 2632 19.

931 2654 971 2683 14
995 2651 1135 2689 Diluta,
1150 2649 1218 2689 &ej
1239 2647 1356 2679 Tertia
1377 2645 1502 2686 frigida
1525 2649 1591 2676 ter·

887 2702 1073 2743 giversatio
1104 2699 1217 2742 ignavi
1241 2696 1391 2739 juvenis,
1420 2695 1477 2738 qui
1509 2705 1587 2728 oon-
