1888 3032
673 154 834 187 PERSII
883 154 990 187 SA‘r.
1022 156 1054 187 1.

115 247 205 292 enee]
233 249 323 283 Hinc
353 250 583 292 proverbium,
609 252 649 282 ad
677 260 821 291 inignem,

118 312 179 343 pro
196 312 232 333 re
255 301 411 343 perfecta
437 306 472 332 et
497 301 651 333 omnibus
672 301 820 332 numeris

117 352 410 391 absoluta—Scit,
426 353 493 393 &eff
515 352 706 383 Secundum
724 361 821 391 argu-

116 406 267 433 mentum
296 411 315 431 a
347 399 604 442 comparatione
639 402 796 433 simili-um
811 412 819 439 ;

115 451 149 482 id
179 455 242 491 est,
271 451 358 483 Tam
390 456 484 483 recte
515 461 648 482 versum
685 449 821 489 scribit,

117 512 217 544 quam
232 501 321 533 fabri
340 502 475 543 lignarii
499 503 635 542 lineam,
656 511 821 539 normam,

116 556 175 583 aut
201 552 481 593 perpendiculum
507 551 645 582 rubrica
667 556 702 581 et
724 556 823 581 creta

114 609 248 635 notant.
294 602 471 644 Significat
484 602 649 642 optimum
663 601 822 632 carminis

116 653 273 694 opificem
297 658 334 685 et
356 651 729 692 artificem—Tendere]
752 653 822 683 De-

116 704 255 744 ducere,
280 703 438 743 dirigere,
461 702 645 741 collimare,
668 706 706 733 ut
722 707 757 733 et
772 712 822 733 sa-

115 755 245 795 gittarii
257 754 428 786 clauditur
441 763 526 784 unus
538 753 667 793 oculus,
677 762 717 784 ne
730 754 822 784 visus

116 804 303 836 dividatur.
328 804 426 836 Idem.

159 858 201 886 66
227 856 299 887 Non
313 855 413 896 secus]
436 855 515 887 Non
542 855 656 895 aliter,
672 859 772 897 atque
796 855 824 887 si

117 904 214 936 saber
230 905 390 946 lignarius
406 915 489 947 opus
503 906 545 937 ad
563 907 718 937 amussim
728 910 762 937 et
773 916 823 938 re-

117 956 229 995 gulam
258 956 440 996 examinet,
472 961 506 987 et
530 957 654 988 lineam
681 960 823 997 rectam,

116 1015 234 1036 norma
250 1015 312 1046 per
330 1006 497 1037 rubricam
513 1011 632 1038 notata
647 1007 772 1047 dirigat
789 1011 824 1051 et

116 1056 511 1097 apponam—Rumam]
534 1057 653 1088 Solent
669 1058 759 1088 enim
774 1056 823 1088 fa-

117 1106 171 1137 bri
187 1106 320 1146 lignarii
328 1107 485 1138 amussim
498 1107 645 1147 rubrica,
661 1113 758 1139 creta
767 1108 824 1139 vel

116 1161 309 1188 atramento
325 1160 456 1198 notare,
471 1162 508 1189 et
528 1158 612 1188 illud
634 1158 678 1188 ad
693 1157 824 1198 lignum

117 1206 320 1247 transferre,
335 1207 410 1248 ipsa
431 1217 548 1238 norma
564 1208 692 1248 liguum
709 1207 826 1238 verbe-

116 1257 235 1297 rando,
249 1262 289 1289 ut
300 1257 476 1298 designent
486 1257 565 1298 quid
581 1257 824 1298 amputandum

117 1307 174 1346 sit,
191 1312 226 1338 et
241 1317 307 1348 quo
324 1311 423 1348 pacto
440 1317 524 1348 opus
534 1308 580 1339 sit
597 1307 824 1349 dirigendum.

119 1358 216 1388 Oculo
226 1358 299 1398 uno]
322 1359 399 1389 Uno
411 1357 567 1389 nimirum
577 1357 703 1398 clauso,
715 1359 824 1390 altero

117 1411 252 1448 aperto,
267 1411 304 1438 ut
327 1407 424 1438 liueae
441 1407 685 1438 rectitudinem
701 1407 826 1439 exami-

119 1462 214 1494 nent,
231 1467 273 1488 ne
291 1467 378 1497 vago
392 1457 568 1488 amborum
582 1458 756 1489 oculorum
769 1457 825 1489 ob-

118 1512 208 1549 tutu,
241 1518 357 1539 norma
397 1507 611 1539 rectitudinis
657 1507 825 1539 turbetur.

116 1558 262 1589 Turneb.
280 1567 414 1589 xxvur.
429 1560 482 1589 26.

158 1611 201 1640 67
226 1609 312 1649 Sive,
326 1610 396 1650 fisa]
410 1609 562 1640 Tertium
579 1613 826 1650 argumentum,

119 1669 139 1690 a
152 1659 269 1701 quavis
282 1660 426 1691 materia
438 1659 610 1700 subjecta,
619 1661 661 1691 dc
678 1671 743 1702 qua
753 1670 827 1701 gra-

118 1709 252 1741 vissime
269 1714 304 1741 et
321 1710 523 1750 politissime
539 1720 673 1741 carmen
689 1711 827 1742 scribat.

118 1761 286 1791 Declarat
304 1760 340 1791 id
364 1770 468 1791 causa
493 1760 688 1798 efficiente;
712 1762 828 1792 Musa-

120 1819 194 1842 rum
217 1811 349 1842 scilicet
371 1812 607 1852 inspiratione.
636 1811 828 1843 Lamnus.—

122 1862 208 1902 Opus
219 1861 267 1902 in,
281 1862 352 1901 fisa]
375 1861 417 1892 Τὸ
433 1872 507 1902 opus
528 1861 684 1893 bifariam
713 1867 828 1902 potest

120 1912 243 1953 exponi
259 1923 267 1943 :
293 1913 364 1943 sive
379 1922 463 1953 opus
479 1913 523 1943 sit
539 1913 573 1943 in
586 1923 695 1944 mores
710 1913 825 1944 evehi:

120 1963 188 2002 vel,
215 1962 287 1993 sive
317 1972 400 2003 opus
426 1962 530 1994 fuerit
556 1962 753 1994 institutum
785 1963 828 1994 ab

109 2012 192 2052 «illo,
207 2012 369 2044 adversus
387 2022 510 2043 mores.
559 2013 647 2053 Opus
669 2018 779 2044 autern
795 2014 829 2044 in

121 2072 220 2093 mores
235 2065 265 2093 ct
280 2063 399 2102 luxum,
415 2062 626 2103 interpretor
643 2063 685 2094 de
710 2063 829 2103 satyri-

122 2121 164 2142 co
188 2112 339 2152 scripto:
367 2112 454 2153 quod
479 2112 640 2144 videntur
663 2123 703 2144 ea
727 2117 829 2144 aetate

122 2162 220 2192 multi
249 2166 411 2200 tentasse,
442 2163 564 2202 partim
596 2164 743 2194 carmine
773 2163 830 2194 he-

124 2211 229 2250 roico,
246 2216 285 2241 ut
299 2211 450 2251 Persius,
462 2212 586 2252 partim
603 2222 665 2252 per
681 2217 830 2253 satyram

122 2261 237 2292 mixtis
249 2261 401 2292 oratione
416 2265 450 2292 et
464 2271 574 2301 versu,
586 2266 624 2292 ut
638 2262 830 2293 Petronium

125 2312 205 2343 Non
234 2312 400 2343 assentior
431 2313 541 2342 veteri
577 2313 759 2352 interpreti
795 2318 832 2344 et

123 2363 198 2394 aliis
215 2363 271 2404 qui
288 2373 386 2393 mores
409 2362 451 2393 de
469 2363 634 2394 comoedia
649 2363 832 2403 accipiunt,

122 2414 230 2444 luxum
257 2413 300 2444 de
329 2419 456 2454 satyra.
500 2414 710 2445 (Ῑαεαιιὶὶοηιιε.
727 2433 770 2437 -
788 2415 832 2445 Et

121 2464 256 2504 prandia
279 2465 402 2504 regum]
429 2464 598 2505 Intelligit
613 2465 808 2505 Tragoedias
823 2475 831 2503 ;

124 2517 162 2545 ut
178 2514 358 2555 prandium
381 2515 492 2555 Terei,
517 2525 646 2546 coenam
662 2515 832 2556 Thyestae.

127 2563 240 2595 Lubin.

168 2617 210 2644 68
234 2615 297 2646 Res
321 2617 467 2655 grandes,
494 2617 561 2657 Qu]
593 2618 679 2650 Quae
708 2617 833 2648 intelli-

127 2663 239 2704 genda
255 2667 386 2696 tantum
410 2666 453 2697 de
469 2667 662 2708 Tragoedia.
707 2668 832 2707 Satyra

128 2713 218 2746 enim
247 2715 410 2753 populare
441 2719 477 2746 et
506 2716 634 2748 humile
665 2717 833 2759 scriptum

214 2766 329 2806 Delph.
345 2769 373 2798 et
394 2767 420 2797 V
421 2777 468 2798 ar.
483 2768 565 2801 Clas.

1489 146 1573 189 209

873 254 937 281 est.
966 247 1132 289 Intelligit
1147 251 1258 280 autem
1275 258 1337 290 per
1351 249 1416 280 Res
1429 250 1578 290 grandes,

873 310 1024 340 magnas,
1047 304 1082 331 ct
1108 300 1328 341 ponderosas,
1350 300 1522 341 sublimes,
1543 304 1581 332 et

875 350 978 381 verba
1015 350 1148 381 decoris
1186 355 1222 382 et
1257 350 1432 392 gravitatis
1466 351 1582 391 plena.

873 400 1150 431 Lubin.—Nostro
1165 402 1232 441 dut,
1248 401 1317 441 Qu]
1339 401 1431 432 Huic
1447 401 1490 432 de
1511 410 1579 443 quo

873 450 1066 491 loquimur:
1091 457 1168 482 sunt
1184 452 1270 483 enim
1286 452 1403 493 populi
1415 451 1580 483 verbare-

873 501 981 531 centis
997 501 1106 532 adhuc
1124 512 1142 532 e
1161 502 1280 533 Poe'tae
1296 502 1474 543 cujusdam
1495 503 1581 534 reci-

874 552 1022 582 tatione:
1049 552 1109 582 sed
1137 553 1310 583 Neronem
1337 553 1510 594 praecipue
1532 552 1582 584 in-

874 601 984 642 telligi
994 601 1266 633 existimantibus
1277 604 1490 635 assentimur.
1505 604 1581 635 Cos-

874 651 984 682 aubon.

917 704 958 732 69
983 702 1075 741 Ecce,
1091 703 1160 744 usta]
1183 702 1287 733 Aliud
1313 702 1465 735 Poeticae
1490 704 1584 736 vani-

875 751 954 783 tatis
976 758 1222 792 argumentum,
1246 753 1336 794 quod
1357 754 1488 794 majora
1503 755 1581 786 viri-

875 803 937 834 bus
953 805 1233 845 aggrederentur,
1249 810 1284 837 et
1309 816 1385 837 curn
1407 816 1449 837 ne
1473 807 1582 838 humi-

874 854 963 885 libus
985 855 1121 895 quidem
1145 855 1299 887 materiis
1323 857 1468 888 dextere
1491 861 1582 889 trac-

877 905 987 936 tandis
1015 904 1224 945 sufficerent,
1248 907 1401 938 materiis
1424 908 1584 948 gravissi-

875 954 939 985 mis
965 964 1081 986 manus
1109 956 1379 988 admolirentur:
1409 958 1584 989 Praeclare

876 1005 918 1036 de
936 1005 986 1036 his
1004 1006 1172 1037 Horatius
1188 1017 1195 1037 ε
1220 1007 1230 1024 ‘
1247 1007 1379 1038 Sumite
1404 1008 1584 1039 materiam

875 1056 1011 1096 vestris,
1037 1057 1094 1097 qui
1112 1057 1271 1097 scribitis,
1288 1068 1419 1099 aequam
1434 1058 1588 1100 Viribus,

876 1109 912 1136 et
936 1110 1070 1137 versate
1093 1106 1162 1147 diu,
1185 1107 1267 1148 quid
1294 1107 1386 1139 ferre
1412 1113 1586 1147 recusent,

877 1155 970 1187 Quid
994 1156 1132 1187 valeant
1159 1156 1457 1198 bumeri.'—Ecce]
1481 1157 1586 1190 Quasi

876 1215 946 1236 rem
963 1214 1084 1236 novam
1103 1209 1138 1237 et
1158 1205 1348 1238 inauditam
1371 1206 1584 1248 incepturus.

874 1256 1043 1286 —Heroas
1069 1257 1189 1297 sensus]
1231 1256 1402 1297 Intelligit
1429 1257 1586 1289 heroicas

875 1306 1045 1347 materias,
1060 1307 1177 1348 quales
1204 1310 1357 1339 tractant
1382 1308 1493 1348 Epici,
1510 1318 1585 1340 sen-

876 1357 1000 1388 tentias
1018 1360 1054 1388 et
1070 1357 1227 1389 materias
1251 1367 1382 1398 graves,
1403 1358 1579 1391 sublimes:

876 1407 991 1447 posuit
1017 1411 1131 1438 autem
1154 1409 1278 1439 Heroas
1300 1418 1362 1449 pro
1386 1408 1509 1440 Heroas
1532 1409 1587 1440 vel

876 1456 1256 1498 Heroicos.—-.⁴1dferre]
1294 1457 1471 1499 Proferre,
1503 1459 1586 1490 scri-

876 1506 970 1545 bere,
987 1512 1022 1538 et
1039 1507 1462 1548 producere.——Docemus]
1488 1509 1586 1550 Legi-

877 1562 933 1588 tur
947 1557 982 1588 in
998 1559 1083 1598 aliis,
1097 1559 1242 1590 videmus.
1265 1559 1387 1590 Lubin.

920 1611 961 1639 70
999 1609 1136 1648 Nugari,
1165 1609 1232 1649 gun]
1271 1609 1338 1642 Qui
1369 1613 1471 1640 ante-a
1502 1619 1588 1641 vana

877 1659 1032 1700 quaedam
1071 1659 1238 1690 Po'e‘mata
1265 1665 1304 1690 et
1331 1661 1588 1701 Epigrammata

878 1710 1003 1742 Graeca
1023 1709 1180 1740 solebant
1197 1710 1358 1747 condere,
1373 1710 1501 1751 illijam
1518 1721 1590 1742 om-

878 1760 932 1791 nia
948 1764 1084 1790 tentant
1101 1760 1271 1791 sublimia.
1317 1761 1449 1800 Nngari
1469 1762 1587 1801 solitos,

878 1810 912 1840 id
943 1813 1006 1848 est,
1035 1810 1092 1850 qui
1123 1810 1247 1840 Graece
1277 1810 1433 1841 solebant
1469 1820 1587 1842 versus

879 1859 1038 1891 scribere.
1065 1860 1214 1891 Lubinus.
1262 1860 1324 1890 Vel
1352 1860 1510 1902 intelligit
1526 1871 1590 1902 pu·-

879 1911 990 1941 erulos
1015 1911 1069 1942 vix
1088 1911 1197 1942 adhuc
1213 1911 1338 1951 primas
1354 1912 1487 1942 litteras
1510 1912 1591 1944 doc-

880 1966 945 1992 tos.
990 1962 1041 1992 Ea
1057 1961 1144 1991 enim
1164 1966 1267 1992 aetate
1285 1962 1442 2001 Romani,
1467 1971 1591 2002 puero-

880 2023 953 2044 rum
968 2013 1080 2044 studia
1097 2022 1116 2043 a
1134 2013 1263 2044 Graeeis
1280 2013 1408 2044 litteris
1434 2014 1590 2053 auspica-

879 2064 1015 2095 bantur.
1049 2063 1346 2100 &mahom—Nec,
1375 2064 1443 2103 &ej
1483 2063 1590 2095 Pueri

880 2124 956 2145 cum
973 2114 1116 2155 primum
1135 2115 1307 2145 rhetorum
1332 2115 1486 2145 Scholam
1502 2115 1590 2145 salu-

881 2169 1051 2203 taverant,
1068 2164 1194 2203 egressi
1206 2174 1228 2194 e
1246 2164 1478 2195 Grammatico
1494 2164 1590 2204 ludo,

881 2215 1087 2246 exercebant
1104 2215 1229 2254 stylum
1247 2215 1281 2245 in
1298 2214 1590 2254 descriptionibus

881 2274 921 2295 ae
948 2264 1200 2295 narrationibus
1227 2265 1415 2295 historicis.
1455 2265 1590 2297 Casaub.

883 2315 1002 2347 Quinc
1017 2320 1148 2345 tantum
1161 2314 1297 2355 quidem
1311 2315 1345 2345 in
1359 2320 1433 2345 arte
1445 2315 1591 2347 Poetica

882 2364 1117 2405 profecerunt,
1144 2371 1180 2395 ut
1206 2366 1314 2396 lucum
1341 2370 1434 2396 recte
1460 2365 1590 2406 possint

883 2416 1092 2454 describere,
1115 2420 1150 2446 et
1174 2425 1227 2446 rus
1245 2421 1408 2454 saturum,
1429 2421 1465 2447 et
1488 2416 1591 2447 uber-

884 2469 956 2496 tate
974 2464 1147 2496 fructuum
1164 2475 1329 2496 amoenum
1347 2466 1496 2496 laudare.
1527 2465 1592 2495 Ar-

883 2516 982 2558 tifices
1002 2526 1117 2556 ponere
1141 2521 1204 2555 est,
1226 2526 1293 2546 non
1319 2517 1402 2546 satis
1431 2515 1526 2555 gnari
1556 2518 1592 2544 et

883 2566 985 2607 periti
998 2566 1147 2597 artifices
1161 2566 1203 2597 ad
1218 2566 1421 2607 ponendum.
1441 2563 1590 2594 Turneb-

883 2626 932 2647 1x.
950 2616 1181 2655 3l.——Lucum]
1197 2617 1321 2647 Silvam
1333 2615 1478 2654 aliquam
1489 2622 1590 2644 amoe-

885 2677 961 2697 nam
976 2672 1011 2697 et
1027 2667 1228 2704 incaeduam,
1246 2664 1347 2695 alicui
1362 2661 1502 2695 Numini
1511 2671 1591 2693 con-

885 2721 1067 2748 secratam.
1094 2714 1206 2746 Lubin.

815 2769 904 2801 Pers.
1472 2763 1504 2796 O
