1888 3032
276 98 336 141 32

785 106 830 138 A.
863 105 1026 137 PERSH
1060 104 1234 136 FnAcm

277 203 518 260 Phyllidas,
542 202 834 257 Hypsipylas,
856 204 1006 242 vatum
1025 204 1068 242 et
1088 199 1301 254 plorabile
1321 200 1360 242 si
1381 200 1501 256 quid,

277 273 470 327 Eliquat,
492 277 527 313 el
554 277 701 312 tenero
721 269 975 323 supplantat
993 270 1129 310 verba
1148 270 1312 323 palato.

277 340 516 382 Assensere
537 340 616 379 viri
636 352 645 379 ε
677 350 792 378 nunc
812 349 900 377 non
921 337 1033 379 cinis
1053 336 1127 376 ille
1147 335 1292 389 po‘etae

280 409 405 450 Felix
422 410 439 447 'l
471 420 555 447 non
576 407 714 446 levior
735 406 893 459 cippus
913 417 1027 445 nunc
1049 404 1261 458 imprimit
1280 416 1386 444 ossa
1399 405 1418 444 ’ἲ

281 476 483 517 Laudant
504 474 703 515 convivae
723 487 732 514 :
765 486 877 513 nunc
897 485 983 513 non
1005 485 1028 512 e
1047 472 1249 512 manibus
1268 471 1372 522 illis,

278 543 408 585 Nunc
435 555 518 583 non
540 556 563 582 e
584 542 752 582 tumulo
773 542 1076 594 fortunataque
1097 540 1249 581 favilla

278 610 524 652 Nascentur
544 610 676 651 violae
693 610 712 649 'l
774 608 929 657 Rides,
949 608 1023 658 ait,
1045 612 1088 648 et
1108 607 1238 647 nimis
1260 606 1387 648 uncis

1682 606 1739 646 40

278 679 476 721 Naribus
497 679 707 731 indulges.
738 676 813 718 An
832 678 926 727 erit,
950 677 1024 730 qui
1043 677 1155 718 velle
1172 679 1342 717 recuset

270 822 349 852 liciis
360 825 389 852 et
407 820 598 861 Hypsipilae,
615 824 645 850 et
657 819 748 850 triste
765 819 883 860 aliquid
899 819 1086 855 Poetarum
1102 819 1128 850 si
1142 818 1285 850 vocabula
1297 818 1391 849 etiam
1403 817 1511 856 dejicit
1521 817 1625 857 palato
1637 817 1720 848 molli
1730 827 1742 849 .·

277 865 394 895 statim
403 863 540 894 homines
549 864 730 893 acclamant.
755 863 870 893 Annon
881 873 949 893 mun
955 873 986 893 es
997 861 1088 900 hujus
1103 863 1192 893 Vatis
1205 872 1284 892 nunc
1295 861 1377 891 beuti
1389 864 1459 891 suut
1471 859 1485 892 ,7
1502 859 1617 890 Annon
1630 869 1741 900 coespes

277 907 396 938 mollius
408 916 487 937 nune
500 907 615 946 premit
631 906 704 946 ejus
717 904 810 936 ossa?
846 906 1073 936 Comessatores
1088 905 1263 936 celebrant.-
1281 914 1384 934 annon
1397 913 1412 934 e
1424 903 1577 933 cineribus
1588 903 1667 941 istis,
1685 912 1741 933 an-

277 960 335 980 non
351 959 390 980 ex
405 949 470 979 isto
481 949 617 989 sepulcro
632 951 662 979 et
679 948 766 978 beato
779 950 904 988 pulvere
910 949 1010 988 flores
1025 948 1165 988 deinceps
1181 944 1388 978 enascentur?
1413 946 1532 976 Irrides
1546 945 1694 985 (inquit)
1711 948 1741 976 et

278 993 370 1023 nimis
379 993 476 1024 servis
485 994 596 1031 rugato
607 1001 693 1022 naso.
710 992 762 1022 An
776 991 895 1032 aliquis
907 991 981 1031 erit,
991 992 1041 1031 qui
1052 994 1159 1022 renunt
1173 993 1296 1030 capture
1306 990 1410 1021 laudes
1423 989 1525 1028 vulgi.-
1542 992 1572 1019 et
1582 991 1742 1029 postquam

890 1095 1005 1107 eeeeee

1009 1096 1125 1107 ‘‘‘‘‘‘

276 1171 361 1200 -36
383 1178 462 1199 nunc
476 1177 550 1198 num
572 1167 651 1198 cinis
674 1167 741 1199 Ms.
767 1167 846 1199 Gal.
891 1178 983 1208 nunc,
1009 1178 1086 1199 nunc
1109 1167 1188 1199 cinis
1219 1167 1286 1198 Ms.
1308 1167 1437 1198 R.—37
1462 1176 1536 1197 num
1552 1166 1648 1198 levior
1670 1165 1739 1197 Ms.

936 1278 1076 1309 NOTAE

275 1355 475 1396 metaphora
496 1354 811 1396 pronuntiationem
843 1353 980 1385 effoemi-

275 1410 388 1437 natam
413 1411 449 1437 et
476 1406 635 1438 eductam
659 1416 678 1437 e
707 1406 844 1437 naribus
859 1415 980 1436 vocem

275 1456 435 1497 exprimit
451 1455 748 1496 reprehenditque.

318 1510 357 1538 34
383 1507 556 1548 Phyllidas,
584 1508 783 1548 Hypsipilus]
816 1507 882 1538 Hae
912 1517 980 1538 mu-

274 1558 373 1589 lieres
421 1569 570 1589 amorem
622 1568 718 1589 suum
768 1563 978 1589 contemtum

274 1619 365 1650 aegre
402 1608 552 1640 ferentes
593 1609 695 1640 morti
731 1609 977 1640 occubuerunt.

273 1659 362 1690 Vide
380 1660 481 1691 Ovid.
498 1661 607 1699 Epist.
624 1663 655 1690 2.
673 1666 706 1690 et
721 1663 752 1690 6.

323 1711 436 1741 Vatum
448 1715 478 1740 et
491 1709 659 1750 plorabile]
684 1710 881 1750 Elegiacum
899 1711 979 1741 Car-

272 1770 363 1801 men,
387 1761 481 1801 cujus
498 1761 720 1800 utplurimum
736 1761 880 1791 materia
901 1761 977 1791 tris-

273 1813 330 1843 tis.
376 1812 500 1843 Horat.
526 1813 558 1842 in
588 1812 685 1843 Arte.
711 1815 719 1827 ⁶
736 1811 900 1842 Versibus
918 1812 977 1842 im-

272 1864 399 1904 pariter
420 1863 552 1903 junctis
581 1863 791 1903 querimonia
821 1856 978 1903 primum,

274 1914 360 1945 Post
383 1914 485 1944 etiam
502 1914 629 1944 inclusa
645 1919 698 1943 est
714 1912 785 1943 voti
805 1913 979 1943 sententia

272 1963 434 2004 compos!

317 2010 357 2037 35
386 2007 527 2047 Eliquut]
563 2008 706 2048 Liquide
723 2007 827 2038 veluti
853 2012 887 2038 et
905 2012 980 2048 gut-

275 2057 374 2087 tatim
390 2056 516 2096 fundit,
542 2068 624 2088 voce
640 2059 745 2098 lenta,
759 2058 862 2097 molli,
880 2064 916 2090 et
931 2058 978 2089 af-

273 2105 407 2137 fectata
420 2110 633 2147 pronuntiat.

314 2156 517 2197 Supplantut]
552 2158 667 2188 Verba
698 2158 845 2189 nondum
877 2159 977 2198 plane

274 2204 450 2237 efformata
466 2208 560 2247 quasi
584 2208 775 2247 strangulat
802 2218 840 2239 ac
858 2209 977 2248 dejicit

271 2257 428 2288 mollitiei
441 2267 552 2288 causa.
596 2258 824 2298 supplantare
841 2260 977 2299 proprie

273 2311 325 2337 est
339 2308 514 2348 supposito
526 2308 613 2348 pede
628 2309 658 2338 in
673 2314 797 2339 terram
815 2309 976 2349 dejicere.

316 2359 357 2388 36
379 2358 545 2388 Assensere
561 2359 635 2397 riri]
675 2359 897 2399 Applauduut
910 2366 977 2391 sta-

274 2407 334 2438 tim
351 2416 478 2445 omnes,
494 2413 528 2438 et
545 2409 691 2448 probunt
706 2410 860 2449 indignas
876 2410 976 2441 hasce

273 2458 441 2489 recitandi
460 2459 617 2490 ratione«.

318 2510 409 2540 Nunc
434 2519 489 2540 non
506 2510 597 2549 einis]
633 2511 717 2541 Post
735 2517 846 2542 tantas
865 2523 975 2543 assen-

275 2561 421 2592 tationes
439 2571 480 2591 an
496 2571 563 2591 non
583 2564 666 2592 bene
685 2569 735 2593 est
760 2564 807 2593 illi
835 2564 975 2595 Po‘etae?

274 2612 329 2643 An
346 2623 412 2643 non
429 2614 607 2654 quiescunt
623 2615 696 2655 ejus
714 2626 787 2646 ossa
805 2617 976 2648 molliter?

315 2667 357 2695 37
384 2664 514 2706 Cippus]
540 2665 600 2696 Est
616 2666 881 2708 sepulcrilapis3
909 2668 976 2709 vel,

1036 1358 1073 1384 ut
1103 1353 1158 1384 alii
1175 1354 1307 1392 volunt,
1335 1357 1427 1383 terra
1444 1351 1476 1382 in
1501 1351 1668 1382 tumulum
1685 1359 1742 1392 ag-

1034 1408 1190 1444 gregata.

1078 1457 1120 1485 33
1156 1454 1318 1494 Manibus]
1356 1454 1477 1484 Manes
1508 1455 1588 1482 sunt
1616 1451 1738 1483 animae

1035 1503 1295 1536 defunctorum:
1322 1509 1400 1535 sunt
1417 1503 1518 1535 etiam
1544 1502 1603 1533 Dii
1619 1501 1740 1542 Superi

1035 1560 1071 1586 et
1101 1554 1218 1586 Inferi.
1267 1555 1411 1585 Ponitur
1437 1554 1491 1584 liic
1519 1563 1559 1584 ea
1584 1563 1649 1584 vox
1676 1563 1739 1593 pro

1035 1610 1129 1636 terra
1159 1606 1232 1645 ipsa
1264 1605 1424 1645 sepulcri.
1485 1605 1573 1634 vide
1605 1604 1675 1635 Sat.
1705 1613 1738 1635 v.

1035 1658 1109 1686 152.
1127 1657 1168 1686 ad
1188 1665 1305 1686 vocem
1323 1656 1446 1686 Manes.

1077 1708 1118 1736 39
1143 1706 1280 1745 Farina]
1314 1706 1420 1739 Quasi
1443 1705 1572 1744 fovilla,
1599 1705 1642 1737 ab
1660 1706 1738 1746 igne

1032 1755 1189 1787 fovendo.
1249 1757 1391 1797 Spectat
1421 1756 1557 1787 Persius
1584 1756 1739 1797 antiquo—

1033 1818 1106 1838 rum
1124 1819 1251 1839 morem
1268 1808 1443 1840 cremandi
1459 1809 1637 1839 cadavera.

1076 1862 1117 1889 40
1142 1860 1250 1895 Rides,
1267 1859 1329 1898 uit]
1355 1859 1470 1899 Inquit
1485 1868 1607 1898 nempe
1625 1859 1666 1889 ad
1679 1859 1739 1890 Sa-

1033 1910 1178 1950 tyricum
1195 1910 1351 1941 monitor.

1079 1961 1184 1991 Nimis
1200 1962 1284 1992 uncis
1298 1961 1425 1991 naribus
1440 1960 1596 2000 indulges]
1624 1959 1740 1992 Satiri-

1035 2021 1084 2041 cte
1102 2011 1319 2042 mordacitati
1339 2011 1477 2041 nimium
1493 2011 1609 2041 servis.
1643 2010 1738 2042 Naso

1032 2060 1242 2100 suspendere
1263 2060 1394 2091 adunco
1421 2059 1548 2091 dicitur
1573 2061 1629 2100 qui
1652 2061 1739 2093 salse

1033 2112 1169 2142 deridet
1195 2117 1231 2143 et
1255 2112 1459 2143 subsannat:
1483 2116 1518 2142 et
1543 2112 1680 2153 quidem
1697 2112 1739 2144 ri-

1032 2163 1142 2193 dendo
1159 2173 1256 2193 nasus
1273 2164 1305 2193 in
1323 2173 1423 2204 rugas
1441 2163 1664 2194 contrahitur.

1076 2216 1117 2244 42
1143 2215 1240 2244 Cedro
1256 2214 1368 2254 dignu]
1404 2214 1444 2244 Id
1462 2218 1526 2252 est,
1541 2214 1736 2245 immortali-

1032 2268 1116 2302 tate,
1141 2266 1228 2304 >quia
1244 2274 1364 2295 sur-cus
1381 2274 1398 2294 e
1427 2265 1531 2295 cedro
1549 2264 1737 2305 corruptio-

1031 2323 1107 2344 nem
1125 2320 1232 2345 arcet.
1282 2315 1366 2345 Vide
1383 2315 1472 2344 Plin.
1486 2323 1567 2344 xur.
1584 2318 1615 2345 5.

1073 2368 1113 2395 43
1139 2365 1299 2396 Scombros
1314 2365 1494 2403 metuentia,
1516 2366 1585 2406 alsa]
1620 2365 1735 2406 Scrip-

1033 2420 1067 2446 ta
1098 2415 1228 2455 inepta,
1258 2426 1333 2456 quae
1363 2425 1425 2445 nec
1458 2416 1529 2446 vult
1559 2416 1734 2456 quisquam

1031 2476 1155 2503 emere,
1183 2476 1242 2496 nec
1262 2471 1376 2506 potest
1391 2465 1586 2506 Bibliopola
1610 2467 1733 2497 vende-

1032 2526 1080 2555 re,
1114 2516 1324 2556 deputantur
1361 2517 1395 2546 in
1419 2516 1594 2547 volvendis
1632 2517 1734 2548 variis

1031 2566 1208 2603 mere-ibim,
1225 2576 1316 2605 garo,
1334 2567 1455 2606 piperi,
1474 2566 1574 2605 thuri,
1589 2569 1652 2597 &a

1074 2616 1250 2655 Scmnbros]
1288 2616 1419 2654 Pisces,
1447 2627 1464 2647 e
1492 2616 1612 2657 quibus
1645 2617 1732 2657 opti-

1030 2678 1121 2703 mum
1137 2667 1243 2700 fiebat
1262 2678 1375 2709 garum
1393 2669 1463 2700 sive
1480 2669 1732 2700 salsamentum.
