1888 3032
212 126 299 169 266

256 233 313 261 101
343 230 467 261 Natura
492 227 648 268 medendi]
678 228 744 259 Ars
768 232 803 260 et
827 229 914 259 ratio

211 281 400 312 medicinae.
430 281 525 311 Idem.

256 334 316 362 102
342 330 527 370 peronatus]
569 330 702 361 Perone
729 332 913 362 calceatus.

210 383 272 413 Est
301 390 413 412 aurem
446 391 528 421 pero
555 391 661 416 genus
690 382 914 413 calveainenti

210 432 339 464 rustici.
363 433 460 462 Idem.

254 485 315 513 103
341 482 480 519 Luciferi
496 483 597 523 rudis]
627 483 820 524 :ts-trorum,
836 485 915 514 stel-

209 534 251 564 1ae
278 533 416 573 polani&
442 539 475 563 et
505 535 690 573 (zynosnrae
716 535 854 574 ignarus
880 542 914 566 ct

208 584 405 624 imperitus:
433 584 486 613 ln(-
501 595 562 624 pro
576 585 723 616 omnium
740 586 912 616 stellarum

207 634 401 674 cognitione
426 635 804 675 ponitur.-Exclamat]
836 636 914 667 Prae

207 686 256 715 ira
270 689 304 716 et
317 684 810 726 indignanona—Melicerta]
836 688 915 719 Fuit

208 735 289 766 Inus
307 739 342 765 et
360 736 573 766 Athamantis
603 737 691 773 regis
717 737 914 768 Thebarum

207 788 310 826 tilius,
325 789 393 829 qui,
410 799 485 819 cuin
510 794 608 828 pater
632 789 796 821 Athamas
812 789 914 822 furio-

207 848 274 878 sus,
290 844 432 870 matrem
458 845 737 880 persequeretur,
755 850 817 871 una
837 851 914 872 cum

207 894 316 920 matre
329 899 364 921 se
381 890 412 920 in
425 900 516 920 mare
529 892 743 931 pra’cipitvin
759 892 865 928 dedit,
880 898 913 923 et

206 940 423 972 miseratione
438 942 550 972 Deum
569 943 601 972 in
620 943 749 973 marina
766 943 915 974 Numina

208 992 438 1024 transmutati.
495 992 600 1024 Quasi
625 994 681 1024 ille
709 1004 800 1034 aegre
824 993 915 1025 ferat

207 1051 299 1072 fluam
311 1041 488 1081 ditionem,
499 1052 602 1078 mare,
614 1043 656 1073 ab
670 1044 807 1074 rudibus
818 1044 915 1084 adeo,

205 1096 240 1123 et
268 1092 436 1132 imperitis
450 1094 817 1133 navigari.—Periisse]
850 1096 914 1126 Re-

206 1147 333 1174 motum
350 1148 386 1174 et
402 1144 553 1175 ablatum
572 1153 658 1175 esse.
706 1145 838 1176 Casaub.

251 1198 312 1226 104
338 1195 497 1235 Frontem,
511 1196 580 1237 2502]
606 1196 791 1228 Pudorem.
815 1198 915 1229 Tem-

208 1246 299 1286 plum
325 1246 414 1277 euim
443 1247 582 1287 pudoris
609 1253 661 1279 est
688 1247 793 1278 frons.
845 1248 915 1280 Vct.

208 1296 502 1337 Solu—Frontem]
551 1298 588 1328 ld
626 1302 691 1337 est,
730 1297 912 1329 Pudorem.

208 1347 298 1378 Hinc
309 1347 483 1387 perfricare
501 1347 654 1386 frontem.
703 1348 744 1379 ld
767 1353 830 1388 est,
847 1349 914 1379 Pu-

206 1397 324 1428 dorem
352 1404 388 1429 et
418 1399 657 1430 verecundiam
683 1408 915 1430 removere.—

210 1448 292 1488 Tibi,
320 1449 392 1489 ξω]
426 1450 550 1480 Sensus
580 1454 650 1480 est:
686 1449 722 1480 Si
753 1459 806 1479 ars
830 1449 913 1480 vitae

206 1499 361 1529 humanm
380 1500 443 1530 tibi
462 1505 558 1530 recto
576 1500 643 1530 talo
661 1499 789 1538 vivere,
803 1499 836 1530 id
849 1505 913 1539 est,

206 1554 314 1588 certo,
331 1551 467 1581 excelso
491 1555 527 1581 et
547 1556 661 1581 erecto
675 1549 780 1588 gradu
797 1550 830 1580 iu
848 1550 912 1580 vir-

205 1599 287 1629 tutis
301 1600 538 1631 ethonestatis
554 1601 606 1631 via
619 1601 790 1638 incedere,
806 1600 913 1639 dedit,

206 1653 242 1679 et
269 1650 450 1689 concessit,
480 1651 567 1680 liber
594 1651 808 1688 es.-Recto‚
845 1651 914 1691 ζα]

206 1698 362 1738 Menapii.
381 1699 423 1730 ab
441 1700 505 1730 illis
523 1700 579 1741 qui
603 1710 668 1730 non
686 1704 765 1731 suut
787 1701 915 1740 Scauri,

206 1759 269 1782 nec
297 1751 444 1782 obtortis
482 1752 626 1791 pedibus
664 1751 839 1789 incedunt,
870 1751 913 1781 ad

205 1802 365 1833 animum.
437 1802 574 1834 Graecis
606 1801 784 1842 ὄρθοποδεῒν
814 1803 846 1832 ἐν
866 1804 917 1841 ’τῷ

204 1851 273 1891 βίῳ.
327 1853 390 1883 Est
420 1853 509 1884 enim
542 1854 623 1883 talus
651 1853 707 1883 hic
739 1853 803 1884 ima
835 1863 913 1894 pars

205 1902 317 1943 pedis,
334 1902 404 1933 sive
429 1913 465 1932 os
483 1903 572 1944 quod
591 1903 691 1943 juxta
713 1904 914 1934 calcaneum

204 1952 399 1983 extuberat.
444 1953 622 1983 Turnebus
640 1962 747 1983 xvru.
765 1955 816 1984 12.

250 2005 310 2033 105
335 2003 413 2043 Ars]
451 2003 552 2034 Ratio
581 2009 616 2034 et
642 2003 831 2043 Sapientia,
861 2012 914 2033 ars

204 2052 286 2083 vitae
311 2053 587 2092 humanam—Et,
613 2054 684 2094 φη]
718 2054 759 2085 Id
776 2059 840 2092 est,
860 2054 915 2084 Ita

205 2112 321 2134 verum
338 2113 357 2134 a
374 2103 473 2142 falso,
500 2105 623 2135 bonum
643 2115 662 2135 a
677 2106 764 2135 malo
791 2104 914 2135 discer-

205 2152 257 2183 nis
286 2157 322 2184 et
351 2153 535 2194 dignoscis,
551 2159 589 2184 ut
606 2153 689 2185 falsa
705 2155 861 2185 veritatis
877 2160 912 2184 et

204 2203 288 2234 vitia
314 2205 452 2235 virtutis
470 2205 598 2244 specie,
625 2206 715 2236 nulla
732 2205 862 2235 ratione
879 2209 913 2236 te

203 2255 334 2294 possint
367 2256 527 2296 decipere
564 2255 695 2297 tibique
726 2256 913 2295 imponere.

205 2303 320 2335 Lubin.

257 2357 319 2385 106
354 2355 532 2396 Subaerato]
584 2358 684 2390 Quod
712 2356 833 2388 subtus
858 2357 913 2388 vel

203 2403 346 2435 interius
376 2415 421 2435 aes
449 2407 521 2436 loco
539 2408 611 2437 auri
639 2408 913 2438 habena—Men-

205 2455 324 2491 dosum,
339 2454 410 2494 εμπ]
443 2455 481 2484 Μ
501 2463 566 2493 est,
589 2458 662 2486 Non
680 2457 822 2486 solidum
840 2466 913 2487 cre-

205 2507 277 2543 pat,
300 2505 360 2534 sed
389 2505 535 2544 iutelligite
566 2507 751 2543 respondet
778 2515 912 2544 percus-

205 2563 290 2593 sum,
314 2558 351 2585 ut
377 2556 448 2584 Sat.
470 2563 522 2586 in.
545 2554 642 2590 dixit,
665 2560 695 2585 et
727 2554 911 2584 absurdum

206 2612 323 2634 sonum
338 2604 421 2634 edit.
464 2605 512 2635 Ut
529 2610 563 2635 et
582 2610 616 2635 tu
631 2605 680 2635 ita
696 2605 778 2645 quid
797 2613 912 2634 verum

204 2658 265 2684 aut
278 2653 408 2694 fictum,
421 2656 502 2696 quid
520 2655 714 2695 genuinum,
730 2660 765 2686 et
782 2654 913 2686 adulte-

206 2703 326 2744 rinum,
353 2706 460 2746 possis
485 2706 679 2738 discernere
696 2711 731 2738 et
749 2706 915 2737 internos·

666 135 805 165 NOTAE
840 133 1108 164 VARIORUM
1142 134 1191 165 IN

968 237 1059 259 ecre.
1106 228 1203 258 Idem.

1012 281 1071 309 107
1099 278 1247 318 Quoeqne,
1262 277 1330 317 ἐξα]
1363 277 1404 308 Id
1421 282 1486 317 est,
1502 277 1537 309 Si
1555 277 1586 308 in
1604 286 1672 308 om-

968 322 1064 359 uibus⁴
1079 329 1176 358 rebus
1192 328 1273 368 quid
1292 327 1428 366 bouum,
1443 328 1522 368 quid
1536 329 1673 365 malurn,

967 379 1048 420 qnid
1078 378 1283 417 facundum,
1312 378 1391 419 quid
1423 379 1671 410 demittendum

967 437 1087 461 exacte
1106 430 1191 460 adeo
1208 430 1459 467 discernei‘met
1477 430 1674 465 dignoscere

967 481 1102 510 novisti.
1126 482 1287 510 &olebant
1306 480 1393 510 enim
1411 480 1497 510 bona
1513 485 1672 520 tanquam

967 530 1127 568 eandida,
1156 531 1233 560 albo
1259 531 1386 569 lapillo,
1412 532 1499 559 mala
1516 536 1674 570 tanquam

966 586 1041 611 atra
1077 586 1112 611 et
1151 581 1305 617 adversa,
1343 581 1438 619 nigro
1477 589 1674 619 signare.—

973 630 1131 670 Vicissim]
1166 631 1205 661 ld
1234 636 1298 668 est,
1325 635 1356 660 rt
1384 635 1515 670 contra,
1533 631 1586 661 vel
1604 639 1675 660 rur-

968 692 1053 712 sum.
1101 683 1199 712 Idem.

1012 735 1073 762 108
1097 732 1170 771 Illa,
1185 731 1256 772 gu]
1291 733 1377 764 Quae
1393 731 1565 772 sequenda
1579 731 1674 762 nimi-

968 792 1052 821 rum,
1068 784 1183 814 colore
1210 784 1301 822 albo,
1326 788 1362 814 et
1386 782 1675 822 benigna—Mox

965 833 1044 873 hcec]
1069 834 1160 864 Mala
1187 834 1344 864 nimirum
1369 838 1405 864 et
1429 831 1604 874 fugienda,
1625 832 1675 863 ni—

967 893 1039 924 gro.
1089 885 1188 914 Idem.

1011 938 1073 965 109
1099 935 1156 974 Et,
1173 934 1243 975 ἔξω]
1277 933 1318 964 ld
1335 939 1397 969 est,
1413 933 1448 964 Si
1465 933 1638 964 moderata
1657 942 1676 963 a

968 985 1045 1015 Diis
1066 990 1223 1025 exoptas,
1242 988 1277 1016 et
1294 990 1353 1016 tua
1378 989 1467 1015 sorte
1493 987 1674 1014 contentus

967 1036 1222 1067 vivis—Pressa
1238 1035 1317 1075 lare]
1342 1037 1392 1066 Re
1406 1035 1593 1066 domestica
1607 1043 1674 1064 non

966 1086 1064 1117 nimis
1079 1086 1272 1126 magnifica,
1289 1085 1349 1117 sed
1370 1085 1548 1124 mediocri,
1563 1089 1598 1116 et
1615 1085 1674 1115 hu-

966 1136 1306 1177 mili.—Dulcis,85c.]
1340 1136 1474 1174 Facilis,
1498 1136 1674 1176 benignus,

967 1191 1004 1219 et
1019 1188 1181 1219 liberalis.
1230 1188 1327 1218 Idem.

1012 1241 1073 1270 110
1109 1239 1196 1279 Jam,
1221 1238 1292 1279 εμπ]
1324 1237 1492 1269 Definitio
1519 1236 1672 1268 liberalis

968 1289 1123 1329 hominis,
1140 1299 1182 1320 ex
1199 1287 1352 1319 effectis:
1372 1288 1502 1328 Utjam
1520 1286 1678 1328 granaria

966 1344 1002 1370 et
1033 1339 1166 1379 horrea,
1194 1339 1316 1380 quibus
1347 1338 1518 1369 frumenta
1544 1337 1676 1378 condis,

966 1390 1147 1430 astringas,
1170 1399 1233 1420 nec
1250 1389 1347 1419 nimis
1372 1388 1581 1429 patefacias:
1599 1387 1674 1428 jam

966 1449 1056 1470 nunc
1073 1440 1191 1472 eadem
1215 1440 1321 1479 laxes,
1346 1445 1380 1470 et
1403 1438 1577 1469 liberalius
1593 1437 1674 1469 inde

966 1490 1268 1531 largiaris.—Jam,
1295 1489 1366 1532 ξω]
1400 1489 1441 1521 Id
1464 1493 1529 1529 est,
1553 1489 1672 1521 Modo.

966 1543 1066 1573 Idem.

1010 1595 1069 1623 111
1096 1592 1203 1632 Inque,
1225 1592 1296 1632 isa]
1327 1591 1368 1622 Id
1393 1596 1459 1630 est,
1483 1592 1519 1622 Si
1545 1591 1672 1623 nullum

965 1643 1118 1674 avaritiae
1136 1648 1171 1674 et
1188 1643 1338 1674 soi-dium
1366 1643 1495 1684 signum
1513 1642 1546 1673 in
1563 1647 1597 1674 te
1614 1652 1672 1683 ap-

964 1698 1096 1733 pareat,
1113 1697 1148 1724 et
1164 1693 1250 1724 adeo
1277 1703 1312 1724 es
1337 1693 1463 1723 excelsi
1491 1692 1606 1732 animi,
1624 1693 1674 1723 ita

964 1750 1002 1775 ut
1018 1744 1050 1774 in
1068 1744 1167 1774 trivio
1185 1754 1355 1774 nummum
1374 1743 1478 1774 fixum
1502 1743 1536 1773 in
1562 1743 1635 1774 luto
1653 1753 1672 1773 a

962 1794 1090 1835 pueris,
1123 1799 1160 1825 ut
1189 1794 1344 1825 sordidos
1381 1798 1603 1835 cognoscant,
1634 1798 1670 1825 et

963 1845 1140 1883 irrideant,
1158 1846 1262 1885 pessis
1279 1845 1522 1876 transi-endere
1535 1849 1571 1876 et
1587 1854 1672 1886 prae-

966 1896 1082 1926 terire.
1109 1895 1220 1926 Luta‘n.
1265 1896 1343 1933 Vel,
1370 1897 1404 1926 si
1427 1896 1455 1926 is
1477 1905 1512 1926 es
1538 1900 1589 1936 tu,
1614 1896 1671 1936 qui

965 1947 1072 1987 possis
1098 1953 1317 1978 contemnere
1344 1947 1472 1977 lucrum
1503 1951 1604 1986 turpe
1636 1952 1671 1977 et

965 1999 1055 2040 quod
1086 1999 1221 2029 lutulet.
1285 1998 1375 2028 Hinc
1407 2000 1522 2028 luteum
1551 1999 1672 2028 lucrum

965 2049 1056 2089 apud
1076 2048 1318 2089 Augustinum.
1366 2048 1499 2079 Casuub.

1009 2102 1071 2131 112
1095 2100 1175 2139 Nec,
1199 2099 1270 2140 δῖα]
1309 2100 1346 2129 ld
1372 2104 1437 2138 est,
1462 2100 1496 2130 si
1521 2108 1586 2130 non
1612 2098 1672 2130 im·

962 2159 1080 2181 mensa
1093 2155 1128 2180 et
1141 2150 1334 2181 incredibili
1358 2160 1460 2191 opum
1477 2149 1671 2190 cupiditate

963 2206 1000 2231 et
1022 2201 1108 2232 lucri
1129 2200 1307 2233 ,desiderio
1325 2202 1473 2239 teneris;
1499 2209 1562 2231 nec
1581 2201 1671 2240 gluto

963 2251 1113 2291 gulosus,
1137 2256 1172 2282 et
1201 2251 1436 2291 inexplebilis:
1475 2260 1542 2281 non
1570 2259 1668 2281 secus

964 2313 1003 2334 ac
1017 2303 1202 2342 helluones,
1219 2308 1253 2334 et
1269 2302 1429 2340 famelici,
1447 2303 1502 2333 ubi
1519 2302 1669 2334 edulium

963 2354 1100 2395 aliquod
1117 2355 1240 2385 lautius
1258 2353 1430 2391 viderunt,
1454 2352 1595 2383 saiivam
1611 2351 1669 2382 dc-

963 2405 1127 2445 glutiuut,
1157 2405 1251 2446 quasi
1279 2405 1361 2435 illud
1387 2406 1459 2444 jum
1487 2413 1544 2442 spe
1564 2401 1667 2433 devo-

964 2460 1049 2486 rent.
1088 2455 1185 2486 Gluto
1199 2454 1333 2492 sorbere,
1350 2464 1402 2494 qui
1421 2455 1521 2484 avide
1538 2452 1667 2492 gluttit.

963 2505 1106 2535 Giuttus
1127 2510 1181 2535 est
1208 2514 1286 2543 pars
1302 2506 1379 2535 colii
1397 2514 1462 2545 qua
1477 2503 1542 2533 cibi
1560 2508 1667 2534 trans-

962 2554 1162 2584 mittuntur:
1199 2552 1281 2584 ficta
1309 2564 1370 2583 vo),
1405 2563 1465 2593 per
1484 2555 1667 2584 (lnomato-

964 2604 1105 2644 poeiam:
1147 2614 1219 2635 uani
1234 2606 1306 2643 glut
1337 2613 1384 2634 esi
1417 2604 1561 2635 imitatio
1583 2603 1668 2642 soni,

962 2664 1062 2696 quem
1086 2655 1158 2686 edit
1184 2656 1292 2696 liquor
1317 2665 1378 2696 per
1401 2661 1580 2695 angustum
1597 2658 1665 2685 tra-

961 2704 1079 2736 mitem
1115 2704 1541 2746 meana—Mercurialem]
1580 2703 1664 2737 Ideo
