1888 3032
731 157 913 188 SATJRA
955 157 1007 187 Π.

143 255 238 305 Qui
256 256 334 295 tibi
354 255 544 295 lubentes
566 253 749 307 apponit
772 252 984 294 candidus
1005 263 1157 292 annos,

146 323 298 363 Funde
318 335 483 363 merum
504 321 662 363 Genio.
695 321 799 362 Non
818 324 864 361 tu
885 333 1013 373 prece
1034 318 1186 374 poscis
1205 317 1360 366 emaci,

143 447 202 469 σεε.
250 437 387 478 ΙΞῙῖιιηιΙσ
403 437 506 468 vinum
526 437 636 468 Genio.
686 437 732 468 Tu
749 440 819 468 roto
837 435 969 477 pactitio
985 446 1042 465 non
1065 434 1146 474 petis
1170 442 1231 469 res,
1256 441 1331 472 quas
1347 440 1405 461 non
1426 428 1525 470 possis
1539 438 1602 458 crr-

801 521 946 554 NOTAE

147 587 275 619 tissimo
302 588 423 629 cuique
440 588 575 618 videtur
603 586 707 618 fuisse
736 587 850 627 potius

147 639 282 670 Plotius
299 639 431 679 quidam
451 639 636 676 Macrinus,
651 650 748 681 quem
767 640 850 670 Per-

147 689 187 720 sii
225 689 493 729 condiscipulum
532 690 705 720 existimat
747 689 849 720 etiam

148 738 252 770 fuisse
271 740 500 770 Casaubonus.
548 741 655 771 Fax-ct
672 746 767 772 verte
795 750 851 771 ve·

149 794 203 820 tus
241 790 459 830 Scholiastes,
495 791 551 832 qui
590 791 637 821 sic
675 791 780 822 habet
817 791 850 821 in

148 840 279 871 huncce
310 841 439 871 locum:
479 842 662 882 alloquitur
698 842 850 872 Plotium

151 891 342 923 Macrinum
372 892 539 922 hominem
569 902 649 923 saue
680 892 850 923 eruditum

150 946 186 972 et
204 946 347 982 paterno
373 951 408 972 se
427 940 552 973 affectu
569 942 779 982 diligentem,
795 941 852 983 qui

150 993 184 1023 in
217 992 315 1023 domo
345 992 479 1023 Servilii
514 992 697 1031 didicerat,
735 1002 753 1022 a
784 1001 852 1032 quo

153 1044 298 1084 agellum
328 1049 600 1084 comparaverat,
630 1043 760 1074 indulto
788 1043 852 1074 sibi

153 1095 265 1136 pretio
287 1095 472 1136 aliquanto.

199 1146 292 1176 Hunc
317 1145 398 1175 diem
423 1145 566 1185 numera]
612 1145 710 1176 Inter
726 1143 855 1175 faustos

154 1194 228 1226 dies
245 1199 403 1236 computa
420 1195 510 1226 diem
524 1195 627 1233 hunc,
643 1195 700 1236 qui
717 1194 780 1226 tibi
797 1204 854 1224 na-

153 1246 232 1277 talis
249 1251 314 1284 est,
339 1251 373 1276 et
399 1256 465 1286 quo
493 1251 675 1286 propterea
702 1244 854 1275 libellum

153 1296 242 1328 hunc
274 1306 333 1327 seu
361 1297 508 1328 Satiram
538 1297 627 1328 douo
658 1295 720 1327 tibi
745 1295 855 1326 mitto.

154 1347 294 1378 Scilicet
317 1356 386 1377 mos
403 1352 475 1378 erat
492 1346 582 1387 apud
601 1351 734 1377 veteres
750 1345 856 1376 natali

155 1397 338 1427 amicorum
366 1397 421 1428 die
438 1398 636 1428 munusculo
661 1406 718 1427 eos
742 1397 856 1437 aliquo

157 1445 311 1478 afficere:
335 1453 370 1478 et
398 1448 516 1478 Poeta>
534 1448 671 1489 quidem
695 1447 857 1487 doctique

158 1498 321 1537 opuscula
337 1508 397 1528 sua
414 1496 630 1528 deferebant.
677 1497 776 1530 Quod
803 1497 858 1527 hic

158 1546 242 1579 facit
259 1547 395 1578 Persius
413 1557 493 1587 erga
506 1548 708 1578 Macrinum.

202 1598 335 1628 Meliore
361 1598 483 1639 lapillo]
540 1598 694 1630 Candido
723 1608 860 1638 nempe,

159 1658 224 1689 quo
243 1658 296 1679 res
312 1650 399 1680 la-tae
422 1649 649 1687 notabantur;
673 1649 760 1679 sicut
787 1653 861 1679 atro

159 1709 214 1730 res
232 1705 359 1730 moestae
376 1706 409 1729 et
426 1699 592 1731 infelices.
640 1699 742 1729 Mart.
759 1698 859 1739 Epig.

160 1757 210 1780 lx.
232 1752 284 1780 53.
309 1752 316 1766 ‘
334 1750 429 1780 Felix
454 1755 598 1790 utraque
624 1750 693 1788 lux,
719 1749 861 1790 diesque

161 1800 257 1830 nobis
290 1800 452 1839 Signandi
487 1800 682 1831 melioribus
713 1798 863 1840 lapillis!

162 1850 260 1880 Pers.
277 1850 346 1880 Sat.
363 1859 397 1882 v.
419 1850 505 1880 ‘Illa
533 1850 627 1890 prius
651 1855 760 1887 creta,
786 1859 862 1879 mox

163 1899 235 1929 haec
261 1899 408 1930 carbone
436 1899 588 1929 notasti!
632 1899 776 1929 Secutus
794 1899 864 1929 Ho-

163 1949 282 1980 ratium
300 1950 371 1980 Sat.
389 1958 427 1979 11.
445 1951 475 1979 3.
501 1950 509 1965 ⁴
526 1949 629 1980 Creta
652 1958 692 1978 an
717 1948 863 1978 carbone

163 2000 303 2030 notandi
318 1999 339 2029 ?'
384 2001 544 2031 Ceterum
572 2010 642 2030 mos
670 2000 726 2029 ille
757 1998 864 2030 fortu-

165 2056 262 2082 natos
295 2051 366 2081 dies
398 2051 483 2081 albis
521 2051 672 2088 calculis,
711 2050 864 2080 infelices

166 2102 268 2141 nigris
314 2102 528 2140 numerandi,
577 2102 722 2142 viguisse
774 2101 863 2140 apud

165 2152 312 2183 'rhu-aeas
330 2154 484 2192 primum,
512 2157 632 2183 auctor
655 2158 705 2183 est
733 2152 865 2182 Plinius

168 2211 232 2232 vu.
249 2205 299 2232 40.
345 2201 393 2232 At
410 2202 497 2242 quod
521 2202 624 2243 aliqui
641 2202 771 2233 addunt
786 2202 865 2233 hinc

168 2253 328 2282 transisse
345 2252 388 2282 ad
411 2253 606 2291 Cretenses,
630 2262 696 2283 non
713 2253 762 2283 ita
778 2262 867 2283 com-

169 2309 324 2343 pertum:
350 2303 416 2333 imo
442 2303 579 2343 jugulat
609 2312 666 2333 eos
697 2303 752 2333 ille
782 2303 869 2342 ipse,

171 2365 235 2396 quo
260 2365 324 2386 uuo
351 2353 431 2385 freti
463 2354 495 2384 id
524 2353 707 2390 affirmant,
735 2352 870 2384 Horatii

169 2405 264 2435 locus
282 2405 338 2435 lib.
352 2414 375 2435 1.
395 2405 459 2435 ode
473 2408 525 2435 36.
541 2404 551 2421 ²
568 2406 688 2436 Cressa
700 2413 741 2434 ne
755 2408 871 2435 careat

172 2455 315 2495 pulchra
331 2455 405 2486 dies
419 2454 521 2486 nota.’
565 2454 631 2485 Ubi
648 2459 743 2484 certe
760 2453 870 2484 album

171 2506 320 2545 lapillum
338 2517 356 2535 e
381 2507 483 2536 Creta
501 2505 691 2536 venientem
709 2513 871 2544 expresse

172 2554 349 2595 designat:
375 2555 523 2596 alioquin
551 2564 667 2595 parum
690 2554 872 2594 distingue-

173 2609 226 2635 ret
242 2605 354 2635 laetam
370 2611 483 2636 notam
501 2615 521 2635 a
535 2606 637 2644 tristi,
650 2604 678 2634 si
695 2604 873 2635 Cretenses

175 2654 314 2694 perinde
331 2665 370 2687 ac
388 2656 443 2686 alii
466 2655 620 2686 candidis
637 2655 764 2685 faustos
789 2653 874 2693 dies,

173 2703 342 2737 infaustos
365 2706 469 2748 nigris
497 2706 621 2747 lapillis
648 2710 769 2736 notare
796 2714 874 2735 con-

905 587 1106 617 suevissent.
1147 583 1246 615 Unde
1263 583 1365 614 etiam
1381 584 1488 622 patet,
1504 588 1602 621 quam

905 638 1004 678 longe
1035 636 1208 674 aberrent,
1244 633 1299 674 qui
1330 632 1437 663 citato
1471 629 1604 661 Horatii

905 689 978 718 loco
996 688 1115 725 legunt
1132 686 1273 721 Thressa,
1290 693 1351 723 pro
1370 684 1489 712 Cressia.

948 742 967 770 2
993 738 1055 774 Qui.
1069 737 1127 769 tibi
1143 736 1289 774 labentes,
1305 734 1373 774 ἱγικ]
1412 733 1478 765 Qui
1497 741 1604 762 aeriun

906 790 993 833 quod
1013 789 1164 832 quotidie
1182 788 1341 826 clabitur,
1358 785 1421 817 tibi
1438 784 1609 826 producit,

906 852 1028 873 novum
1055 850 1178 872 annum
1204 837 1267 870 tibi
1295 836 1405 867 dando
1434 839 1470 866 et
1497 833 1609 874 auspi-

905 892 1026 924 cando.

952 939 1126 980 Candidus]
1149 940 1279 978 Bonus,
1293 935 1479 978 propitius:
1499 939 1536 965 ut
1553 944 1609 965 ex-

906 992 1012 1033 plicui
1026 992 1095 1022 Sat.
1111 999 1137 1021 1.

951 1045 969 1072 3
996 1042 1103 1073 Funde
1115 1050 1232 1072 merum
1242 1037 1358 1078 Genio]
1387 1037 1471 1068 Hor.
1487 1037 1552 1076 Ep.
1569 1044 1608 1066 11.

909 1096 939 1124 1.
963 1092 1153 1124 ‘Tellurem
1177 1099 1294 1130 porco,
1313 1089 1497 1129 Sylvanum
1521 1087 1610 1118 lacte

909 1143 1070 1184 piabant3
1102 1141 1259 1173 Floribus
1290 1144 1326 1170 et
1356 1139 1431 1169 vino
1462 1137 1610 1169 Genium

910 1203 1092 1224 memorem
1110 1192 1221 1223 brevis
1247 1189 1331 1222 aevi!
1374 1189 1498 1221 Tibull.
1516 1188 1612 1227 Eleg.

910 1254 951 1276 11.
976 1246 1007 1275 4.
1038 1243 1080 1274 de
1108 1242 1220 1274 Genio
1250 1241 1314 1272 ait:
1348 1239 1488 1280 ‘Atque
1519 1243 1612 1268 satur

909 1295 981 1326 libo
998 1294 1055 1332 sit,
1082 1293 1285 1332 madeatque
1307 1289 1425 1321 mero!
1471 1288 1540 1319 Ubi
1557 1288 1612 1317 ob-

911 1344 1114 1376 servandum
1131 1347 1194 1382 est,
1206 1341 1329 1373 ceteris
1345 1339 1481 1381 quidem
1495 1337 1612 1368 diebus

912 1397 1024 1428 Genio
1040 1396 1174 1427 litatum
1193 1394 1272 1425 olim
1289 1392 1392 1424 fuisse
1415 1400 1503 1422 caesa
1519 1391 1614 1421 victi—

913 1457 980 1485 ma,
1002 1451 1039 1477 ut
1067 1450 1163 1485 patet
1190 1454 1233 1475 ex
1261 1443 1383 1474 Horat.
1402 1442 1470 1474 Od.
1488 1451 1543 1472 111.
1562 1443 1613 1471 Π.

915 1499 924 1514 ‘
938 1507 1012 1528 cras
1037 1496 1186 1527 Genium
1211 1503 1303 1524 mero
1320 1492 1462 1524 Curabis
1483 1495 1519 1522 et
1541 1501 1616 1531 por-

915 1558 956 1579 co
995 1545 1159 1583 bimestri,
1195 1545 1279 1576 Cum
1311 1542 1445 1574 famulis
1475 1550 1613 1582 operum

915 1598 1054 1629 solutis!
1087 1595 1179 1627 Illud
1195 1599 1309 1626 autem
1326 1602 1497 1634 nunquam
1513 1591 1619 1622 fiebat

916 1650 971 1680 die
998 1647 1115 1686 natali,
1148 1656 1188 1677 eo
1219 1645 1311 1686 quod
1345 1644 1476 1674 nollent
1508 1641 1613 1672 vitam

915 1699 1066 1730 adimere
1093 1707 1133 1728 eo
1160 1696 1215 1726 die
1243 1706 1309 1736 quo
1337 1695 1448 1725 lucem
1476 1701 1618 1733 accepe-

917 1754 1010 1780 rant:
1034 1748 1093 1779 sed
1119 1747 1262 1778 litabant
1279 1747 1368 1784 vino,
1383 1744 1536 1783 floribus,
1551 1745 1615 1773 ἃς.

917 1804 954 1830 ut
970 1799 1067 1830 citati
1084 1808 1161 1828 mox
1177 1796 1243 1826 loci
1265 1796 1427 1825 innuunt:
1452 1794 1523 1824 sive
1540 1793 1619 1834 quia

917 1850 1029 1880 vinum
1046 1847 1229 1879 hilaritatis
1253 1845 1440 1885 symbolum
1459 1848 1494 1874 et
1517 1852 1619 1874 causa

919 1904 990 1936 est3
1013 1899 1084 1929 sive
1102 1897 1181 1937 quia
1198 1906 1258 1937 per
1272 1894 1373 1926 flores
1389 1895 1469 1925 vita:
1483 1893 1618 1934 quidem

918 1949 1094 1979 amoenitas
1111 1947 1207 1977 simul
1224 1949 1259 1976 et
1280 1945 1429 1975 brevitas
1453 1942 1620 1982 significa-

919 1990 1031 2038 batur,
1053 1998 1157 2038 juxta
1186 1996 1267 2026 illud
1302 1994 1434 2025 Horatii
1464 1994 1619 2029 citatum,

918 2052 1121 2081 ‘memorem
1140 2046 1251 2078 brevis
1268 2044 1355 2076 aevi.'
1391 2044 1479 2075 Vide
1497 2044 1620 2074 Censo-

919 2101 1040 2131 riuum.

965 2149 1081 2190 Genio]
1128 2148 1168 2179 Id
1186 2151 1251 2184 est,
1275 2147 1307 2176 in
1331 2146 1491 2176 honorem
1508 2143 1622 2182 Genii,

921 2201 978 2243 qui
996 2201 1088 2231 Deus
1103 2204 1189 2236 erat,
1207 2197 1268 2228 sub
1285 2197 1382 2238 cujus
1400 2196 1509 2227 tutela
1529 2195 1623 2225 nasci

923 2251 1111 2292 quemlibet
1136 2254 1173 2280 et
1202 2248 1315 2278 vivere
1347 2246 1477 2286 antiqui
1505 2244 1625 2275 crede-

925 2303 1019 2337 baut,
1034 2310 1133 2341 quem
1159 2303 1343 2339 propterea
1368 2295 1548 2337 quotannis
1570 2304 1625 2326 co-

926 2354 1043 2384 lebant
1060 2351 1114 2382 die
1129 2349 1246 2380 natali.

971 2403 1043 2433 Non
1073 2405 1107 2432 tu
1135 2411 1236 2441 prece,
1273 2398 1342 2439 Sym]
1402 2398 1432 2429 Ο
1469 2397 1624 2429 Macrine

925 2453 1068 2493 optime,
1089 2461 1153 2482 uon
1178 2449 1319 2490 perinde
1334 2458 1373 2479 ac
1390 2448 1483 2479 avari
1501 2447 1625 2487 injusta

926 2508 1005 2535 vota
1021 2503 1098 2534 Diis
1112 2508 1296 2540 nuncupas.

969 2552 1095 2592 Emaci]
1134 2550 1357 2590 Impudenter
1374 2552 1409 2578 et
1424 2546 1527 2585 impie
1549 2554 1624 2575 cum

926 2604 1003 2635 Diis
1030 2603 1078 2633 ita
1105 2599 1326 2642 paciscendo:
1363 2596 1532 2637 siquidem
1562 2595 1624 2626 hoc

929 2655 982 2685 vel
1005 2654 1086 2684 illud
1112 2651 1194 2683 mihi
1210 2648 1390 2690 largimini,
1404 2647 1478 2676 haec
1507 2650 1544 2676 et
1569 2645 1626 2676 illa

929 2704 1018 2735 dona
1031 2702 1217 2744 rependam
1240 2707 1302 2738 ego
1321 2697 1428 2727 vobis.
1476 2695 1575 2727 Plato
1592 2696 1623 2726 iu
