1888 3032
236 148 263 188 <1
756 155 818 185 na
853 150 1013 184 mansu
1049 149 1189 193 viris.

234 264 355 294 orum
390 252 585 305 vestigiis
619 249 892 298 inhaeserunt,
924 241 966 290 et
996 249 1041 289 in
1072 248 1374 292 sententiarum
1395 252 1518 292 vario
1541 254 1694 293 ornatu

235 321 439 374 occupati
460 319 716 361 inventionis
737 319 780 356 et
800 317 1128 371 compositionis
1151 316 1325 358 laudem
1345 319 1635 372 neglexerunt.

244 410 248 414 ·
292 389 426 429 Erant,
444 400 548 428 sanc
570 385 644 426 illa
661 388 858 438 tempora
883 385 988 425 nulli
1014 384 1203 438 poeseos
1230 386 1374 438 generi
1399 387 1538 439 magis
1558 400 1692 440 quam

233 457 415 498 satirico
437 452 795 502 accommodata3
826 463 927 492 nam
954 465 1123 492 morum
1151 453 1412 506 corruptela,
1431 453 1620 494 luxuriae
1648 457 1693 494 et

231 521 497 577 profusionis
531 518 719 569 insania,
752 519 1041 571 vitiorumque
1076 519 1216 559 omnis
1247 520 1412 571 generis
1444 520 1692 562 immanitas

231 593 352 630 tanta
391 592 495 638 erat,
536 591 583 628 ut
626 586 935 640 contemplanti
973 587 1069 628 haec
1121 586 1294 627 difficile
1341 590 1470 637 esset,
1509 588 1691 629 satiram

230 669 313 696 non
346 655 550 696 scribere.
611 652 757 707 Atque
791 653 859 693 his
898 654 1162 706 temporibus
1196 655 1376 696 vivebat
1408 654 1543 694 Aulus
1584 653 1692 695 Per-

229 723 308 763 sius
346 721 549 772 1·'laccns,⁵
599 725 727 762 natus
784 718 824 759 V
821 719 1027 770 οίαίεννὶε,
1073 725 1247 762 vetusto
1293 717 1513 763 He'truriae
1564 723 1691 776 oppi-

230 790 300 840 do,
332 791 413 831 sub
444 789 637 838 Tiberio,
674 787 728 829 A.
761 787 818 829 U.
856 786 906 828 C.
937 787 1034 828 787.
1069 789 1182 841 prid.
1221 801 1321 830 non.
1356 790 1516 831 Decbr.
1550 789 1690 830 Fabio

232 858 425 907 Persico,
453 857 589 897 Lucio
609 855 790 896 Vitellio
812 853 979 903 Coss.,⁶
1009 856 1196 908 equestri
1224 869 1392 909 genere,
1421 857 1627 909 sanguine
1647 860 1692 897 et

230 924 436 966 affinitate
468 925 596 978 primi
624 923 787 964 ordinis
819 923 924 963 viris
952 923 1222 976 conjunctus.
1285 924 1496 965 Flaccum
1524 927 1691 978 patrem

231 993 375 1033 amisit
394 1005 529 1033 annos
550 993 636 1032 fere
658 1003 740 1031 sex
761 993 902 1031 natus.
960 990 1115 1044 Usque
1137 992 1193 1032 ad
1214 993 1523 1033 duodecimum
1545 992 1691 1033 aetatis

230 1072 387 1101 annum
410 1059 649 1101 Volaterris
670 1059 845 1099 mansit.
905 1058 1019 1098 Tum
1042 1058 1232 1100 Romam
1259 1060 1430 1101 delatus
1451 1059 1506 1100 ad
1528 1059 1690 1100 Rhem-

229 1128 346 1168 nium
383 1128 681 1168 Palaemonem
721 1127 1071 1179 grammaticun1⁷
1120 1131 1164 1167 et
1200 1126 1448 1180 Virginium
1482 1126 1691 1167 Flaccum

229 1193 473 1235 rhetorem.8
546 1193 699 1234 Annos
740 1193 968 1233 sexdecim
1001 1197 1129 1234 natus
1173 1195 1218 1237 in
1252 1195 1532 1248 disciplinam
1573 1194 1692 1234 venit

229 1260 388 1304 Annaei
423 1260 616 1311 Cornuti,
650 1261 902 1315 philosophi
934 1261 1112 1312 Stoici,9
1143 1275 1282 1316 eoque
1315 1267 1438 1316 patre
1470 1262 1610 1315 magis
1649 1264 1692 1311 et

890 1458 1028 1489 NOTAE

269 1556 287 1583 5
316 1552 426 1584 Persii
441 1552 552 1593 gentis
565 1561 641 1583 raro
654 1551 687 1583 in
701 1552 928 1583 Romanorum

227 1603 442 1634 monimentis
454 1602 581 1633 mentio
590 1601 639 1633 fit.
672 1603 838 1642 Tempore
849 1601 929 1632 belli

227 1652 351 1683 Punici
375 1653 514 1683 secundi
530 1653 623 1684 circa
636 1655 711 1684 544.
727 1651 872 1683 florebat
887 1652 926 1682 C.

227 1703 366 1734 Persius
401 1703 539 1734 militari
577 1702 677 1733 laude
715 1702 927 1743 conspicuus.

227 1753 334 1784 Annis
348 1755 525 1794 posthunc
540 1752 652 1793 paullo
665 1753 774 1784 minus
788 1757 926 1783 centum

225 1804 312 1835 alter
330 1805 367 1836 C.
386 1804 524 1834 Persius
541 1803 737 1834 urbanitate
748 1807 784 1833 et
801 1802 926 1833 doctri-

224 1864 267 1885 na
283 1855 433 1895 insignis.
473 1856 543 1885 Cic.
558 1854 599 1884 de
618 1853 717 1884 Orat.
737 1862 773 1883 ιι.
790 1855 821 1883 6.
860 1853 927 1883 Ve-

224 1900 296 1936 rum
314 1905 461 1936 dubitari
488 1897 612 1945 potest,
637 1914 678 1933 an
696 1904 742 1934 illi
761 1902 802 1933 ad
820 1902 927 1934 nostri

224 1956 334 1986 Persii
367 1966 472 1996 genus
507 1954 745 1995 pertinuerint.
793 1953 927 1984 Mentio

223 2015 357 2046 quoqne
383 2005 420 2035 tit
449 2004 557 2035 Persii
582 2003 691 2044 po'etae
709 2002 926 2034 Phocaeensis

224 2055 313 2095 apud
335 2056 463 2085 l’olluc.
482 2056 512 2084 in
531 2064 640 2085 onom.
658 2062 709 2084 lx.
723 2056 754 2084 6.

266 2108 286 2135 6
324 2105 545 2135 Cassiodorus
582 2110 699 2134 natum
737 2114 810 2134 eum
842 2103 928 2134 dicit

224 2164 310 2185 anno
334 2155 503 2195 sequenti,
517 2154 605 2194 quod
627 2154 669 2183 ab
694 2154 839 2184 Eusebio
861 2152 927 2184 for-

224 2211 466 2236 sanmutuatus
479 2210 647 2245 est,quem
661 2204 738 2235 vide
752 2204 785 2235 in
799 2205 925 2236 Chron.

224 2256 265 2286 ad
285 2267 359 2287 ann.
378 2259 472 2286 2050.

267 2309 285 2337 7
314 2307 495 2337 Rhemnius
508 2308 642 2337 Faunus
660 2306 834 2336 Pal-aimon
851 2311 926 2337 erat

224 2357 345 2387 nobilis
358 2358 597 2397 grammaticus
613 2362 763 2396 temporo
780 2356 925 2387 Claudii.

223 2408 340 2438 Verna
365 2413 462 2437 natus
485 2407 600 2436 literas
622 2406 740 2436 didicit
761 2416 837 2436 cum
859 2416 927 2446 pau

223 2458 375 2498 dagogus
413 2462 512 2496 esset,
545 2457 667 2487 deinde
704 2457 925 2486 manumissus

223 2509 342 2541 Romae
356 2509 483 2539 (hv-uit.
530 2510 614 2539 Erat
637 2512 644 2524 ⁴
660 2508 812 2538 omnibus
837 2507 926 2538 vitiis

222 2559 368 2598 infamis,
386 2560 565 2599 palamque
592 2564 626 2589 et
642 2557 781 2588 Tiberio
798 2563 833 2588 et
849 2568 925 2587 mox

225 2610 366 2640 Claudi«.
382 2609 658 2650 puniit-autibus,
680 2607 801 2637 nemim
820 2608 925 2638 minus

222 2658 470 2690 institutionem
494 2661 673 2699 puerorum
694 2658 746 2688 vel
761 2658 927 2697 juvenum

223 2710 511 2742 committendam.
571 2709 740 2749 Capiebat
776 2709 925 2740 homines

984 1561 1060 1582 cum
1084 1550 1247 1582 memoria
1274 1559 1398 1589 rerum,
1424 1554 1494 1580 tum
1520 1548 1688 1581 facilitate

983 1601 1163 1639 orationis3
1199 1611 1260 1632 nec
1294 1610 1361 1631 non
1391 1600 1495 1631 etiam
1530 1599 1689 1640 poemata

982 1649 1130 1681 faciebat
1142 1660 1184 1681 ex
1198 1650 1376 1690 tempore.'
1398 1651 1538 1681 Sueton.
1549 1649 1688 1681 declar.

983 1710 1123 1740 gramm.
1150 1703 1204 1732 23.
1251 1701 1478 1739 Quadragena
1504 1709 1615 1731 annua
1643 1709 1687 1730 ex

983 1751 1094 1782 schola
1111 1752 1214 1792 cepit,
1234 1761 1296 1782 nec
1317 1751 1431 1791 paullo
1454 1749 1563 1780 minus
1585 1759 1627 1780 ex
1650 1757 1687 1780 re

982 1800 1151 1839 familiari,
1176 1802 1271 1843 cnjus
1295 1806 1368 1832 erat
1397 1800 1686 1841 diligentissimus.

982 1851 1072 1883 Ibid.

1024 1907 1043 1935 8
1067 1903 1241 1943 Virginius
1252 1903 1392 1933 Flaccus
1406 1902 1520 1932 rhetor
1531 1901 1593 1932 sub
1606 1902 1687 1933 'rra-

975 1953 1060 1994 jano
1089 1959 1241 1984 mortuus
1268 1957 1330 1983 est.
1377 1952 1522 1992 Scripsit
1546 1952 1588 1983 de
1611 1956 1686 1983 arte

981 2004 1127 2035 (licendi.
1174 2004 1292 2037 Quint.
1319 2004 1403 2034 Inst.
1425 2012 1481 2034 ιιι.
1499 2006 1550 2033 l.:
1575 2002 1686 2034 Tacit.

982 2053 1071 2085 Ann.
1089 2063 1147 2085 xv.
1160 2057 1212 2085 71.

1024 2107 1044 2134 9
1068 2103 1217 2135 Annaeus
1242 2104 1412 2134 Cornutus
1439 2101 1534 2142 Afer,
1559 2102 1685 2134 Stoicae

981 2160 1085 2186 sectae
1112 2156 1263 2195 aemnlus,
1289 2165 1443 2195 maguam
1469 2153 1687 2185 humanitatis

983 2206 1235 2246 disciplinarum
1274 2206 1413 2246 gloriam
1453 2210 1572 2236 nactus
1617 2211 1684 2235 est.

982 2257 1231 2299 Philosophiam
1248 2256 1362 2287 Rom-<v
1380 2255 1684 2296 professusjuven-

982 2306 1047 2337 tuti
1072 2307 1114 2337 ad
1139 2307 1341 2347 sapientiam
1368 2304 1564 2337 erudieudae
1586 2313 1684 2335 omne

982 2361 1113 2396 tenipus
1132 2357 1360 2397 impendebat.
1398 2357 1481 2387 Cum
1500 2355 1685 2394 Neronem,

979 2407 1145 2447 insignem
1184 2407 1406 2438 eruditionem
1453 2404 1683 2443 affectantem,

981 2457 1087 2487 libere
1106 2458 1196 2487 dicto
1212 2456 1419 2494 offendisset,
1434 2456 1466 2485 in
1481 2455 1617 2486 exilium
1631 2458 1683 2486 est

981 2507 1119 2547 ejectus.
1166 2508 1230 2537 Dio
1248 2508 1340 2537 Cass.
1365 2516 1452 2537 an.
1468 2509 1519 2537 29.
1544 2505 1588 2537 cf.
1608 2516 1682 2546 quae

981 2558 1026 2588 ibi
1044 2558 1074 2588 in
1093 2559 1180 2589 notis
1196 2558 1387 2588 laudantur.
1427 2557 1544 2587 suidas
1559 2557 1590 2586 in
1605 2560 1683 2596 Κορ-

980 2609 1097 2647 νοῦτος,
1134 2609 1318 2639 Cornutum
1350 2608 1561 2645 historicum,
1594 2607 1682 2637 Livii

981 2660 1161 2701 mqualem,
1178 2669 1254 2690 cum
1271 2659 1333 2689 lioc
1350 2657 1550 2698 philosopho
1565 2656 1682 2688 confu-

981 2709 1053 2741 dit:
1078 2709 1165 2740 adde
1180 2714 1249 2740 not.
1266 2708 1307 2739 ad
1323 2709 1418 2741 Pers.
1430 2708 1503 2739 Sat.
1522 2717 1554 2740 v.
1571 2710 1622 2739 16.
1666 2723 1674 2729 ,
