1888 3032
717 187 826 217 SATI
835 187 900 217 ΚΑ
931 184 980 217 V.

1494 175 1578 216 159

113 281 340 334 Portantes
360 281 517 331 violas,
538 282 800 335 rubrumque
820 282 1028 335 amplexa
1049 282 1238 322 catinum

113 347 265 389 Gauda
284 352 404 389 natat
424 350 587 407 thynni,
607 353 741 389 tumet
762 350 863 389 alba
883 349 1030 388 fidelia
1051 350 1152 389 vino
1170 362 1180 399 ;

113 415 257 455 Labra
274 428 424 456 moves
445 417 622 466 tacitus,
642 418 906 469 recutitaque
929 417 1109 456 sabbata
1132 417 1287 469 palles

109 524 258 556 exhalant
278 524 450 564 fuliginem
464 535 621 560 crassam;
654 528 686 555 et
708 524 832 555 innatat
853 526 948 555 cauda
965 526 1076 565 thynni
1094 525 1217 555 rubeam
1242 525 1383 565 patinam
1398 525 1578 564 complexa,-

111 572 146 598 et
161 567 325 608 rasfictile
339 569 464 598 candidi
481 568 603 598 coloris
619 568 769 598 redundat
792 568 882 603 t·1'no,·
907 572 987 598 tunc
999 572 1114 598 secr-elo
1130 569 1234 606 agitas
1249 568 1342 606 labia,
1357 571 1386 598 et
1399 566 1579 608 expallescis

772 654 915 685 NOTAE

112 728 222 760 Schol.
282 729 409 759 Locum
437 730 526 760 hunc
554 730 636 761 mire
668 731 817 762 illustrat

111 778 201 810 Just.
231 778 324 819 Lips.
352 780 463 811 Elect.
492 789 515 811 1.
548 790 578 810 c.
603 783 633 811 3.
659 781 715 811 ubi
744 782 816 812 haec

108 828 249 859 scribit:
279 829 288 845 ‘
307 830 382 860 Mos
401 830 491 870 apud
512 831 681 862 Romanos
700 841 816 871 recep-

110 884 189 917 tus;
223 880 255 909 in
273 880 361 910 omni
384 881 514 920 privata
538 882 743 922 publicaque
760 883 817 912 lae-

111 929 188 960 titia
209 930 350 969 januam
367 931 460 961 lauro
478 941 516 961 ac
528 931 675 962 lucernis
690 932 815 962 ornari.

109 980 330 1020 —Ejusmodi
361 980 506 1011 lucernae
524 981 672 1021 pensiles
696 985 814 1011 erant:

110 1035 144 1061 et
161 1031 324 1061 catenulis
342 1031 636 1070 suspendebantur
663 1041 816 1062 accensae

110 1080 152 1111 ad
175 1081 299 1112 aedium
318 1082 441 1121 januas
459 1086 517 1112 aut
533 1081 714 1115 fenestras,
759 1083 817 1114 Vi-

111 1130 220 1162 dimus
237 1131 298 1171 ipsi
326 1132 359 1162 in
388 1131 491 1162 Italia
518 1142 623 1163 aereas
651 1132 817 1172 ejusmodi

110 1180 267 1211 lucernas
299 1182 501 1220 complures,
537 1192 618 1222 quas
645 1183 818 1214 intellexit

110 1230 214 1261 etiam
232 1231 342 1261 Poeta
359 1231 536 1272 Princeps,
556 1232 697 1263 pendent
714 1234 820 1273 lychni

109 1280 305 1320 laquearibus
327 1281 452 1312 aureis!
497 1282 594 1314 Quod
621 1283 672 1314 hae
709 1284 817 1314 lucer-

111 1339 164 1361 nae
189 1324 232 1361 ad
265 1331 419 1372 januam,
457 1338 583 1372 praeter
612 1334 816 1366 Juvenalem

111 1381 342 1413 Tertullianus
379 1382 482 1414 docet
512 1384 553 1414 ad
586 1394 727 1416 uxorem
758 1385 818 1416 lib.

114 1440 164 1461 xr.
204 1431 214 1447 ‘
229 1432 387 1463 Moratur
419 1433 488 1463 Dei
522 1433 645 1464 ancilla
676 1434 710 1464 in
741 1434 819 1464 lari-

114 1480 176 1511 bus
195 1481 324 1520 alienis,
339 1486 374 1511 et
391 1481 479 1511 inter
494 1481 569 1511 illos
586 1482 739 1513 omnibus
762 1483 819 1513 ho-

113 1530 251 1561 noribus
271 1532 659 1569 Daemonum,.omnibus
678 1534 821 1564 solenni-

115 1580 176 1611 bus
193 1581 340 1622 Regum,
363 1581 549 1622 incipiente
577 1592 676 1622 anno,
701 1583 820 1623 incipi-

114 1636 193 1662 ente
209 1640 336 1671 mense,
352 1631 471 1662 nidore
488 1631 595 1662 thuris
613 1633 817 1672 agitabitur:

114 1686 150 1712 et
167 1681 332 1721 procedet
359 1681 401 1712 de
422 1682 529 1722 janua
550 1683 702 1714 laureata
720 1687 755 1714 et
772 1684 820 1714 lu—

114 1736 266 1770 cernata,
295 1737 330 1762 ut
354 1731 396 1762 de
424 1742 511 1762 novo
529 1733 728 1764 consistorio
745 1734 820 1764 libi-

115 1781 229 1811 dinum
259 1782 493 1821 publicarum!
539 1784 640 1816 Quod
668 1793 748 1814 vero
778 1784 820 1814 ad

114 1830 280 1862 fenestras
298 1832 413 1869 etiam,
431 1832 556 1871 probat
573 1842 615 1862 ex
630 1834 693 1863 hoc
710 1834 820 1864 Persii

115 1883 204 1923 loco,
229 1893 327 1924 quem
353 1883 454 1915 affert
470 1885 617 1915 ibidem:
653 1885 740 1915 Vide
761 1885 822 1917 Ju-

116 1935 228 1966 venal.
243 1935 315 1965 Sat.
333 1943 401 1965 xli.
415 1937 466 1965 92.
491 1938 526 1965 et
543 1934 588 1965 ibi
605 1940 777 1966 annotata.

160 1987 221 2015 182
247 1984 457 2024 Rubrumque]
503 1985 699 2023 Miniatum,
717 1994 774 2015 seu
802 1994 820 2016 e

116 2039 209 2066 terra
223 2034 337 2066 rubra.
374 2034 429 2065 Sic
445 2034 599 2064 Martial.
616 2035 820 2075 Epigramm.

118 2095 170 2117 xl.
189 2088 242 2116 28.
266 2085 275 2102 ‘
293 2084 514 2124 Paropsidem
533 2084 667 2115 rubram
683 2085 821 2124 posuit!

118 2137 163 2167 Et
188 2144 263 2166 xiv.
297 2137 370 2165 114.
395 2136 403 2151 ‘
422 2135 573 2165 Cumano
597 2134 819 2166 rubicundam

118 2186 258 2227 pulvere
275 2183 423 2215 testam!

118 2248 122 2251 ·
160 2236 313 2276 Amplexa
336 2234 472 2264 catinum
491 2235 587 2264 cautla
614 2234 719 2274 natat]
765 2234 819 2265 In·

119 2290 255 2326 gentem
279 2285 428 2315 catinum
444 2285 587 2324 impleus
607 2285 725 2325 thynni
743 2295 820 2316 cau-

119 2336 163 2367 da
178 2336 211 2366 in
228 2336 307 2376 jure
322 2335 514 2366 conditorio
532 2340 639 2373 natat,
655 2336 822 2376 epulanti-

117 2387 180 2418 bus
193 2386 336 2424 Judaeis,
349 2391 383 2416 et
398 2385 503 2417 festos
520 2386 591 2416 dies
609 2385 799 2425 agentibus.

122 2450 125 2453 ³
164 2439 225 2468 183
251 2438 359 2468 Gauda
375 2436 502 2477 thynni]
528 2437 636 2468 Piscis
654 2444 765 2476 notu&
780 2437 822 2469 de

119 2495 184 2526 quo
210 2487 362 2527 pluribus
386 2486 468 2517 locis
485 2486 694 2518 Athenaeus:
731 2487 822 2518 Plin.

119 2544 172 2566 lx.
188 2538 239 2566 15.
257 2536 305 2566 sic
320 2536 424 2566 habet
439 2547 446 2567 ι
471 2537 479 2552 ‘
497 2536 680 2577 Praecipua
699 2538 825 2579 magni-

122 2585 239 2616 tudine
266 2586 396 2627 thynni.
466 2586 661 2617 Invenimus
693 2588 824 2619 talenta

121 2635 313 2676 quindecim
330 2637 545 2678 pependisse.
570 2638 729 2678 Ejusdem
747 2648 825 2669 cau-

122 2686 174 2716 dae
185 2685 397 2718 latitudinem
406 2687 472 2719 duo
482 2687 597 2720 cubita
609 2692 644 2721 et
655 2689 801 2729 palmum
805 2688 824 2730 ‚'

124 2739 187 2767 ἃς.

920 732 1029 762 Tumet
1045 730 1232 772 albaficlelia
1249 730 1333 769 rino]
1366 730 1475 760 Plena
1492 728 1578 759 scili-

874 786 931 812 cet
948 781 1073 820 fidelia,
1099 791 1155 812 vas
1183 781 1351 811 vinarium
1382 790 1423 811 ex
1449 780 1578 821 argilla.

872 831 959 861 Vide
975 831 1047 862 Sat.
1066 840 1121 861 111.

916 884 976 911 184
1000 881 1105 911 Labra
1121 890 1219 911 mores
1231 879 1360 919 tacitus]
1391 879 1443 910 Tu
1462 889 1579 920 super-

872 930 1021 961 stitiosus
1038 930 1169 962 =Iudaeis
1196 934 1228 960 te
1256 930 1441 966 immisces,
1467 930 1498 959 in
1526 938 1579 959 eo-

872 990 943 1010 rum
968 980 1180 1020 proseuchis,
1205 989 1263 1010 seu
1302 979 1580 1019 precationibus3

872 1034 908 1060 et
925 1030 1077 1069 concipiS
1101 1034 1182 1060 vota
1207 1029 1309 1060 tacito
1336 1038 1519 1067 murmure,
1537 1027 1580 1058 de

872 1090 936 1121 quo
955 1080 1031 1110 vide
1049 1080 1119 1110 Sat.
1146 1088 1185 1110 11.
1203 1083 1233 1111 6.
1281 1079 1403 1109 Horat.
1419 1078 1530 1118 Epist.
1554 1087 1580 1108 ῐ.

873 1133 924 1161 16.
949 1130 957 1146 ‘
973 1131 1083 1160 Labra
1099 1135 1211 1161 movet
1229 1134 1383 1160 metuens
1399 1129 1530 1160 audiri.'

916 1181 1123 1220 Recutitaqne
1139 1181 1266 1210 sabbata
1279 1180 1391 1220 palles]
1424 1180 1508 1210 Cum
1521 1179 1582 1211 Ju-

874 1231 955 1261 daeis
973 1231 1056 1261 colis
1080 1230 1246 1267 Sabbata,
1269 1234 1431 1266 tremens,
1455 1235 1490 1260 et
1514 1234 1582 1260 sto-

872 1280 940 1310 lide
969 1279 1159 1319 religiosus.
1228 1279 1331 1309 Certe
1365 1278 1502 1309 Jiidoeos
1531 1278 1578 1308 ni-

872 1330 974 1360 mium
1001 1329 1064 1359 hac
1095 1329 1129 1358 in
1163 1338 1197 1358 re
1224 1328 1478 1368 superstitiosos
1508 1329 1582 1369 quis

872 1389 940 1411 non
968 1378 1130 1419 fateatur,
1149 1389 1224 1409 curn
1249 1379 1363 1408 hostes
1390 1378 1582 1417 ingruentes

873 1430 1142 1470 invadentesque
1158 1429 1307 1460 Sabbato
1336 1429 1515 1469 repellere,
1541 1439 1581 1461 ae

875 1481 963 1510 tueri
982 1490 1028 1517 se,
1053 1480 1205 1519 religioni
1223 1480 1389 1510 ducerent
1404 1491 1411 1517 ;
1448 1480 1528 1520 quin
1546 1484 1582 1510 et

875 1530 1046 1561 Christum
1087 1530 1271 1560 Dominum
1311 1529 1508 1560 incusarent
1547 1534 1582 1560 et

876 1580 1151 1620 criminarentur,
1184 1580 1274 1621 quod
1306 1589 1413 1621 aegros
1448 1587 1584 1612 sanaret

875 1631 930 1662 die
946 1631 1088 1663 Sabbati
1101 1632 1112 1661 ?

919 1682 1083 1722 Recutita]
1108 1681 1301 1722 Hypallage
1316 1680 1429 1713 Jndaei
1446 1681 1585 1712 recutiti

875 1732 1078 1763 dicebantur
1100 1732 1142 1762 ob
1173 1731 1406 1762 circumcisam
1425 1731 1585 1771 praepmii

874 1787 987 1812 cutem
1003 1793 1009 1812 ι
1036 1781 1083 1812 sic
1102 1785 1137 1812 et
1154 1781 1300 1811 Horatio
1316 1782 1438 1821 Apella,
1468 1781 1502 1811 id
1519 1786 1584 1819 est,

875 1832 946 1862 sine
974 1832 1075 1871 pelle,
1100 1831 1232 1862 scilicet
1260 1831 1293 1860 in
1322 1840 1361 1861 ea
1389 1841 1488 1871 quam
1514 1830 1583 1861 dixi

877 1881 1029 1921 corporis
1048 1886 1159 1921 parte,
1177 1881 1272 1920 cujus
1301 1880 1510 1911 circumcisio
1537 1881 1586 1911 di-

876 1931 954 1961 vino
966 1931 1061 1970 jussu
1078 1930 1238 1961 mandata
1255 1930 1453 1969 designabat
1470 1930 1583 1962 cordis

877 1983 1126 2022 separationem
1152 1991 1171 2012 a
1198 1981 1454 2023 cupiditatibus,
1471 1986 1509 2013 ut
1535 1981 1585 2013 ait

876 2033 1088 2072 Lactantius,
1107 2039 1142 2064 et
1157 2033 1225 2064 alii.

917 2084 1068 2123 Sabbata]
1085 2085 1161 2114 Vox
1178 2090 1230 2114 est
1242 2083 1414 2114 Hebraica
1432 2083 1586 2124 requiem

874 2133 1081 2175 significans,
1098 2139 1132 2164 et
1157 2134 1244 2164 diem
1270 2133 1490 2164 hebdomadae
1508 2143 1584 2174 sep-

874 2184 1004 2221 timam,
1030 2184 1103 2214 Deo
1123 2184 1268 2224 jubente
1286 2193 1346 2223 per
1362 2184 1508 2223 Mosern,
1523 2183 1585 2214 Ju-

875 2235 958 2265 daeis
986 2234 1160 2272 feriatam,
1186 2238 1257 2264 tum
1284 2238 1321 2264 ut
1351 2232 1585 2263 meminissent

875 2286 967 2316 orbis
999 2296 1018 2316 a
1049 2285 1127 2315 Deo
1160 2284 1288 2315 conditi
1315 2288 1351 2314 et
1378 2293 1436 2314 sex
1464 2282 1584 2314 diebus

877 2334 1026 2375 perfecti
1044 2346 1052 2372 ;
1086 2340 1157 2365 tum
1172 2335 1274 2365 etiam
1289 2344 1357 2364 suae
1376 2343 1417 2364 ex
1435 2332 1585 2373 AEgypto

876 2385 1097 2416 liberationis.
1145 2384 1213 2415 Hic
1230 2394 1306 2414 vero
1323 2383 1460 2414 Sabbata
1473 2393 1586 2424 quam-

878 2435 962 2466 libet
993 2435 1192 2467 Judaeorum
1229 2433 1466 2465 celebritatem
1499 2432 1585 2463 indi-

879 2496 957 2518 care
975 2486 1146 2525 videntur,
1159 2495 1219 2526 per
1235 2484 1486 2524 metonymiam.

924 2536 1042 2576 Palles]
1076 2536 1154 2567 Sive
1177 2535 1219 2566 ob
1240 2534 1419 2575 Jejunitim,
1435 2531 1523 2573 quod
1540 2531 1582 2561 ad

879 2597 1055 2627 vesperam
1083 2585 1197 2618 Judaei
1226 2583 1428 2619 servabaut;
1464 2590 1522 2610 seu
1540 2579 1584 2610 ob

878 2641 1004 2667 metum
1023 2634 1295 2676 superstitiosum
1311 2643 1318 2669 ;
1352 2640 1409 2661 seu
1426 2629 1468 2659 ob
1486 2638 1584 2669 squa-

878 2687 998 2725 lorem,
1012 2691 1048 2716 et
1065 2685 1211 2715 cinerem
1230 2691 1295 2722 quo
1313 2680 1360 2710 illi
1377 2689 1412 2709 se
1426 2688 1585 2719 consper-

880 2737 1007 2778 gebant
1033 2736 1066 2766 in
1090 2732 1248 2765 sabbatis
1265 2731 1385 2762 saltem
1401 2729 1583 2771 aliquibus.
