1888 3032
751 168 932 206 smum
970 176 1032 207 iv.

1540 169 1556 206 'l
1568 170 1592 208 ⁴)
1604 167 1619 207 l,

160 271 246 313 Sed
269 271 529 325 praecedenti
552 274 774 324 spectatur
792 271 986 312 mantica
1007 275 1146 325 tergo.

217 339 476 390 Quaesieris,
499 339 543 379 N
545 338 675 398 ostin'
696 337 877 380 Vectidi
897 338 1099 391 praedia'l
1132 342 1144 360 ‘
1167 339 1294 394 cujus
1308 338 1340 379 ἴθ’

1563 340 1600 379 <4

1603 356 1618 379 ς,
1599 341 1615 347 1

160 404 300 447 Dives
321 411 413 448 arat
433 406 636 455 Curibus,
660 409 867 459 quantum
887 418 973 445 non
992 406 1156 446 milvus
1178 406 1357 447 oberret.

159 475 172 493 ‘
195 473 329 515 Hunc
352 475 417 515 ais
435 475 452 514 Τ
484 474 596 514 hunc
620 473 702 513 Dis
721 472 841 513 iratis
863 472 1071 525 genioque
1092 472 1269 513 sinistro
1283 473 1302 512 ’ἒ

155 583 257 613 nullus
274 586 402 614 conatur·
425 583 557 624 seipsum
579 582 682 614 subire
694 594 707 620 ,-
730 584 842 620 nullus,
865 582 1022 624 inquam:
1045 583 1098 613 sed
1119 580 1332 613 condderatur
1348 582 1519 613 duntaxat
1543 592 1619 622 pera

155 627 243 655 dorso
256 627 459 657 antecedenti.
494 627 596 657 Forte
610 626 873 665 interrogaverim
888 636 928 656 an
942 626 1003 656 scis
1015 635 1108 664 agros
1127 624 1289 656 Vectidz'i?
1315 625 1509 664 Cujusnam?
1536 626 1622 665 Opu-

155 668 255 698 lentus
272 668 406 709 quidam
431 669 515 708 apud
534 670 632 700 Cures
647 669 718 699 colit
736 673 868 699 tantum
886 669 970 708 agri,
991 672 1138 708 quantum
1158 668 1270 698 milvus
1286 677 1343 698 non
1360 668 1594 698 circumvolaret
1609 679 1619 698 .·

154 710 291 741 istumne
306 709 407 743 dicis?
452 712 566 751 Istum,
583 710 732 752 inquam,
758 711 815 752 qui
833 710 916 742 vivit
936 710 1066 750 infensis
1089 710 1288 750 Numinibus,
1313 714 1342 741 ee
1362 710 1462 741 Genio
1479 720 1537 741 non
1551 721 1621 751 pro-

770 796 885 808 eeeeee

889 796 1005 809 eeeeee

152 862 287 901 proeced.
305 861 372 893 Ms.
389 861 524 893 R.—2‹3
552 862 674 893 oberrat
692 863 759 894 Ms.
773 863 815 894 R.
832 867 867 894 et
884 864 1011 896 C.—29
1036 862 1091 894 Ita
1107 861 1201 893 Libri
1221 861 1390 892 Puteani:
1415 860 1472 892 alii
1490 860 1620 892 teter-is:

813 948 956 981 NOTAE

153 1021 259 1052 latere
282 1025 381 1062 putet
397 1033 457 1053 sua
475 1021 615 1064 flagitia,
642 1034 718 1066 qum
731 1024 802 1067 jam
821 1025 855 1056 in

152 1073 265 1103 lucem
282 1072 519 1112 erumpebant.

197 1122 235 1152 In
250 1132 314 1153 sese
328 1123 524 1164 descendere]
547 1123 701 1164 Seipsnm
719 1125 856 1165 penitus

151 1171 388 1213 introspiceie,
426 1174 575 1215 seipsum
614 1174 788 1207 discutere
822 1179 858 1207 et

151 1224 357 1263 examinare,
374 1228 490 1266 atque,
507 1229 544 1256 ut
559 1231 611 1256 est
628 1224 660 1256 in
674 1226 742 1258 fine
757 1226 856 1267 liujus

150 1274 284 1312 Sati1·a>‚
309 1275 418 1306 Secum
433 1275 589 1316 habitare,
615 1277 657 1308 ad
681 1287 754 1309 sese
779 1288 856 1318 cog-—

149 1325 368 1365 noscendum,
379 1335 421 1357 ex
433 1332 612 1369 praecepto
625 1328 763 1360 Oraculi
777 1330 856 1361 Del-

151 1375 255 1416 phici,
281 1377 375 1415 ’γνῶθι
398 1376 541 1409 σεαυτόν.

192 1427 232 1455 24
257 1426 454 1457 Proecedenti
468 1431 627 1467 spectatur
641 1429 777 1460 mantica
793 1433 853 1460 trr-

146 1473 204 1515 ἕο]
222 1475 262 1505 Id
278 1480 342 1514 est,
359 1477 619 1509 considerantur
635 1479 746 1510 aliena
762 1479 856 1519 vitia,

152 1526 206 1555 vel
231 1525 263 1556 in
280 1527 418 1558 mantica
442 1537 517 1568 quae
535 1529 714 1569 praecedit,
734 1534 854 1571 estque

150 1578 229 1607 ante
248 1580 394 1618 tergum,
408 1577 442 1609 id
459 1582 524 1618 est,
541 1585 660 1619 pectus
679 1584 850 1617 nostrum

149 1628 203 1658 vel
219 1627 252 1659 in
278 1628 458 1668 posteriori
475 1629 614 1661 alterius
637 1631 693 1671 qui
717 1636 852 1663 antece-

149 1676 201 1708 dit
226 1687 287 1709 nos
311 1678 468 1719 hominis,
492 1689 597 1720 pera:
622 1690 665 1711 ex
693 1681 853 1722 Apologo

147 1726 281 1758 scilicet
306 1728 434 1769 AEsopi,
461 1729 518 1771 qui
541 1729 641 1761 finxit
668 1730 762 1761 binas
779 1741 853 1762 esse

147 1777 338 1809 hominibus
355 1788 454 1819 peras
469 1781 548 1811 hinc
560 1785 595 1811 et
610 1781 689 1812 inde
704 1782 853 1822 penden-

149 1830 220 1865 tes;
244 1827 279 1858 in
305 1838 379 1859 eam
397 1839 470 1871 quae
488 1835 567 1861 ante
584 1838 717 1871 pectus,
734 1833 852 1872 reponi

148 1876 258 1907 aliena
281 1878 389 1916 mala3
428 1881 569 1919 propria
594 1889 674 1911 vero
700 1881 734 1911 in
760 1882 851 1912 iilam

148 1936 221 1968 quae
248 1938 267 1958 a
296 1932 392 1967 tergo
410 1934 474 1969 est,
497 1930 645 1971 conjici:
671 1931 760 1963 unde
775 1942 851 1963 nos-

148 1982 202 2009 tra
228 1988 412 2020 nunquam,
443 1980 553 2011 aliena
578 1990 712 2021 semper
737 1982 851 2013 videa-

148 2038 234 2060 mus.
258 2030 305 2061 D.
327 2029 524 2071 Hieronym.
542 2031 654 2071 Epist.
671 2034 724 2062 91.
742 2032 750 2048 ‘
765 2032 850 2063 Nos-

148 2083 234 2109 tram
261 2089 377 2119 peram
405 2090 470 2111 non
497 2080 666 2120 videntes,
698 2081 851 2122 aliorum,

142 2128 243 2168 juxta
261 2130 428 2169 Persium,
456 2130 636 2161 manticam
659 2131 850 2162 considera-

147 2177 243 2208 mus-¹
288 2178 411 2209 Horat.
425 2179 496 2210 Sat.
513 2189 555 2210 n.
571 2183 603 2211 3.
618 2180 627 2196 ‘
648 2181 786 2212 Dixerit
802 2182 850 2212 in-

147 2237 265 2258 sanum
279 2228 334 2268 qui
348 2238 414 2268 me,
433 2229 578 2260 totidem
596 2231 723 2269 audiet,
746 2235 849 2273 atque

147 2277 333 2317 Respicere
363 2279 481 2319 ignoto
513 2279 624 2312 discet
665 2282 850 2321 pendentia

147 2327 267 2367 tergo.'
325 2329 479 2359 Catullus
503 2330 614 2362 Carm.
636 2333 689 2362 22.
719 2342 767 2363 vs.
786 2333 848 2364 ult.

144 2377 153 2393 ‘
173 2378 251 2409 Non
268 2378 421 2410 videmus
438 2379 596 2411 manticae
614 2381 702 2421 quod
732 2382 765 2412 in
783 2386 845 2413 ter-

147 2436 189 2467 go
207 2427 286 2458 est!

188 2480 227 2508 25
247 2478 428 2519 Qmsieris,
443 2480 568 2521 nostor,
583 2481 650 2521 ξω]
668 2481 717 2512 Ut
733 2486 851 2521 pateat

145 2529 313 2568 omnibus,
345 2540 445 2571 quam
473 2535 555 2562 nota
578 2540 714 2572 semper
727 2532 850 2573 cuique

145 2577 214 2607 sint
237 2579 346 2610 aliena
361 2580 461 2619 mala,
477 2590 593 2621 quaere
615 2585 652 2612 et
676 2582 850 2612 sciscitare

148 2626 189 2656 ab
225 2627 337 2670 aliquo
375 2630 555 2671 nebulone,
585 2640 626 2662 an
664 2637 850 2672 cognoscat

147 2676 248 2706 alium
285 2679 489 2711 nebulonem
525 2681 718 2723 quempiam
736 2693 743 2712 z
792 2683 849 2713 ille

146 2726 260 2758 statim
280 2730 506 2771 respondebit,
520 2740 556 2762 se
573 2740 670 2762 nosse
683 2732 776 2763 inum
792 2732 849 2764 ho-

910 1024 1047 1064 minem,
1074 1023 1217 1065 ejusque
1233 1022 1350 1054 sordes
1367 1025 1402 1053 et
1420 1018 1596 1052 avaritiam
1613 1030 1620 1050 :

911 1080 946 1107 et
962 1076 1009 1107 sic
1038 1075 1113 1116 ejus
1136 1073 1364 1105 insectabitur
1379 1071 1522 1112 flagitia,
1539 1076 1577 1102 ut
1593 1070 1620 1101 si

911 1126 984 1166 ipse
1001 1125 1174 1163 innocens,
1186 1134 1224 1155 ac
1241 1123 1410 1153 hominum
1425 1124 1515 1152 esset
1527 1130 1623 1150 sanc-

915 1176 1074 1215 tissimus,
1098 1175 1267 1215 planeque
1285 1172 1351 1203 illis
1367 1175 1500 1202 careret
1515 1169 1619 1208 vitiis,

912 1236 986 1267 quae
1011 1226 1043 1256 in
1069 1225 1134 1256 alio
1161 1222 1380 1265 reprehendit
1404 1226 1440 1253 et
1467 1220 1617 1252 damnat.

910 1277 997 1308 Tull.
1024 1277 1123 1307 Tusc.
1152 1276 1284 1308 Quaest.
1302 1276 1333 1305 3.
1359 1282 1393 1303 n.
1409 1275 1462 1303 73.
1486 1271 1617 1302 ‘Arari

911 1337 1041 1365 avaros,
1055 1326 1175 1367 glou-im,
1194 1324 1334 1365 cupidos
1349 1322 1488 1364 gloriosi
1504 1332 1620 1362 repre-

910 1377 1074 1408 hendunt.
1122 1376 1182 1405 Est
1210 1374 1297 1404 enim
1313 1372 1488 1414 proprium
1506 1371 1619 1403 stulti-

909 1427 966 1458 tiae
994 1426 1136 1457 aliorum
1165 1424 1250 1455 vitia
1276 1431 1429 1461 cernere,
1459 1421 1616 1452 oblivisci

910 1475 1070 1507 suorum.'

956 1524 1093 1565 Vectidi]
1112 1523 1192 1564 Alii,
1208 1523 1347 1559 Vetidii;
1364 1522 1433 1560 alii,
1456 1520 1615 1551 Ventidii.-

909 1575 1062 1617 quisquis
1088 1575 1146 1606 ille
1169 1574 1322 1612 tandem,
1347 1583 1366 1603 a
1382 1571 1503 1602 Persio
1520 1575 1617 1602 nota-

908 1631 963 1657 tur
978 1626 1070 1656 velut
1087 1624 1319 1664 avarusjiixta
1334 1632 1373 1653 ac
1391 1622 1497 1652 dives.
1533 1621 1615 1651 Cor·

907 1676 975 1707 nel.
1003 1675 1116 1706 Tacit.
1149 1673 1273 1705 Annal.
1303 1673 1325 1703 l.
1357 1680 1422 1702 xn.
1461 1669 1616 1701 meminit

907 1725 1062 1757 Ventidii
1076 1725 1298 1756 Galilaeorum
1316 1720 1485 1753 Praesecti
1504 1730 1544 1751 ac
1561 1720 1618 1751 de-

906 1776 1122 1818 praedatoris.

950 1826 1061 1866 Cujus]
1108 1825 1222 1866 Inquit
1247 1824 1304 1855 ille
1325 1822 1448 1854 nebulo
1466 1822 1609 1852 interro-

904 1881 1024 1917 gatus:
1050 1876 1092 1907 de
1111 1885 1176 1916 quo
1193 1884 1315 1913 nempe
1343 1873 1512 1914 loqueris?
1535 1872 1607 1903 sei-

903 1927 986 1958 licet
1000 1927 1043 1958 de
1058 1925 1192 1957 homine
1205 1925 1371 1965 opulento
1389 1922 1536 1964 quidem,
1551 1922 1611 1953 sed

904 1976 1059 2008 omnibus
1076 1976 1207 2016 odioso,
1222 1977 1286 2006 &c-

947 2031 989 2059 26
1014 2027 1161 2067 Curibus]
1188 2028 1286 2057 Cures
1310 2025 1391 2056 urbs
1407 2024 1607 2056 Sabinorum

906 2078 982 2109 olim
1015 2077 1191 2118 primaria,
1217 2077 1250 2107 in
1279 2086 1346 2117 qua
1370 2076 1466 2106 Titus
1492 2075 1613 2106 Tatius

906 2127 1147 2169 imperitabam
1172 2131 1208 2158 et
1221 2127 1309 2158 unde
1324 2130 1464 2157 vocatus
1480 2125 1520 2156 ad
1537 2134 1610 2165 reg·

905 2179 1053 2210 nandum
1071 2179 1188 2209 Romae
1206 2178 1318 2208 Numa
1333 2175 1534 2216 Pompilius.

949 2229 1110 2264 Quantum
1125 2237 1184 2258 non
1197 2227 1308 2258 milvus
1319 2225 1454 2266 oberret]
1472 2225 1610 2264 Hyper-

902 2278 1050 2309 bolicum
1069 2277 1248 2317 adagium:
1273 2280 1422 2317 quantum
1448 2275 1534 2305 ’πώ-ι’
1561 2284 1612 2304 ro-

903 2330 988 2359 lant.-
1012 2328 1045 2358 id
1073 2331 1138 2366 est,
1172 2331 1240 2358 tam
1266 2326 1396 2366 amplas
1425 2325 1528 2356 habet
1554 2324 1611 2354 ille

905 2379 1134 2419 possessiones
1151 2382 1184 2407 et
1201 2376 1394 2416 latifundia,
1420 2380 1458 2407 ut
1483 2386 1525 2407 ea
1552 2376 1608 2406 vix

905 2433 977 2460 tota
993 2428 1048 2458 die
1064 2429 1198 2468 milvus,
1210 2427 1337 2468 alioqui
1352 2427 1483 2458 volatus
1501 2425 1612 2465 perni-

904 2478 1044 2517 cissimi,
1062 2478 1306 2509 circumvolare
1321 2486 1419 2517 posse
1437 2476 1605 2506 videatur.

903 2529 1081 2561 Juvenalis
1105 2529 1175 2559 Sat.
1193 2537 1245 2559 lx.
1268 2532 1321 2559 55.
1343 2529 1353 2544 ‘
1370 2527 1495 2558 Milvos
1517 2525 1608 2555 intra

905 2585 962 2610 tua
976 2589 1103 2620 pascua
1118 2578 1245 2610 lassos!

946 2632 987 2660 27
1022 2629 1118 2660 Hunc
1143 2629 1207 2660 Dis
1232 2627 1338 2666 iratis]
1376 2626 1480 2663 Hunc,
1504 2624 1606 2663 hunc,

903 2681 1051 2721 inquam,
1085 2680 1254 2710 bominum
1281 2688 1320 2708 ac
1346 2678 1500 2708 Deorum
1528 2675 1607 2706 odio

904 2731 1063 2771 dignuin;
1101 2729 1156 2761 cui
1183 2727 1313 2759 infensa
1343 2730 1394 2757 tot
1423 2726 1467 2757 ob
1498 2735 1602 2757 noxas
