1888 3032
223 124 280 166 36

738 131 784 159 A.
819 126 979 158 PuRSll
1016 126 1187 156 FLACCI

225 231 338 282 Vos,
362 244 389 272 o
410 229 622 285 patricius
641 226 834 276 sanguis,
855 236 968 278 quos
990 223 1135 265 vivere
1155 223 1224 264 fas
1243 227 1310 264 est

227 300 421 355 Occipiti
443 311 579 346 caeeo,
599 294 784 349 posticae
807 293 1022 334 occurrite
1045 305 1210 332 sannae.

285 368 399 419 Quis
421 366 574 421 populi
595 375 734 404 sermo
755 362 853 403 est‘l
886 361 984 416 quis
1006 361 1152 402 enim?
1185 359 1273 400 nisi
1294 359 1487 400 carmina
1506 358 1626 400 molli

226 435 358 477 Nunc
382 434 556 475 demum
576 444 756 472 numero
775 430 926 479 fluere,
948 432 994 469 ut
1015 441 1092 482 per
1112 428 1210 469 leve
1232 439 1406 467 severos

227 503 430 544 Effundat
445 502 650 555 junctura
669 511 849 551 ungues.

909 497 1005 537 Scit
1025 495 1197 536 tendere
1216 507 1389 535 versum

1637 493 1695 534 65

228 570 334 612 Non
353 580 497 618 secuS,
529 580 579 608 ac
603 567 640 607 si
662 566 792 607 oculo
812 564 1029 605 rubricam
1051 563 1210 616 dirigat
1230 575 1331 603 uno.

228 638 330 679 Sive
347 648 460 691 opus
482 636 526 676 in
544 647 702 684 mores,
724 634 769 674 in
790 634 958 683 luxum,
980 632 1023 672 in
1042 631 1225 686 prandia
1244 643 1408 683 regum,

233 753 358 793 Apulia»
388 751 558 783 sitibunda.

608 752 637 781 Ο
662 760 715 781 vos
738 750 867 789 sanguis
892 749 1013 789 nobilis,
1039 748 1126 789 queis
1151 748 1258 778 (latum
1282 750 1328 777 est
1354 746 1456 777 vivere
1478 745 1544 776 sine
1558 744 1652 775 oculis
1665 744 1699 775 in

230 795 387 836 occipitio,
413 798 527 826 evitate
547 795 732 825 derisionem
756 793 1000 834 posteriorem.)
1048 791 1134 826 Quid
1155 790 1285 830 populus
1299 788 1401 820 dicit?
1447 789 1531 824 Quid
1547 787 1699 819 enimvero

231 839 376 878 diceret,
392 838 453 868 nisi
469 847 576 869 versus
592 837 659 876 jam
675 838 801 867 tandem
827 846 951 866 currere
967 837 1065 866 metro
1082 833 1189 872 facili,
1216 834 1290 863 adeo
1314 835 1349 862 ut
1375 831 1522 862 connexio
1545 831 1627 861 sinat
1650 830 1699 860 ire

229 891 347 921 ungues
363 890 487 922 asperos
509 890 565 921 per
585 881 731 920 politum.
775 879 839 910 Ille
856 879 970 917 homo,
997 877 1120 918 inquit,
1146 875 1231 906 norit
1257 875 1388 905 scribere
1408 883 1585 904 ‘cersusnon
1607 873 1701 903 aliter

231 934 324 964 quam
338 925 367 955 si.
381 933 441 955 uno
457 925 540 954 oculo
556 927 646 963 regat
662 923 804 964 lapillum
820 921 958 954 rubeum.
1003 921 1067 952 Seu
1083 920 1179 958 juvat
1196 918 1328 950 scribere
1347 918 1381 948 in
1401 926 1509 957 mores,
1522 926 1575 947 seu
1591 919 1702 947 contra

846 1007 961 1017 eeeeee

966 1005 1081 1017 eeeeee

231 1061 407 1103 scripsisse
425 1064 571 1098 tantum
595 1071 669 1103 quae
685 1061 790 1092 lectio
807 1063 842 1092 et
859 1059 1051 1100 elegantior
1067 1059 1168 1099 longe
1185 1061 1250 1097 est,
1274 1061 1310 1088 et
1326 1055 1480 1097 planior3
1506 1055 1553 1086 sic
1575 1059 1611 1086 et
1628 1053 1701 1095 qui-

896 1152 1041 1184 NOTAE

275 1232 314 1260 61
340 1228 503 1260 Patricius
517 1229 662 1269 sanguis]
701 1228 845 1261 Patricii
862 1232 940 1259 sunt

233 1281 436 1311 Senatorum
450 1279 510 1310 filii
525 1290 532 1310 :
559 1279 781 1320 designantur
797 1280 851 1311 hic
868 1279 939 1320 qui·

231 1331 318 1363 libet
331 1332 473 1363 Nobiles
485 1331 641 1362 Romani.
687 1331 806 1362 Horat.
824 1331 867 1362 ad
883 1330 940 1361 Pi-

233 1392 354 1413 sones:
370 1383 379 1399 ‘
397 1383 466 1413 Vos
483 1393 501 1413 ο
519 1382 707 1423 Pompilius
725 1381 884 1422 sanguis!

276 1437 317 1465 62
344 1433 496 1475 Occipiti]
535 1434 687 1474 Occiput
712 1444 790 1475 pars
815 1433 939 1474 capitis

233 1485 416 1525 posterior,
433 1485 522 1515 sicut
538 1485 689 1515 anterior
705 1484 866 1523 sinciput.

281 1535 459 1575 Ocno-rite]
494 1535 643 1565 Subeaut
660 1535 743 1565 licet
758 1534 941 1565 ludibrium

235 1589 271 1617 et
290 1585 494 1617 derisionem
510 1584 656 1626 plebeii3
681 1589 716 1615 at
734 1594 808 1622 vos,
836 1594 854 1614 ο
872 1584 941 1615 No-

233 1636 322 1667 biles
341 1636 499 1674 Romani⁷
515 1644 557 1665 ne
574 1634 769 1665 existimate
785 1633 939 1665 fortunas

234 1690 270 1717 et
283 1685 408 1716 famam
424 1690 574 1716 vestram
590 1685 738 1725 pendere
759 1695 777 1715 a
794 1685 940 1715 versicu-

234 1737 297 1768 lis:
324 1735 366 1766 ab
384 1736 448 1766 illis
464 1734 628 1765 faciendis
653 1735 821 1774 tantisper
837 1735 941 1765 absti-

234 1791 329 1826 nete,
354 1790 413 1816 aut
437 1786 559 1816 saltem
586 1785 691 1816 bonos
718 1784 833 1816 facite.
896 1785 942 1816 At

234 1840 443 1867 mementote
476 1845 533 1865 vos
571 1844 690 1866 carere
722 1835 801 1866 Jani
838 1836 943 1866 oculis

236 1887 390 1928 adeoque
408 1886 612 1916 derisionem
629 1890 797 1917 secretam
821 1886 941 1917 timete

235 1947 351 1969 eorum
368 1937 533 1977 ipsorum,
556 1936 613 1977 qui
635 1946 749 1967 coram
776 1937 869 1968 vobis
885 1947 943 1978 ap—

234 1987 417 2030 plaudunt.

281 2040 416 2070 Posticoe
444 2039 565 2079 sannae]
605 2039 714 2070 Sanun
740 2044 792 2070 est
820 2039 945 2072 derisio

236 2089 331 2121 facta
354 2090 499 2120 distorto
517 2089 609 2119 vultu
626 2100 634 2127 ;
657 2091 787 2129 postica,
813 2100 888 2131 quae
906 2089 945 2121 fit

238 2145 316 2180 post
331 2142 365 2169 et
380 2149 400 2169 a
416 2143 512 2178 tergo
528 2138 671 2168 hominis
690 2138 804 2170 derisi.

281 2193 322 2221 63
366 2189 446 2224 Quis
470 2189 578 2229 populi
603 2199 701 2219 sermo
727 2190 797 2230 est]
835 2189 947 2229 Supra

237 2240 354 2277 habes,
379 2241 417 2270 de
444 2250 503 2277 me,
528 2244 607 2270 ante
635 2240 884 2280 parenthesim:
910 2239 945 2270 id

239 2295 306 2331 est,
321 2290 402 2332 quid
420 2290 461 2320 de
479 2289 562 2320 meis
581 2290 756 2321 versiculis
771 2290 875 2321 sentit
890 2301 947 2331 po-

240 2341 352 2381 pulus,
368 2340 447 2381 quid
466 2340 574 2370 dicit?
599 2341 710 2381 inquit
722 2340 835 2371 Poeta
850 2351 947 2372 vanae

241 2390 359 2431 gloriae
375 2389 564 2429 cupiditate
581 2395 790 2422 excaecatus.

287 2441 365 2476 Quis
381 2438 485 2471 enim?
510 2439 579 2480 iynx]
626 2442 710 2473 Quis
742 2442 826 2472 alius
857 2446 947 2472 esset

240 2491 362 2530 sermo,
386 2490 421 2521 id
438 2495 502 2530 est,
528 2490 608 2531 quid
624 2491 715 2521 aliud
733 2491 846 2521 dicere
871 2501 946 2531 pos-

242 2546 308 2580 set,
335 2541 399 2571 nisi
427 2541 599 2580 elegantes
626 2545 662 2571 et
685 2540 844 2571 sublimes
872 2550 945 2572 esse

242 2596 319 2623 tuos
334 2592 474 2622 versus?
501 2590 698 2630 Respondet
715 2590 880 2622 adulator.

285 2645 327 2674 64
356 2643 401 2673 Ut
414 2651 470 2682 per
488 2642 550 2672 leve
570 2639 703 2680 severos]
727 2641 813 2671 Tam
830 2641 947 2672 molles

244 2696 281 2723 et
307 2692 407 2733 politi
432 2696 511 2724 sunt
536 2691 587 2723 tui
614 2700 742 2732 versus,
768 2697 807 2723 ut
823 2692 947 2723 similes

993 1228 1061 1258 siut
1092 1227 1240 1265 levigato
1268 1224 1441 1263 marmori,
1479 1233 1579 1263 supra
1609 1222 1702 1264 quod

994 1279 1066 1309 siue
1088 1287 1221 1308 remora
1247 1277 1419 1308 ducuntur
1446 1280 1482 1307 et
1508 1273 1619 1305 fluunt
1642 1283 1702 1305 un-

994 1339 1087 1370 gues.

1037 1383 1078 1411 66
1102 1379 1289 1420 Rubricam]
1313 1378 1430 1410 Genus
1445 1381 1499 1408 est
1515 1381 1618 1408 terrae
1636 1375 1703 1407 fos·

995 1431 1078 1469 silis,
1103 1431 1224 1461 coloris
1251 1429 1357 1467 rubri,
1388 1438 1462 1469 quae
1488 1427 1635 1468 primum
1652 1435 1704 1457 re-

996 1486 1095 1522 perta
1120 1480 1162 1511 ad
1189 1480 1308 1511 urbem
1336 1479 1511 1519 Sinopem,
1539 1477 1582 1508 ad
1609 1477 1704 1508 littus

998 1532 1124 1562 Euxini
1149 1532 1250 1562 maris
1276 1531 1309 1561 in
1336 1528 1583 1570 Paphlagonia,
1613 1528 1704 1560 unde

996 1587 1137 1613 vocatur
1164 1582 1266 1612 etiam
1290 1581 1435 1620 Sinopis.
1482 1580 1572 1610 Plin.
1589 1588 1703 1610 xxxv.

997 1636 1028 1664 6.
1050 1633 1124 1663 brec
1141 1633 1234 1663 utilis
1252 1631 1295 1662 ad
1312 1631 1480 1662 notandas
1496 1630 1615 1670 lineas,
1639 1629 1704 1661 Ar-

995 1683 1163 1721 enitentis,
1180 1685 1243 1714 ἃς.

1042 1734 1137 1764 Oculo
1149 1733 1269 1771 dirigat
1285 1731 1359 1772 uno]
1384 1731 1588 1771 Metaphora
1604 1740 1623 1761 a
1640 1731 1705 1761 Fa-

997 1784 1078 1823 bris,
1107 1784 1164 1824 qui
1191 1783 1315 1814 lineam
1332 1781 1469 1813 ducturi
1499 1785 1639 1821 rectam,
1668 1785 1706 1813 et

997 1835 1084 1865 hanc
1103 1844 1162 1865 seu
1179 1838 1274 1865 creta
1297 1844 1356 1864 seu
1379 1834 1519 1864 rubrica
1544 1832 1707 1873 notaturi,

998 1886 1140 1916 alterum
1173 1885 1335 1916 claudunt
1364 1885 1512 1923 oculum,
1545 1894 1587 1915 ne
1619 1883 1708 1915 radii

999 1936 1141 1967 visuales
1159 1936 1402 1975 distrahantur,
1417 1940 1453 1965 et
1467 1935 1641 1965 aberrent.

1042 1991 1082 2019 67
1097 1988 1172 2019 Sive
1182 1999 1255 2029 opus
1266 1989 1296 2018 in
1309 1987 1422 2027 mores]
1439 1988 1517 2018 Sive
1527 1986 1707 2018 scribenda

1001 2038 1185 2070 Comoedia.
1241 2038 1295 2068 Ita
1326 2042 1422 2068 vetus
1451 2037 1648 2077 Interpres;
1672 2042 1708 2068 et

1000 2088 1057 2118 alii
1084 2088 1219 2128 quidam
1235 2087 1308 2127 ejus
1326 2087 1569 2118 auctoritatem
1585 2087 1706 2119 secuti.

1000 2139 1183 2179 Repugnat
1196 2137 1427 2177 Casaubonus,
1443 2143 1478 2168 ct
1489 2138 1607 2179 jungit
1623 2139 1708 2178 haec,

999 2190 1033 2220 in
1055 2200 1178 2228 mores,
1203 2189 1237 2220 in
1254 2190 1393 2227 luxum3
1419 2189 1640 2230 explicatque
1664 2189 1707 2220 de

999 2240 1123 2278 Satira,
1155 2250 1230 2280 quae
1262 2244 1343 2271 tuuc
1375 2239 1594 2271 usitatissima
1621 2244 1707 2279 erat,

1002 2301 1077 2322 cum
1096 2283 1221 2332 alioqui
1250 2291 1433 2322 Comoediae
1462 2290 1599 2330 scriptio
1622 2290 1708 2330 jam-

1001 2342 1134 2382 pridem
1151 2340 1273 2381 frigere
1291 2341 1499 2380 incoepisset.

1046 2392 1086 2422 In
1102 2392 1225 2432 luxum]
1260 2392 1346 2422 Haec
1364 2390 1468 2421 verba
1488 2390 1610 2421 Satirae
1637 2401 1707 2422 ma-

1002 2441 1123 2471 teriam
1143 2441 1261 2481 procul
1285 2441 1385 2471 dubio
1402 2440 1582 2471 exhibent:
1608 2441 1709 2482 sicut,

1002 2500 1124 2530 mores,
1161 2491 1359 2529 Comoediae,
1390 2501 1463 2531 quae
1496 2501 1626 2522 morum
1654 2497 1708 2523 est

1001 2540 1175 2580 expressio
1189 2545 1224 2570 et
1236 2541 1316 2571 vitae
1331 2541 1516 2571 communis
1532 2541 1708 2573 adumbra-

1002 2591 1059 2622 tio.
1105 2591 1275 2631 Siquidem
1294 2600 1344 2630 ea,
1362 2596 1400 2622 ut
1415 2601 1491 2622 mox
1509 2591 1593 2631 dixi,
1609 2602 1706 2633 sepa-

1001 2642 1107 2673 randa
1121 2648 1210 2673 suut.

1045 2693 1085 2724 Ιιι
1102 2692 1238 2734 prandia
1252 2692 1391 2733 Regum]
1435 2693 1515 2725 Sive
1530 2693 1709 2726 scribenda
