1888 3032
675 167 837 199 PERSH

119 262 451 301 wirnt—Quantum,
475 263 542 304 Sym]
574 262 735 294 Graecum
761 267 827 302 est,

120 313 194 345 ὅσον
208 312 246 344 τὸ
264 312 361 344 κενόν.
392 313 462 344 Vel.
491 313 642 344 Sela-0
669 316 828 354 quantum,

121 365 190 406 ξω]
228 364 269 396 Id
287 370 349 403 est,
368 366 502 398 Quanta
524 365 666 405 vanum,
684 365 830 396 stultitia

122 420 158 448 et
174 416 312 448 caecitas
330 422 381 447 est
399 417 433 447 in
449 416 549 448 rebus
565 417 717 448 humanis
731 416 738 446 !
765 416 829 447 Est

121 470 235 497 autem
263 467 362 507 plane
386 467 547 498 Graecum
572 466 646 497 ὅσον
669 465 706 496 τὸ
729 465 827 497 κενόν.

122 518 249 548 Verum
267 528 329 558 per
355 518 445 549 inane
471 518 533 548 hoc
557 517 631 548 loco
654 517 830 556 intelligit,

124 577 240 606 vanos,
253 569 376 600 stultos
393 573 428 599 et
442 568 637 599 ambitiosos
648 572 684 598 et
696 565 831 606 κενοδόξ-

121 629 184 657 ους,
214 619 248 649 id
280 624 344 658 est,
378 618 494 649 Inanis
527 618 643 657 gloriae
673 617 829 658 cupidos.

123 669 188 700 Vel
213 670 277 701 hoc
293 679 332 700 eo
354 673 501 709 spectat,
520 669 596 710 qnia
612 669 762 700 homines
777 678 830 699 res

122 721 197 752 illas
214 724 400 759 sectantur,
415 719 482 750 fine
498 719 601 750 inani.
628 719 760 750 casaub.

167 774 188 802 2
213 770 304 811 Quis,
317 769 386 810 ξω]
413 770 515 800 Hune
534 779 666 801 versum
683 770 723 801 de
735 769 832 801 Luci-

121 821 158 852 lii
177 821 286 862 primo
304 820 491 852 transtulit.
532 820 600 851 Vet.
617 820 832 859 sch—Quis,

123 871 193 911 ὄμκ]
219 871 304 902 Haec
316 881 399 911 ergo
414 870 540 901 verba:
560 870 640 906 Quis
653 871 733 910 leget
746 869 832 902 haec?

123 925 204 952 sunt
233 921 332 951 amici
361 931 420 951 seu
456 921 629 951 monitoris
655 921 831 961 cujusdam

125 971 245 1002 Persio
259 971 490 1012 praedicentiS,
505 971 594 1012 quod
608 981 735 1011 paucos
750 972 832 1002 Lec-

125 1025 218 1052 tores
234 1022 279 1052 sit
304 1021 491 1053 habiturus.
536 1021 642 1054 Quasi
658 1022 752 1053 dicat
765 1032 833 1053 mo-

126 1071 242 1102 nitor:
268 1071 430 1104 Quisnam
454 1072 518 1102 hoec
541 1075 611 1109 tua,
636 1073 723 1104 hanc
740 1077 832 1103 tuam

126 1121 284 1162 Satyram
310 1123 484 1162 supercilii
525 1127 559 1153 et
587 1133 739 1154 censurae
764 1123 834 1163 ple-

125 1182 215 1212 nam,
232 1173 294 1203 hoc
312 1178 481 1203 austerum
499 1177 593 1203 tuum
612 1173 750 1211 Poema,
767 1183 833 1214 quo

127 1228 163 1254 tu
193 1223 278 1254 vitia
305 1224 534 1254 Romanorum
571 1226 679 1261 taxas,
712 1223 832 1263 leget?

126 1274 347 1315 ——Mz'n’,55a]
369 1274 484 1304 Verba
500 1278 576 1304 sunt
591 1273 716 1313 Persii,
733 1273 834 1304 amici

128 1323 305 1355 monitoris
335 1333 419 1354 voce
441 1322 533 1364 quasi
558 1323 696 1354 attoniti
719 1328 754 1354 et
777 1323 833 1354 ob·

128 1373 328 1415 stupefacti.
375 1374 511 1405 Irouiee
555 1378 669 1404 autem
708 1383 742 1404 se
790 1373 834 1404 ob

129 1423 163 1454 id
191 1424 387 1464 perturbari
408 1424 555 1462 siinnlat,
583 1423 673 1463 quod
690 1424 835 1454 lectores

129 1482 195 1504 non
213 1473 256 1503 sit
284 1472 474 1510 habiturus,
498 1483 540 1503 ex
567 1483 660 1504 more
676 1482 836 1503 vanorum

130 1524 338 1564 reliquorum
369 1523 739 1563 Poetarum—Nemo,
770 1524 838 1564 ἐξα]

130 1573 331 1613 Respondet
355 1574 482 1604 amicus
504 1574 663 1612 monitor,
690 1578 724 1603 et
747 1573 837 1614 quod

130 1623 284 1664 superins
301 1623 448 1664 dixerat,
469 1625 638 1654 neminem
658 1625 764 1655 Persii
782 1625 838 1656 Sa-

131 1679 223 1714 tyras
246 1675 428 1713 lecturum,
449 1675 521 1715 jam
541 1675 736 1715 juramento
752 1676 839 1706 ulte-

132 1725 202 1756 rius
230 1725 422 1756 contirmat.
485 1726 592 1758 Quasi
631 1726 742 1757 dicat:
783 1726 840 1757 Ita

131 1775 284 1806 Hercule
313 1775 464 1806 futurum
496 1782 560 1815 est,
595 1777 704 1815 Persi,
741 1787 839 1807 nemo

133 1825 207 1856 haec
235 1830 293 1856 tua
323 1827 452 1866 scripta
485 1827 609 1858 tetrica
633 1837 839 1867 magnopere

135 1877 280 1908 curabit.
304 1877 417 1908 Lubin.

178 1929 197 1958 3
227 1928 368 1967 Vestina]
393 1929 560 1960 Quoniam
591 1929 717 1960 amicus
733 1930 840 1960 moni-

133 1981 190 2008 tor
205 1978 361 2009 Persium
381 1984 561 2019 tantopere
585 1980 776 2020 perturbari
794 1980 841 2010 vi-

135 2027 208 2066 det,
222 2029 311 2068 quod
327 2030 491 2060 neminem
507 2040 543 2061 se
556 2031 717 2061 lectorem
728 2031 841 2061 inven-

136 2082 249 2108 turum
279 2079 415 2119 dixerit,
435 2081 507 2120 jam
528 2081 562 2111 in
579 2081 842 2112 consolationem

138 2129 231 2169 quasi
262 2129 345 2159 duos
371 2136 430 2161 aut
461 2131 503 2161 ad
528 2142 692 2162 summum
719 2137 788 2162 tres
813 2132 842 2161 ei

136 2179 306 2219 indulget.
353 2180 417 2209 Srd
448 2186 566 2211 auctor
591 2191 633 2211 ex
661 2181 842 2221 indignati-

138 2238 201 2260 one
219 2229 374 2269 Satyrica
392 2230 561 2268 simulata,
581 2231 645 2260 hoc
663 2231 843 2260 interrum-

139 2278 203 2319 pit,
232 2284 270 2309 nt
297 2279 445 2309 monitor
473 2279 555 2309 illnd
581 2281 721 2310 verbnm
742 2281 844 2320 (tres)

138 2328 252 2369 eloqui
281 2338 346 2358 non
376 2330 536 2368 potuerit.
551 2348 592 2352 —›
607 2330 720 2369 Nemo]
768 2330 844 2360 Hoc

139 2381 291 2419 tertium,
310 2380 419 2417 Nemo,
437 2381 548 2410 Persii
576 2386 639 2419 cst,
661 2392 727 2422 quo
745 2381 847 2411 moni-

138 2431 223 2462 toris
243 2431 347 2461 verba
372 2431 516 2461 maxima
541 2432 642 2461 annui
672 2431 846 2462 commoti-

141 2490 204 2512 one
230 2481 463 2521 perturbatus,
495 2482 587 2521 quasi
616 2481 845 2521 interrumpit.

140 2531 226 2562 Post
250 2532 297 2562 vel
325 2532 428 2570 igitur
452 2537 614 2571 punctum
632 2532 845 2563 inserendum

142 2589 216 2611 esse
242 2581 315 2611 vult
346 2582 508 2612 Lubinus.
569 2582 610 2612 Iu
644 2582 846 2612 membranis

143 2629 343 2669 Casauboni‚
370 2637 460 2662 totus
485 2632 621 2673 quidem
648 2642 762 2663 versus
780 2643 848 2663 uio-

142 2678 244 2711 nitori
260 2679 432 2721 tribuitur,
454 2683 573 2713 ultuma
589 2692 672 2714 voce
687 2688 846 2723 excepta.

142 2730 306 2771 -Turpe‚
316 2731 385 2771 Esca]
419 2732 499 2764 Non
516 2733 635 2765 Persio
651 2733 848 2765 adscriben-

900 167 1003 198 SAT.
1038 167 1070 198 1.
1498 158 1582 201 195

879 261 921 293 da
936 262 1009 293 liaec
1027 266 1104 294 sunt
1121 271 1196 294 cum
1215 262 1316 303 vulgo
1332 261 1557 304 interpretum
1573 276 1583 296 ε

879 313 939 344 sed
956 313 1030 354 ejus
1046 312 1217 354 familiari,
1231 323 1290 344 seu
1306 314 1476 353 monitori,
1493 324 1584 346 men-

879 367 948 395 tem
966 374 1059 395 suam
1077 365 1208 405 plenius
1220 364 1583 406 explicanti.—-Turpe‚

878 415 945 455 ssa]
984 415 1079 454 Ideo,
1097 425 1162 446 non
1181 416 1259 456 quia
1274 415 1396 447 nemini
1410 415 1454 447 sit
1470 415 1584 457 profu-

880 470 975 495 turus
1003 465 1115 496 Persii
1140 465 1248 506 labor,
1272 476 1388 497 verum
1413 467 1491 508 quia
1512 468 1586 499 nul-

880 514 945 544 lam
963 515 1094 545 auctori
1123 516 1264 555 gratiam
1292 521 1350 547 aut
1375 517 1517 557 gloriam
1540 517 1586 549 sit

880 565 1055 596 allaturus.
1100 565 1189 596 Illud
1218 566 1311 606 prius
1326 566 1514 606 sapientem
1527 577 1586 608 po·

881 619 970 646 terat
988 625 1140 646 movere:
1163 616 1227 647 hoc
1253 617 1421 656 posterius
1433 618 1513 658 jure
1529 626 1586 649 ex-

882 666 1033 706 ploditur
1052 677 1070 697 a
1086 666 1387 707 Persio—Quare]
1412 668 1504 700 Quid
1520 672 1585 709 est,

882 718 993 759 inquit
1017 719 1168 759 Persius,
1197 729 1256 750 cur
1284 724 1383 760 turpe
1401 725 1436 751 et
1452 720 1587 751 misera-

883 767 950 799 bile
974 769 1191 809 pronuncies,
1218 770 1246 800 si
1275 770 1415 810 satyras
1439 770 1586 801 scribam

883 828 966 859 quas
994 828 1092 850 nemo
1123 820 1167 850 sit
1198 820 1370 851 lecturus?
1400 830 1523 861 nempe
1540 821 1588 853 ita

876 869 1023 910 judicas,
1039 870 1081 900 de
1105 870 1356 901 existimatione
1375 880 1451 902 mea
1473 876 1586 902 aetum

884 929 957 950 esse
973 924 1009 950 et
1036 919 1195 959 fortunis,
1221 920 1248 950 si
1275 921 1438 960 pessimus
1452 921 1587 952 audiam

882 970 1083 1010 Poetarum,
1106 975 1141 1001 et
1166 970 1299 1001 libellos
1328 980 1420 1001 meos
1435 971 1489 1002 vel
1504 972 1590 1002 Po'e‘-

882 1020 981 1052 matis
1014 1021 1195 1060 Labeonis,
1225 1031 1324 1061 quem
1355 1021 1439 1062 legit
1477 1031 1589 1061 nemo,

883 1076 1094 1112 postponant
1135 1071 1229 1103 Nero
1269 1076 1304 1102 et
1328 1071 1384 1102 alii
1413 1081 1586 1111 proceres,

885 1123 1188 1164 Casuum—Quare]
1226 1123 1377 1154 Lubinus
1415 1123 1488 1154 vult
1525 1123 1589 1154 hoe

884 1184 957 1205 esse
973 1174 1112 1205 verbum
1125 1174 1222 1205 amici
1237 1173 1423 1210 monitoris,
1434 1173 1589 1204 Persium

884 1225 979 1265 quasi
997 1225 1216 1256 consolaturi.
1241 1224 1347 1258 Quasi
1365 1224 1480 1255 dicat:
1501 1223 1590 1254 Nam

883 1275 960 1314 hoc,
976 1285 994 1306 o
1011 1275 1122 1314 Persi,
1138 1279 1239 1315 turpe
1256 1279 1290 1306 et
1307 1273 1498 1305 miserabile
1515 1282 1590 1305 esse

885 1325 981 1363 dicis,
998 1331 1034 1357 et
1048 1330 1227 1366 tantopere
1241 1325 1438 1365 indignaris.

927 1379 948 1407 4
971 1375 1156 1417 Labeonem]
1190 1375 1306 1406 Labeo
1324 1374 1498 1406 transtulit
1513 1374 1592 1405 Ilia-

886 1426 929 1457 da
956 1432 992 1458 et
1018 1427 1208 1467 Odysseam
1237 1425 1378 1457 verbum
1405 1435 1447 1456 ex
1473 1425 1592 1463 verbo,

886 1476 1030 1507 ridicule
1042 1476 1135 1515 satis,
1148 1477 1237 1517 quod
1251 1476 1351 1506 verba
1365 1475 1478 1516 potius
1493 1485 1593 1516 quam

888 1535 1018 1556 sensum
1036 1530 1173 1557 secutus
1190 1525 1247 1556 sit.
1277 1525 1360 1565 Ejus
1385 1528 1437 1555 est
1452 1525 1508 1555 ille
1522 1534 1594 1555 xer-

889 1586 964 1607 sus:
991 1577 999 1593 ‘
1016 1576 1166 1607 Crudum
1192 1576 1379 1607 manduces
1405 1575 1594 1611 Priamum,

889 1626 1084 1667 Priamique
1114 1626 1294 1657 Pisinnos!
1334 1625 1402 1657 Vet.
1423 1624 1595 1655 Sch.—-Ne

888 1677 981 1718 mihi]
1007 1677 1159 1708 Hoc-cine
1191 1677 1278 1708 adeo
1302 1676 1461 1707 miserum
1485 1681 1550 1715 est,
1568 1676 1596 1705 si

890 1733 927 1758 ut
964 1728 1098 1760 Hector
1129 1727 1296 1769 quondam
1328 1727 1526 1764 verebatur,
1553 1736 1595 1756 ne

895 1777 1111 1818 Polydamas,
1134 1778 1182 1808 fil.
1206 1776 1402 1816 Antenoris,
1423 1776 1533 1807 Troes
1561 1780 1595 1806 et

889 1828 1045 1868 Trojanae
1068 1828 1228 1858 mulieres
1254 1825 1486 1865 ἑλκεσὶπεπλοι,
1510 1826 1597 1867 (Ho-

889 1887 974 1908 mer.
992 1878 1090 1909 Iliad.
1111 1877 1163 1918 x.)
1186 1878 1296 1918 ipsum
1313 1878 1445 1908 Achille
1461 1875 1597 1908 inferio-

891 1937 961 1958 rem
986 1932 1177 1967 censerent,
1204 1927 1231 1958 si
1263 1937 1298 1958 se
1316 1927 1487 1967 reciperet
1509 1927 1599 1957 intra

892 1986 1002 2008 muros
1020 1986 1096 2008 cum
1113 1977 1247 2008 caeteris
1261 1977 1413 2016 Trojanis
1431 1986 1440 2012 ;
1464 1984 1526 2015 ego
1543 1975 1598 2006 iti-

893 2027 970 2058 dem
989 2037 1134 2066 vererer,
1147 2036 1190 2057 ne
1209 2027 1300 2058 Nero
1315 2031 1350 2057 et
1364 2026 1482 2057 molles
1495 2030 1598 2067 atque

894 2077 979 2108 adeo
995 2076 1191 2108 effaeminati
1211 2077 1413 2117 Trojugenae
1437 2076 1598 2117 praetule·

895 2128 962 2159 rint
981 2127 1059 2158 mihi
1076 2127 1213 2158 Actium
1231 2127 1434 2166 Labeonem,
1447 2127 1502 2167 qni
1521 2126 1599 2157 Ilia-

895 2178 954 2209 ‹las
968 2178 1111 2209 Homeri
1127 2177 1243 2218 inepte
1261 2178 1443 2208 transtulit.
1465 2177 1598 2207 Furnuh.

895 2229 1143 2269 ——Polydamuss
1179 2229 1264 2258 Erat
1298 2226 1386 2257 filius
1411 2226 1599 2258 Antenoris

895 2281 1038 2311 imbellis
1055 2286 1090 2311 et
1105 2281 1256 2320 ignavus.
1302 2279 1371 2309 Per
1399 2279 1487 2309 hunc
1506 2284 1598 2309 recte

897 2339 931 2362 et
947 2331 1128 2371 allegorice
1145 2330 1314 2361 Neronem
1329 2329 1502 2369 intelligit.
1540 2328 1604 2359 Lu·

897 2381 1168 2421 isim—Troiades]
1216 2380 1302 2410 Sunt
1333 2379 1491 2410 mulieres
1521 2379 1602 2409 Tro-

892 2433 996 2472 jauae,
1011 2431 1166 2472 Satyrice
1185 2441 1246 2472 pro
1261 2431 1425 2471 Trojanis.
1475 2430 1602 2461 Home-

899 2493 953 2513 rus
971 2483 1171 2524 simpliciter
1186 2483 1283 2523 Τρῶες
1299 2481 1349 2512 καὶ
1364 2479 1510 2522 Τρωάδες,
1527 2489 1602 2509 sex—

898 2544 934 2563 u<
953 2540 1114 2574 uterque:
1140 2534 1199 2564 sed
1224 2532 1401 2564 mollitiem
1433 2530 1601 2560 Romano-

896 2594 969 2614 rum
988 2584 1099 2614 obiter
1111 2583 1225 2623 carpit
1238 2581 1388 2612 Persius.
1415 2578 1545 2609 Cusaub.

940 2637 959 2664 5
986 2633 1105 2673 Nugce]
1128 2632 1256 2673 Rejicit
1272 2630 1411 2662 Persius
1428 2628 1543 2658 datum
1561 2627 1603 2657 si-

898 2685 933 2715 bi
970 2684 1159 2721 consilium,
1189 2686 1224 2712 et
1252 2689 1387 2711 causam
1416 2677 1602 2718 subjungit.

898 2735 1014 2774 Erras,
1030 2733 1152 2773 inquit,
1167 2732 1194 2762 si
1211 2731 1245 2760 in
1260 2727 1483 2760 aestimatione
1501 2727 1603 2759 bono-
