1888 3032
262 147 351 190 226

264 254 328 288 bus
355 253 434 285 Diis
457 253 534 287 illos
558 248 791 283 ostenderent.
838 245 971 278 casaub.

265 304 366 343 —Et‚
389 302 459 343 Bran]
494 301 533 332 Id
555 303 620 340 est,
664 298 766 338 Spem
794 295 838 328 de
865 305 972 337 puero

264 355 400 390 exilem,
416 352 550 383 dubiam
569 356 605 382 et
621 349 790 381 fallacem.
835 347 972 388 Suppli-

265 407 352 437 citer
367 404 470 443 igitur
487 406 574 440 orat,
599 406 637 433 ut
655 401 751 432 dives
778 397 916 437 evadat,
934 402 972 429 ut

266 455 415 486 Licinius
427 455 479 484 vel
493 450 799 492 Crassus-Spem,
815 448 885 489 Esca]
901 448 973 479 Alii

266 515 329 548 per
355 505 602 545 Metonymiam
633 512 727 542 spem
767 510 828 541 pro
866 509 972 542 puero

267 556 453 596 explicant,
471 564 535 585 non
552 555 650 584 male.
695 552 808 584 Lubin.

309 609 351 637 36
378 604 564 645 Nunc‚85·c.]
588 603 738 635 Licinius
765 603 906 634 Crassus
924 602 974 633 in-

266 662 318 688 ter
348 656 520 687 Romanos
560 652 859 694 locupletissimus,
897 650 974 682 ideo

268 708 363 738 dives
380 706 654 747 cognominatus.
702 703 770 733 Alii
786 702 905 733 volunt
921 701 975 732 Li-

266 757 391 789 cinium
408 763 583 787 tonsorem
597 764 637 785 ac
652 753 815 785 libertum
827 752 974 793 Augusti

266 809 410 840 Caesaris
426 806 608 845 significari
625 804 859 846 praedivitem:
879 803 976 844 cujus

266 859 512 890 monimentum
539 861 588 888 est
616 855 759 897 pretiosi
785 855 897 896 operis
924 854 976 885 via

266 909 397 941 Salaria
414 918 523 949 prope
540 907 668 945 urbem,
693 905 736 937 ad
758 905 908 946 lapidem
926 915 976 936 se·

266 960 428 992 eundum.
485 960 540 990 De
569 959 633 989 hoc
668 967 734 988 non
761 957 976 987 invenustum

267 1010 432 1042 Varronis
459 1010 678 1050 Epigramma
701 1007 834 1038 fertur:
859 1009 867 1023 ‘
885 1008 975 1038 Mar-

266 1070 382 1092 moreo
397 1060 534 1091 Licinus
551 1059 681 1090 tumulo
693 1059 809 1099 jacet:
836 1062 871 1088 at
889 1058 975 1089 Cato

268 1121 373 1152 parvo
389 1121 396 1141 :
423 1111 611 1151 Pompejus
627 1110 730 1140 nullo.
777 1109 863 1142 Quis
877 1112 977 1149 putet

267 1171 341 1193 esse
365 1162 460 1192 Deos
473 1161 494 1191 ?'
552 1161 621 1192 Vet.
653 1159 881 1199 Sem—Nunc,
907 1159 975 1199 Suu]

266 1214 394 1245 Votum
410 1222 471 1253 pro
489 1212 630 1243 divitiis.
658 1210 773 1242 Latini
790 1210 976 1251 scriptores

267 1264 310 1295 ad
326 1263 522 1304 exemplum
536 1262 792 1300 ditissimorum,
806 1260 976 1292 Licinium

268 1320 304 1346 et
322 1315 479 1346 Crassum
505 1313 692 1352 nominant,
718 1316 757 1343 ut
773 1316 808 1342 et
823 1311 876 1341 hic
894 1312 976 1342 Per-

267 1366 347 1397 sius.
392 1366 462 1396 Per
490 1365 620 1404 Campos
650 1363 781 1401 Licinii,
801 1366 974 1393 vetustum

269 1416 431 1457 intelligit
456 1416 622 1446 Licinium
650 1414 837 1452 Stolonem,
854 1412 910 1453 qni
932 1412 975 1442 ob

270 1476 426 1508 possessa
455 1476 531 1497 011111
559 1465 628 1496 filio
660 1465 729 1504 agri
760 1464 885 1504 jugera
922 1463 975 1493 010

268 1518 449 1549 damnatus
466 1521 540 1548 est:
577 1516 665 1547 sicut
682 1525 744 1556 per
769 1516 851 1546 <edes
869 1514 978 1545 Crassi

269 1580 352 1610 opes
377 1570 582 1601 denotantur
610 1568 699 1598 1111115
725 1567 851 1606 Crassi,
875 1575 976 1607 quem

269 1624 416 1651 testatur
446 1620 481 1650 in
507 1620 579 1650 vita
605 1618 822 1656 Plutarchus,
847 1615 976 1646 crebris

269 1671 444 1702 domorum
471 1670 700 1710 emptionibus
718 1679 757 1699 ac
773 1667 977 1698 venditioni-

268 1722 345 1759 bus,
371 1721 527 1761 ingentes
558 1719 756 1760 quaesivisse
786 1717 849 1748 sibi
881 1726 976 1757 opes.

272 1769 577 1808 Casaub.——Crassi]
596 1768 663 1800 Alii
680 1769 790 1798 Croesi.
815 1769 872 1798 De
886 1767 977 1797 Mar·

270 1831 311 1852 co
328 1821 451 1851 Crasso
468 1820 575 1849 divite
590 1808 866 1858 intelligendum.v
908 1817 977 1847 Alii

270 1871 439 1903 Licinium
480 1871 636 1902 Crassum
675 1868 882 1909 intelligunt⁷
919 1867 976 1908 qui

269 1922 408 1962 negavit
423 1930 615 1961 quenquam
642 1929 718 1950 esse
736 1919 889 1959 divitem,
911 1919 975 1949 uisi

270 1973 328 2014 qui
355 1973 524 2011 integrum
549 1971 739 2002 exercitum
766 1980 827 2010 per
852 1979 976 2000 annum

271 2024 339 2054 suis
368 2023 533 2054 sumtibus
573 2022 680 2063 possit
712 2022 818 2061 alere,
855 2025 893 2052 ut
931 2021 976 2052 sit

268 2074 376 2114 figura
393 2073 425 2104 ἓν
436 2073 485 2104 διὰ
500 2074 591 2113 δυοῖν.
636 2071 749 2103 Lubin.

313 2128 353 2156 37
380 2123 567 2163 Hunc,&c.]
594 2122 976 2154 Votamuliercularum

269 2181 304 2208 et
322 2178 510 2207 vetularum
529 2185 588 2216 pro
605 2174 721 2205 liberis
743 2177 778 2203 et
797 2172 976 2212 nepotibus

272 2227 338 2258 suis
363 2228 468 2258 stulta
494 2231 529 2257 et
555 2225 708 2262 ridicula,
734 2229 771 2255 ut
799 2228 916 2263 gratus
940 2227 977 2253 et

270 2277 434 2309 formosus
452 2277 590 2316 evadat,
605 2276 690 2306 adeo
708 2280 745 2306 ut
759 2284 857 2315 reges
872 2274 975 2305 etiam

270 2328 344 2368 ejus
360 2329 572 2359 adfinitatem
590 2327 748 2358 certatim
771 2326 976 2357 ambiente—

273 2379 405 2418 Puellae]
441 2380 491 2409 De
519 2379 576 2408 illo
603 2378 739 2417 litigent
770 2381 807 2408 et
836 2381 977 2408 conten-

272 2429 365 2460 dant.
412 2429 525 2458 Lubin.

313 2482 356 2510 38
372 2477 527 2518 Rapiant]
543 2477 693 2517 Propter
710 2475 974 2517 pulcritudinem

272 2533 308 2562 et
335 2530 489 2570 gratiam,
516 2532 552 2558 ut
577 2526 770 2567 Ganymedi
795 2530 829 2555 et
854 2526 974 2555 ssoreae

272 2578 644 2621 contigit.-Quicquid
671 2574 852 2614 calcarerit]
878 2574 974 2604 Adeo

272 2631 383 2662 omnia
410 2629 581 2661 desideria
598 2633 633 2658 et
650 2626 803 2658 Charites
827 2635 902 2655 eum
920 2634 975 2655 co-

271 2681 450 2720 mitentur,
476 2685 514 2711 ut
542 2679 600 2710 ubi
626 2678 680 2709 vel
706 2677 828 2718 pedem
851 2675 976 2715 fixerit,

272 2732 432 2764 continuo
447 2730 529 2763 inde
544 2729 643 2766 violae
657 2733 693 2762 et
710 2737 796 2759 rosae
812 2735 977 2758 enascan-

725 151 866 182 NOTAE
902 149 1167 182 VARIORUM
1199 150 1251 180 IN

1024 248 1092 278 tur.
1137 245 1201 277 Est
1224 243 1479 286 hyperbolicum
1508 248 1623 276 votum
1650 251 1729 276 cum

1024 296 1216 338 proverbio,
1231 305 1299 337 quo
1326 299 1480 328 extrema
1494 295 1640 327 felicitas
1662 295 1730 336 sig-

1024 348 1195 380 nificatur.
1242 347 1339 378 Idem.

1067 403 1110 431 39
1132 399 1205 439 Ast,
1218 398 1288 439 mn]
1312 397 1528 438 Apostrophe
1552 403 1588 430 et
1613 398 1731 439 appel-

1024 451 1107 482 latio
1132 450 1175 481 ad
1199 450 1321 482 Jovem
1348 448 1591 489 indignationis
1617 450 1729 490 plena,

1025 513 1092 544 qua
1120 502 1228 534 delira
1250 500 1441 543 hujusmodi
1469 505 1549 531 vota
1573 505 1649 532 rata
1663 509 1732 531 non

1025 563 1100 585 esse
1131 553 1260 585 debere
1290 552 1392 584 docet
1423 561 1465 582 ex
1501 551 1731 582 dissimilibus.

1026 604 1144 635 Lubz'n.
1189 604 1241 635 Eo
1268 602 1474 644 significans,
1501 611 1567 633 non
1592 601 1655 632 nisi
1681 611 1732 632 sa-

1026 654 1253 695 pientissimos
1290 653 1379 684 viros
1406 652 1524 684 orandi
1555 652 1733 683 scientiam

1026 709 1156 737 tenere.
1204 703 1523 743 casaub.-Negato,
1545 703 1615 743 θα]
1638 702 1733 733 Prae-

1026 756 1142 787 sertim
1157 765 1234 787 cum
1249 755 1338 786 bona
1364 764 1430 785 non
1451 758 1561 795 petat,
1577 753 1637 784 sed
1655 763 1732 785 011111

1027 807 1118 838 illius
1149 805 1240 846 εὐχαὶ
1270 804 1351 846 ἅραι,
1381 805 1436 835 vel
1464 814 1539 835 cum
1570 814 1637 835 non
1665 804 1734 835 sint

1027 869 1158 900 preces,
1189 858 1249 890 sed
1281 857 1545 899 imprecationes
1575 861 1611 887 et
1638 856 1734 888 dirae.

1026 910 1265 941 Lubin.—Non
1292 908 1418 948 mando]
1452 907 1566 938 Verbo
1587 916 1666 938 usus
1681 911 1736 938 est

1028 961 1236 1001 aruspicum,
1249 970 1325 991 cum
1345 960 1394 990 eis
1411 958 1557 990 dicitur:
1583 958 1591 974 ‘
1605 957 1734 989 Mando

1028 1010 1102 1051 tibi,
1140 1015 1178 1041 ut
1214 1010 1394 1040 maximum
1433 1009 1554 1041 Jovem
1596 1007 1736 1040 audias!

1028 1061 1077 1092 Ut
1104 1060 1388 1102 quemadmodum
1413 1058 1660 1100 procurationis
1683 1067 1734 1089 as-

1028 1111 1132 1142 sertio
1155 1110 1206 1148 fit,
1237 1111 1285 1141 ita
1311 1110 1371 1142 fiat
1397 1114 1433 1141 et
1457 1110 1491 1140 in
1513 1108 1626 1150 530115,
1648 1108 1735 1140 etin

1027 1171 1144 1203 prece.
1195 1161 1357 1193 Vet.Sch.

1081 1216 1123 1245 40
1171 1213 1334 1253 Quamvis,
1366 1212 1435 1253 ᾄσῃ]
1481 1212 1642 1245 Quamvis
1679 1211 1734 1243 vel

1027 1263 1174 1295 maxime
1206 1263 1366 1304 religiosa
1401 1267 1438 1294 et
1467 1262 1614 1302 solicita,
1641 1271 1734 1292 more

1027 1313 1292 1345 sacrificantium
1308 1313 1461 1345 candidis
1469 1313 1620 1344 vestibus
1634 1321 1735 1352 opem

1027 1369 1119 1396 tuam
1135 1365 1337 1405 implorarit.
1380 1364 1495 1394 Prisci
1511 1364 1543 1394 in
1558 1362 1735 1394 sacrificiis

1027 1415 1173 1447 candida
1189 1419 1286 1446 veste
1302 1414 1501 1445 utebantur.
1548 1413 1663 1445 Lubin.

1069 1468 1110 1496 41
1152 1465 1271 1504 Poscis,
1298 1464 1366 1505 εἵς-0.]
1407 1464 1639 1505 Reprehendit
1671 1465 1736 1496 huc

1028 1526 1135 1557 usque
1150 1515 1256 1556 impia
1271 1515 1442 1546 hominum
1456 1519 1537 1546 vota
1552 1518 1588 1546 et
1603 1514 1735 1546 illicita.

1028 1566 1272 1607 Exagitatjam
1285 1567 1392 1597 stulta
1406 1569 1484 1596 vota
1498 1565 1738 1605 Romanorum,

1029 1618 1085 1659 qui
1102 1627 1161 1649 sua
1177 1616 1444 1657 intemperantia
1467 1616 1555 1647 votis
1572 1615 1737 1656 officiant,

1029 1670 1086 1710 qui
1104 1669 1226 1701 bonam
1242 1669 1487 1708 valetudinem,
1501 1669 1603 1699 robur
1617 1673 1651 1700 et
1666 1669 1736 1700 lon-

1029 1730 1106 1760 gam
1136 1721 1239 1751 vitam
1268 1730 1288 1750 a
1317 1719 1393 1750 Diis
1427 1719 1605 1759 petebant,
1635 1729 1735 1760 quam

1027 1771 1137 1801 nimiis
1152 1771 1260 1812 epulis
1274 1771 1338 1801 sibi
1352 1770 1413 1810 ipsi
1427 1769 1604 1801 tollebant.
1629 1770 1736 1802 Quasi

1028 1820 1142 1852 dicat:
1178 1820 1358 1853 Quomodo
1386 1824 1502 1860 potest
1533 1820 1614 1850 illud
1641 1820 1735 1852 Deus

1028 1871 1122 1910 dare,
1136 1871 1227 1913 quod
1250 1876 1289 1902 tu
1314 1880 1375 1911 per
1390 1880 1551 1901 summam
1566 1870 1736 1902 luxuriam

1027 1923 1180 1963 prodigis
1195 1921 1366 1962 ?—Opem]
1411 1920 1596 1960 Auxilium,
1632 1921 1736 1952 robur

1028 1977 1063 2004 et
1100 1972 1347 2004 firmitudinem
1382 1971 1736 2012 corporis—Nervis]

1029 2023 1208 2062 Membris,
1223 2022 1345 2062 quibus
1363 2022 1412 2051 vis
1437 2025 1472 2051 et
1495 2021 1599 2051 robur
1615 2030 1734 2061 corpo-

1029 2072 1074 2103 ris
1104 2072 1321 2109 continetur3
1356 2070 1436 2101 inde
1467 2071 1644 2110 νευρυῦσθαι
1671 2079 1734 2111 pro

1028 2123 1407 2162 firniai·i.—Corpusque‚
1428 2121 1497 2161 fisa]
1522 2123 1652 2153 Bonam
1678 2131 1734 2153 va-

1029 2172 1229 2212 letudinem,
1245 2183 1320 2214 quae
1350 2182 1392 2202 ne
1418 2172 1450 2202 in
1470 2176 1647 2204 senectute
1665 2172 1734 2213 qui-

1029 2225 1108 2255 dem
1121 2228 1158 2255 te
1174 2223 1331 2262 deserat3
1356 2222 1390 2253 id
1407 2228 1471 2262 est,
1489 2223 1735 2265 1111311110ηὲεο-

1029 2285 1117 2306 vam.
1165 2274 1263 2305 Idem.

1070 2328 1113 2356 42
1152 2325 1241 2363 Esto,
1267 2325 1339 2365 age]
1377 2323 1561 2355 Permissio
1592 2327 1628 2354 et
1654 2334 1734 2355 con-

1028 2376 1146 2407 cessio.
1193 2375 1298 2408 Quasi
1325 2374 1437 2405 dicat:
1472 2374 1549 2404 Non
1577 2373 1733 2413 improbo

1028 2426 1128 2460 bona.
1143 2435 1218 2466 quae
1232 2429 1268 2455 tu
1284 2424 1418 2465 quidem
1430 2424 1503 2464 jain
1519 2422 1618 2463 petis.
1643 2423 1732 2454 Nam

1027 2478 1036 2493 ‘
1056 2475 1232 2506 Orandum
1258 2479 1310 2505 est
1335 2478 1373 2504 ut
1400 2473 1444 2504 sit
1471 2482 1566 2503 mens
1593 2482 1674 2503 sana
1699 2473 1733 2503 in

1028 2535 1169 2565 corpore¹
1182 2523 1406 2562 sanos—Sed,
1418 2524 1487 2563 ἔφα]
1504 2523 1609 2554 Quasi
1622 2523 1732 2555 dicat:

1027 2575 1075 2605 Ut
1092 2575 1144 2604 vvl
1162 2574 1306 2604 maxime
1331 2572 1391 2603 tibi
1419 2573 1524 2603 velint
1543 2573 1617 2604 haec
1643 2573 1732 2605 bona

1027 2625 1095 2656 Dei
1112 2625 1192 2655 boni
1209 2624 1340 2664 largiri,
1354 2630 1389 2654 et
1406 2629 1478 2654 tuas
1495 2633 1613 2664 preces
1629 2635 1732 2655 exau-

1027 2676 1113 2714 dire,
1124 2674 1290 2716 quomodo
1304 2679 1458 2715 possunt,
1471 2684 1544 2706 cum
1558 2679 1594 2706 tu
1609 2675 1731 2706 bonam

1027 2726 1272 2768 valetudinem,
1285 2735 1383 2767 quam
1400 2735 1487 2768 oraS,
1512 2727 1592 2768 gula
1607 2730 1643 2757 et
1656 2735 1732 2758 cra·
