1888 3032
704 155 884 186 SATIRA
918 157 961 186 V.

116 250 343 300 Intumuit,
367 262 500 303 quam
520 261 610 289 non
633 250 866 290 extinxerit
885 263 992 291 uma
1015 250 1170 291 cicutae
1187 252 1206 291 ‘l

1489 146 1571 187 147

1489 251 1574 291 145

115 318 226 359 Tun’
244 330 361 358 mare
382 318 630 357 transilias?
662 317 757 365 tibi,
780 320 892 357 torta
912 318 1103 357 cannabe
1119 317 1243 366 fulto,

117 383 256 425 Coena
275 385 329 425 sit
349 386 391 424 in
412 385 628 425 transtro?
662 383 1037 437 Veientanumque
1058 386 1270 426 rubellum

116 450 304 492 Exhalet
324 451 491 504 vapida
511 451 668 492 laesum
686 451 785 504 pice
805 450 953 490 fissilis
973 452 1120 492 obba?

111 591 172 611 non
186 582 350 612 sedai-erit.
395 581 446 612 An
471 590 553 611 vero
580 584 614 610 tu
641 590 725 610 mare
753 578 968 610 transcurras?
994 580 1045 611 Au
1062 585 1096 611 tu
1112 592 1224 612 coenam
1244 583 1344 621 capies
1369 583 1400 614 in
1426 586 1573 620 transtro,

113 623 294 661 nixusfune
309 623 450 655 intorto?
485 623 539 653 An
567 626 596 653 et
623 633 676 653 vus
697 624 801 654 sedere
826 627 933 663 potens
948 624 1069 654 emittat
1086 624 1147 654 tibi
1173 625 1309 654 odorem
1340 625 1406 656 viui
1431 626 1573 656 subrubri

119 666 282 697 Veientani
294 667 362 706 pice
370 665 489 703 swlida
505 664 671 705 corrupti!
706 666 828 706 Ecquid
843 664 1003 698 intendis?
1036 667 1091 697 An
1107 670 1142 697 ut
1158 667 1285 707 nummi,
1303 677 1373 708 qnos
1388 668 1437 699 ln‘c
1452 671 1573 700 alacrus

733 761 845 772 eeeeee

850 761 963 772 ιιιιιι

114 826 218 855 -145
242 826 320 865 quod
336 834 394 855 non
414 825 478 855 Ms-
498 825 576 856 Gal.
593 830 628 857 et
646 826 792 858 C.—147
817 837 971 867 nunquam
993 827 1122 858 Veienta
1138 828 1203 860 Ms.
1221 827 1300 859 Gal.

779 913 921 944 NOTAE

113 974 147 1005 id
165 979 231 1013 est,
247 974 369 1006 fortem
385 980 419 1006 et
433 976 596 1015 validam,
611 986 710 1017 quam
724 977 817 1008 Stoi·-

871 978 1009 1017 plantae‚
1023 986 1041 1008 e
1052 987 1118 1018 qua
1131 977 1227 1009 funes
1241 977 1338 1016 fiunt,
1349 983 1383 1010 et
1395 978 1573 1010 rudentes:

114 1025 146 1055 ci
175 1028 272 1056 cotem
287 1024 491 1063 fortitudinis
509 1026 694 1066 vocabant,
718 1027 817 1057 modo
869 1029 970 1059 immo
1001 1033 1037 1059 et
1061 1033 1173 1060 vestes
1204 1029 1294 1070 apud
1317 1029 1481 1067 Thracas,
1506 1034 1576 1061 tam

114 1079 227 1105 tamen
244 1085 284 1106 ea
300 1085 366 1106 non
392 1080 429 1106 ut
454 1076 552 1116 duce,
568 1076 629 1107 sed
646 1081 684 1108 ut
708 1076 818 1108 milite
871 1079 1026 1118 subtiles,
1052 1083 1089 1109 ut
1116 1079 1213 1110 lineae
1238 1079 1429 1110 videantur.
1463 1079 1574 1111 Hero-

116 1129 305 1156 uterentur.

160 1179 219 1207 145
247 1177 349 1211 Quam
374 1187 434 1208 non
462 1177 640 1208 extinxerit
668 1187 748 1207 urna
777 1177 819 1207 ci-

113 1225 208 1265 cntae]
245 1227 410 1258 Quamvis
442 1227 614 1257 contraria
641 1227 821 1257 contrariis

115 1282 290 1316 curentur,
315 1282 350 1307 at
377 1276 556 1307 ardentem
587 1277 685 1307 istam
717 1277 820 1307 bilem

118 1326 172 1356 vix
188 1325 303 1357 levare
320 1331 380 1358 aut
392 1327 512 1357 sedare
530 1328 685 1367 potuerit
701 1337 822 1358 succus

117 1376 237 1407 cicutae
263 1377 527 1416 copiosissimus,
543 1382 578 1408 et
604 1379 705 1417 plena
727 1388 822 1417 urna,

117 1436 176 1457 vas
208 1427 486 1466 capacissimum3
519 1428 671 1468 quamvis
700 1429 756 1459 ille
779 1430 822 1460 sit

119 1476 205 1507 adeo
233 1475 389 1516 frigidus,
412 1482 449 1507 ut
475 1483 620 1508 mortem
643 1478 753 1517 pariat
771 1479 822 1509 vel

119 1526 282 1557 modicus.
306 1526 394 1556 Vide
407 1536 521 1566 supra,
531 1527 599 1557 Sat.
614 1537 661 1559 [v.
674 1528 716 1558 ad
730 1538 778 1558 vs.
791 1531 824 1559 2.

163 1579 225 1607 146
251 1576 330 1607 Tun‘
353 1586 438 1606 mare
463 1577 636 1616 transilias]
659 1577 710 1607 Te
729 1578 823 1608 nimi-

120 1636 193 1657 rum
210 1626 401 1658 committes
420 1632 487 1657 tam
512 1626 615 1658 infido
641 1628 827 1668 elemento,

120 1678 153 1709 in
184 1687 249 1719 quo
276 1677 321 1708 sis
348 1677 356 1693 ‘
375 1677 490 1716 digitis
517 1681 658 1708 amorte
677 1684 824 1709 remotus

124 1733 268 1770 quatuor
294 1731 353 1758 aut
381 1732 525 1767 septem,
542 1727 569 1758 si
594 1728 638 1758 sit
664 1728 828 1760 latissima

123 1777 245 1809 taeda?
268 1782 306 1808 ut
333 1777 381 1807 ait
402 1777 579 1809 Juvenalis
602 1778 671 1809 Sat.
688 1786 754 1808 xil.
771 1781 824 1809 58.

120 1828 202 1859 Tria
225 1826 332 1857 refert
359 1827 577 1864 Plutarchus,
594 1837 735 1867 quorum
756 1839 825 1868 poe-

121 1879 248 1910 niteret
265 1879 429 1909 Catonem
448 1878 660 1917 Censorium,
682 1889 826 1910 arcanum

121 1930 214 1960 uxori
241 1930 408 1962 revelasse:
434 1928 515 1958 diem
545 1928 688 1959 inutilem
710 1933 825 1960 transe-

119 1980 202 2020 gisse
214 1991 226 2017 ;
249 1982 279 2010 et
306 1988 338 2009 eo
365 1979 571 2009 transmisisse
595 1980 676 2017 naci,
698 1990 755 2019 qno
774 1990 826 2019 pe-

123 2031 224 2061 destre
240 2030 301 2060 iter
316 2039 378 2060 esse
389 2032 501 2068 posset.
526 2029 579 2059 Ex
594 2029 715 2068 adagio
733 2030 826 2060 Grae-

125 2090 178 2117 co,
205 2078 361 2118 θαλάσση,
388 2079 439 2109 καὶ
469 2079 539 2119 πῦρ,
565 2079 616 2110 καὶ
641 2079 720 2118 ’γυνὴ
746 2081 826 2112 κακὰ

123 2129 204 2171 τρία.

174 2179 255 2219 Tibi,
269 2183 353 2210 torta
375 2179 507 2210 cannabe
515 2179 612 2219 fulto,
627 2179 696 2219 8)·ς.]
719 2180 828 2220 Tune,

128 2240 147 2261 o
165 2230 282 2261 Marce
302 2229 421 2266 Dama,
438 2234 473 2260 tu
492 2229 541 2259 vir
560 2229 828 2269 honoratusjarn

128 2285 164 2312 et
190 2279 289 2318 liber,
314 2279 443 2319 poteris
475 2278 587 2309 cibum
617 2279 651 2308 in
674 2280 749 2309 navi
774 2289 828 2310 ca-

126 2339 220 2371 pere,
236 2329 284 2360 ita
307 2335 346 2360 ut
371 2339 430 2369 pro
452 2328 551 2359 sedili
574 2329 698 2359 habeas
715 2327 827 2359 funem

126 2382 313 2420 nauticum,
330 2391 389 2420 pro
403 2390 517 2411 mensa
539 2385 736 2419 transtrum,
753 2390 828 2421 per-

126 2432 252 2463 mixtus
269 2432 399 2462 scilicet
415 2441 490 2462 cum
506 2431 686 2470 remigibus
703 2436 738 2461 et
752 2441 829 2461 nau-

129 2481 171 2512 tis
187 2481 346 2522 squalidis
363 2487 399 2512 et
417 2481 616 2521 agrestibus,
639 2481 695 2521 qui
712 2481 829 2511 solitus

130 2539 165 2560 es
179 2531 310 2562 mollius
328 2531 459 2570 sedere,
476 2531 608 2561 beatius
629 2531 756 2569 vivere,
773 2531 828 2561 do-

130 2580 188 2619 mi,
210 2580 244 2610 in
267 2581 350 2621 otio,
379 2581 467 2612 inter
491 2580 686 2621 familiares,
711 2581 830 2621 nitide,

129 2630 272 2660 honeste
285 2631 296 2660 ?

177 2679 275 2712 Torta
295 2681 443 2721 cannabe]
470 2681 625 2713 Cannabis
645 2687 697 2714 est
723 2692 827 2723 genus

875 1131 943 1160 dot.
962 1131 985 1160 l.
1004 1139 1055 1161 1v.
1073 1140 1162 1160 num.
1180 1133 1254 1160 155.

919 1182 979 1210 147
1007 1181 1172 1221 Transtro]
1188 1179 1292 1210 Trabs
1309 1183 1361 1210 est
1376 1183 1579 1219 transversa,

876 1239 1049 1260 scamnum
1067 1235 1101 1261 et
1119 1230 1225 1260 sedile
1243 1230 1419 1270 remigum.
1456 1229 1577 1270 Vix-gil.

875 1280 883 1296 ι
902 1280 1080 1311 Considite
1097 1280 1276 1312 transtris?

924 1331 1125 1362 Veientanum
1153 1331 1314 1372 rubellum]
1336 1331 1460 1362 Vinum
1486 1331 1579 1371 igno-

876 1380 956 1420 bile,
983 1381 1110 1421 saporis
1137 1381 1313 1421 injucundi
1341 1391 1384 1412 ex
1409 1391 1489 1421 agro
1515 1381 1578 1412 cir-

877 1431 1050 1471 cumjecto
1063 1431 1166 1462 Veios
1180 1432 1296 1462 urbem
1310 1432 1498 1471 Hetruriae,
1512 1441 1579 1462 non

877 1481 995 1519 procul
1012 1480 1094 1511 urbe
1112 1481 1230 1512 Roma.
1265 1481 1388 1512 Horat.
1401 1482 1472 1512 Sat.
1488 1491 1528 1512 11.
1547 1483 1578 1512 3.

876 1531 884 1546 ‘
902 1530 969 1563 Qui
995 1530 1225 1561 Veientanum
1251 1529 1349 1561 festis
1377 1536 1494 1571 potare
1511 1530 1580 1561 die-

877 1580 939 1611 bus
956 1581 1127 1620 Campana
1145 1581 1261 1611 solitus
1284 1582 1395 1621 trulla,
1418 1591 1578 1622 vappam-

879 1640 944 1671 que
963 1630 1146 1670 profestis!

923 1684 984 1711 148
1009 1681 1146 1711 Exhalet
1172 1681 1299 1721 vapida]
1324 1681 1450 1712 Tetros
1478 1691 1580 1721 vapo-

880 1740 932 1761 res
959 1730 1090 1770 tibique
1117 1730 1269 1761 insolitos
1291 1730 1463 1769 emittens,
1489 1730 1583 1762 fasti-

880 1781 971 1811 dium
985 1784 1080 1811 creet
1093 1784 1128 1811 et
1142 1780 1373 1820 aegritudines,
1387 1785 1422 1810 et
1437 1780 1581 1813 fortasse

880 1835 1023 1861 mortem
1055 1835 1155 1860 extra
1192 1830 1348 1869 patriam.
1406 1831 1484 1861 Heu
1515 1840 1581 1871 quo

881 1880 970 1910 ruis?
993 1879 1124 1910 Lucelli
1142 1879 1276 1910 scilicet
1293 1880 1492 1920 aliquantuli
1509 1890 1582 1920 gra-

880 1930 927 1960 tia
954 1930 1076 1970 perdas
1107 1929 1268 1971 quietem,
1294 1931 1500 1972 voluptates,
1537 1930 1583 1960 vi-

881 1981 972 2011 tam?

922 2031 1047 2062 Laesum
1058 2030 1142 2071 pice]
1167 2029 1339 2062 Infectum
1355 2040 1397 2062 ex
1413 2031 1517 2062 odore
1535 2031 1583 2071 pi,

882 2080 931 2111 cis
948 2090 1014 2121 qua
1030 2080 1123 2111 navis
1141 2081 1269 2119 pariter
1285 2085 1319 2111 et
1333 2080 1422 2111 obba
1436 2081 1531 2111 illitae
1548 2085 1583 2114 et

882 2131 1063 2163 obturatae.
1110 2132 1186 2163 Mos
1215 2136 1289 2162 erat
1319 2141 1420 2171 porro
1449 2131 1584 2171 picandi

881 2181 1008 2220 vinum,
1032 2180 1065 2212 id
1090 2185 1154 2220 est,
1172 2181 1283 2221 picem
1307 2185 1342 2212 et
1369 2181 1513 2212 resinam
1535 2181 1584 2212 in-

883 2231 1015 2263 terdum
1033 2231 1217 2262 adhibendi
1240 2237 1275 2262 et
1299 2231 1525 2269 immiscendi,
1541 2231 1584 2262 ad

884 2281 1112 2311 condiendum
1140 2281 1259 2320 veluti,
1274 2281 1514 2322 addendasque
1539 2281 1584 2312 vi-

884 2340 949 2369 res,
965 2338 1022 2361 aut
1039 2330 1252 2371 frangendas
1281 2332 1336 2362 De
1353 2331 1476 2372 quibus
1493 2331 1584 2362 Plin.

884 2390 959 2412 xiv.
990 2383 1018 2411 1.
1049 2386 1084 2411 et
1114 2383 1166 2412 20.
1204 2381 1379 2412 Plutarch.
1409 2381 1583 2413 Convival.

883 2430 1014 2463 Quaest.
1042 2440 1076 2462 v.
1107 2433 1139 2461 3.
1185 2431 1258 2461 Illis
1279 2436 1391 2463 autem
1409 2432 1491 2472 ipsis
1507 2441 1586 2462 con-

883 2481 1040 2512 dimentis
1058 2481 1171 2512 vinum
1192 2481 1373 2522 aliquando
1390 2491 1583 2520 corrumpe.

884 2531 996 2571 batur,
1024 2531 1113 2561 unde
1142 2532 1293 2563 Martial.
1325 2532 1424 2572 Epig.
1450 2540 1504 2561 111.
1530 2534 1582 2563 76,

882 2583 892 2599 ‘
907 2582 1071 2613 Resinata
1087 2582 1172 2614 bibis
1189 2582 1279 2619 vina,
1295 2582 1438 2612 Falerna
1454 2579 1563 2618 fugis.’

927 2631 1051 2662 Fissilis
1076 2631 1167 2670 obba]
1195 2631 1301 2661 Paean·
1321 2639 1430 2667 genus,
1452 2629 1500 2658 rel
1524 2629 1584 2667 lig-

882 2693 984 2724 neum,
996 2684 1040 2715 vel
1051 2693 1090 2714 ex
1100 2685 1218 2724 sparto,
1235 2681 1346 2721 inquit
1358 2680 1386 2710 N
1392 2679 1484 2710 onius
1495 2679 1585 2712 Mar.
