1888 3032
246 128 333 170 166

756 141 802 171 A.
838 139 999 170 PERSH
1035 141 1208 174 FLACC!

249 232 435 287 Iutepet‚
456 235 750 288 hyberuatque
772 246 915 275 meum
935 247 1071 286 mare,
1093 249 1183 290 qua
1201 237 1318 279 latus
1338 239 1489 293 ingens

249 299 371 341 Dant
390 301 578 353 scopuli,
600 304 642 341 et
662 300 795 342 multa
814 301 938 342 littus
960 315 1006 343 so
1026 304 1140 344 valle
1161 309 1369 360 receptat.

251 364 396 407 Lunai
411 374 577 421 portum
599 375 650 408 est
674 383 801 423 operae
824 383 1073 425 cognoscere,
1096 372 1209 411 cives.

249 434 338 475 Cor
351 434 477 488 jubet
496 434 581 476 hoc
605 435 733 487 Enni,
751 441 991 490 postquam
1013 438 1241 481 destertuit
1260 453 1357 481 esse

1662 444 1715 485 lo

247 565 392 597 trernitas
407 566 559 610 Mgurice,
575 572 605 600 et
622 580 722 602 meum
736 580 820 603 mare
833 575 879 603 est
895 572 928 604 in
942 571 1096 614 hybernis,
1108 572 1161 604 ubi
1172 582 1264 614 rupes
1275 574 1462 613 protendunt
1477 575 1612 614 amplum
1627 576 1718 614 hctus,

248 614 276 640 et
293 619 346 639 ora
362 619 426 641 sese
440 612 561 652 colligit
577 614 741 654 multiplici
756 616 900 646 convalle.

947 616 978 647 O
1002 617 1095 656 εἱυεκ,
1111 618 1205 655 juvat
1220 626 1307 647 nosse
1321 619 1442 656 portum
1462 616 1570 647 lmnae.
1619 618 1718 648 Ennii

247 662 299 682 cor·
316 653 348 683 id
360 655 516 695 proecipit,
528 660 726 697 posteaquam
742 659 835 689 desiit
851 659 1005 690 somniare
1029 669 1063 690 se
1080 669 1143 690 esse
1159 659 1347 690 Maeom‘dem
1374 658 1527 695 Quintum
1543 670 1581 691 ex
1600 669 1718 700 parone

868 752 985 764 eeeeee

989 753 1104 764 eeeeee

249 816 313 845 —9
336 814 391 845 Sic
417 814 508 847 Edu.
538 815 715 857 plurimae:
742 823 777 849 at
803 819 958 860 quaedam
982 820 1109 852 habent
1140 821 1245 852 Lunai
1257 822 1406 862 pretium.
1451 821 1622 860 cognoscite
1635 821 1719 853 C.—

917 904 1057 935 NOTAE

251 962 365 1004 tingit,
396 974 472 995 eum
503 969 596 997 motu
628 971 731 1008 atque
773 968 959 1009 agitatione

250 1016 485 1047 recalescunt!

295 1065 463 1106 Hybernat
480 1067 580 1107 mare]
619 1069 667 1099 Ut
684 1069 758 1100 fieri
778 1071 864 1101 solet
881 1071 960 1111 hyo-

251 1125 319 1152 me,
349 1117 555 1149 concitatur.
600 1119 727 1151 Horat.
754 1121 827 1152 Sat.
856 1131 898 1152 11.
929 1125 961 1153 2.

252 1167 260 1183 ‘
279 1165 479 1199 Defendens
521 1169 630 1209 pisces
667 1170 806 1211 hyemat
845 1172 963 1203 mare?

250 1216 398 1250 Veteres
415 1219 559 1261 Glossae,
575 1221 609 1252 id
632 1226 695 1263 est⁷
717 1223 726 1239 ‘
739 1223 848 1264 saevit,
865 1225 918 1254 vcl
944 1234 963 1254 a

250 1269 395 1309 navigiis
414 1276 526 1302 vacat.
565 1272 660 1303 Sicut
678 1273 768 1304 enim
784 1284 887 1306 naves
903 1275 962 1315 hy-

252 1318 397 1350 bernare
430 1321 595 1360 dicimus;
619 1322 667 1353 sic
697 1327 732 1354 et
754 1333 860 1364 mare,
886 1335 962 1356 cum

252 1377 320 1400 non
351 1370 553 1410 navigatur)
598 1371 701 1413 Apud
727 1374 909 1414 Vegetium
940 1376 964 1406 l.

252 1426 303 1450 Π.
321 1419 483 1451 dicuntur
505 1422 617 1453 claudi
643 1424 749 1455 maria
773 1425 814 1456 ab
842 1425 963 1456 Idibus

252 1468 457 1501 Novembris
481 1471 523 1502 ad
552 1472 634 1504 Idus
652 1473 810 1514 Martias,
825 1479 884 1506 aut
900 1475 965 1506 cir-

253 1518 355 1550 citer.

299 1569 408 1600 Meum
424 1571 525 1612 mare]
571 1572 612 1604 Id
640 1579 703 1616 est,
726 1576 888 1617 patrium,
904 1587 963 1608 scu

253 1618 438 1651 Etruscum
466 1632 574 1662 mare,
601 1625 728 1666 quippe
752 1636 829 1657 cum
852 1628 963 1659 oriun-

254 1668 317 1700 dus
344 1675 436 1702 esset
463 1670 601 1704 Persius
619 1675 807 1708 Volaterris
834 1678 963 1719 oppido

254 1718 444 1752 Hetruriae.

301 1770 372 1806 Qua
388 1772 469 1803 latus
484 1773 594 1813 ingens
606 1776 682 1807 dont
703 1777 836 1818 scopuli]
881 1778 966 1811 Loci

255 1820 456 1862 descriptio.
518 1824 660 1857 Scilicet
697 1821 893 1867 prominent
931 1830 966 1861 in

255 1880 349 1902 mare
366 1873 499 1913 scopuli
525 1884 584 1905 seu
612 1885 714 1917 rupes
741 1879 966 1920 multiplices,

255 1924 292 1952 et
310 1926 442 1953 montes
460 1924 588 1955 excelsi
611 1926 717 1958 Luna:
743 1932 880 1968 portum
902 1930 967 1961 cir-

255 1971 526 2005 cumcludentes.
550 1973 687 2016 Strabo,
702 1977 724 2007 l.
741 1987 777 2009 v.
799 1978 856 2010 Sic
868 1980 967 2021 Virg.

255 2021 332 2054 AEn.
360 2031 412 2054 rx.
446 2025 544 2057 ‘Qua
574 2035 609 2057 se
640 2027 833 2061 subducere
861 2031 966 2063 colles

254 2072 458 2114 Incipiunt‚’
472 2078 535 2107 δίο.

301 2123 321 2153 8
345 2123 455 2154 llIulta
469 2124 561 2156 lictus
576 2136 608 2157 se
623 2128 701 2159 valle
712 2130 863 2171 receptat]
898 2131 966 2162 Ubi

256 2171 365 2204 sinum
382 2173 469 2206 fecit
485 2179 616 2218 natura,
632 2182 667 2209 et
683 2177 853 2211 deflexum
870 2181 966 2213 littus

256 2223 292 2255 iu
319 2222 462 2256 formam
491 2227 598 2259 Lunae
625 2234 808 2270 curvatum
832 2241 968 2264 nomen-

260 2284 327 2316 que
352 2276 431 2308 inde
458 2276 586 2310 datum.
634 2279 744 2311 Porro
768 2282 873 2322 Lunae
890 2292 967 2323 por-

258 2327 327 2363 tus,
342 2330 381 2356 ut
397 2327 446 2357 ait
459 2328 597 2370 Strabo,
614 2329 690 2361 loco
703 2331 821 2374 citato,
835 2334 968 2375 amplus

256 2374 357 2405 valde
373 2379 409 2406 et
426 2387 547 2419 capax,
573 2381 698 2412 multos
723 2381 813 2414 intra
839 2393 875 2414 se
892 2394 969 2425 por-

258 2427 314 2456 tus
327 2426 549 2466 amplectitur
572 2439 701 2470 magnae
718 2432 968 2472 profunditatis

258 2474 448 2515 universos,
464 2477 550 2509 adeo
566 2483 605 2509 ut
621 2481 770 2512 omnium
787 2483 842 2522 qui
865 2485 967 2515 maris

258 2528 404 2559 teneant
434 2528 625 2571 imperium,
659 2530 761 2563 facile
790 2532 890 2565 fieret
916 2544 968 2565 re-

260 2578 490 2617 ceptaculum.

303 2631 325 2659 9
347 2629 453 2662 Lunai
466 2632 605 2673 portum]
648 2633 751 2665 Lunai
772 2644 834 2676 per
848 2634 967 2667 diaere-

263 2678 337 2722 sim,
368 2691 432 2724 pro
465 2682 573 2716 Lauare.
631 2684 684 2718 sie
713 2685 832 2728 Vir-gil.
862 2687 968 2729 aquai,

1012 969 1110 1009 aulai,
1130 970 1244 1010 pictai,
1268 975 1301 1001 et
1319 970 1373 1000 alii
1392 970 1635 1011 diphthongum
1655 970 1721 1001 sol-

1013 1023 1146 1051 ventes.
1192 1021 1285 1051 Luna
1316 1020 1396 1051 urbs
1428 1020 1602 1051 Hetruriae
1635 1019 1722 1051 anti-

1013 1070 1188 1110 quissima,
1227 1071 1259 1100 in
1295 1070 1445 1110 Liguriae
1485 1069 1645 1109 confinio,
1678 1069 1721 1101 ad

1015 1119 1103 1150 ostia
1119 1120 1249 1150 Macrae
1267 1118 1380 1151 fluvii:
1406 1119 1461 1150 cui
1477 1120 1510 1151 111
1526 1119 1724 1160 Episcopali

1014 1168 1184 1210 dignitate
1223 1170 1324 1201 niodo
1362 1171 1528 1202 successit
1565 1171 1724 1211 Sarzana,

1013 1229 1089 1261 quae
1119 1229 1207 1251 nova
1233 1220 1328 1251 Luna
1345 1220 1414 1251 dici
1441 1225 1568 1262 potest.
1616 1222 1721 1252 Lunae

1016 1279 1098 1300 vero
1115 1274 1235 1310 portus
1261 1275 1356 1302 certe
1379 1272 1558 1312 maximus,
1583 1282 1641 1303 seu
1667 1282 1724 1303 ve-

1015 1320 1084 1352 rius
1102 1321 1193 1352 sinus
1210 1321 1373 1363 Liguriae,
1397 1322 1486 1353 inter
1503 1326 1639 1363 portum
1655 1322 1725 1353 Ve-

1014 1370 1104 1402 neris
1116 1375 1150 1402 et
1164 1376 1302 1412 portum
1318 1373 1451 1413 Eryci5‚
1461 1373 1591 1404 ambitu
1604 1373 1726 1414 viginti

1016 1421 1123 1453 millia
1149 1432 1308 1462 passuum
1326 1427 1465 1463 patens:
1491 1423 1605 1464 hodie,
1632 1423 1727 1462 Golso

1015 1473 1097 1503 dello
1114 1472 1256 1514 Spezzia,
1279 1473 1327 1504 sic
1353 1473 1590 1506 denominatus
1608 1474 1649 1506 ab
1666 1485 1725 1516 op-

1017 1521 1099 1562 pido
1115 1522 1248 1563 Spetia⁷
1263 1523 1352 1564 quod
1371 1523 1472 1554 situm
1487 1528 1538 1556 est
1555 1525 1589 1555 in
1606 1525 1725 1556 intimo

1017 1584 1166 1607 recessu.
1191 1575 1325 1606 Ferrar.
1343 1576 1450 1607 Celsis
1467 1575 1617 1617 undique
1632 1586 1726 1607 mon-

1016 1625 1108 1657 tibus
1122 1626 1416 1667 circumcingitur,
1433 1626 1491 1668 qui
1506 1630 1726 1668 prospectum

1016 1676 1118 1717 longe
1135 1676 1247 1717 pelagi
1276 1675 1471 1717 praebeant:
1498 1686 1575 1707 nam
1599 1680 1634 1708 et
1650 1677 1727 1708 Sar-

1017 1726 1118 1757 diniae
1150 1731 1187 1758 et
1224 1736 1348 1768 magna
1384 1726 1561 1768 utriusque
1598 1727 1727 1759 littoris

1015 1787 1094 1818 pars
1118 1778 1284 1809 cernitur.
1329 1777 1468 1808 Strabo.
1503 1777 1648 1808 Primum
1675 1788 1727 1818 op-

1015 1827 1125 1868 pidum
1156 1828 1334 1867 Hetrurioe,
1367 1828 1470 1868 Luna,
1495 1831 1590 1868 porta
1617 1828 1728 1860 nobile.

1018 1879 1110 1910 Plin.
1130 1887 1186 1910 111.
1203 1882 1236 1909 5.
1264 1883 1299 1910 et
1327 1887 1404 1910 xrv.
1429 1881 1461 1910 6.
1486 1878 1534 1909 ait
1557 1879 1728 1911 Lunensia

1018 1929 1097 1960 vina
1129 1930 1276 1970 palmam
1306 1928 1395 1959 ferre
1424 1928 1514 1960 inter
1542 1929 1727 1961 Hetrusca.

1019 1979 1226 2012 Celebratur
1253 1980 1357 2011 etiam
1385 1980 1542 2010 Lunense
1567 1989 1727 2021 marmor,

1018 2032 1041 2064 l.
1058 2040 1190 2063 xxxvx.

1064 2083 1126 2113 Est
1152 2092 1267 2123 operoe,
1295 2081 1364 2122 ἃμ]
1410 2081 1552 2123 Supple‚
1572 2082 1728 2123 pretium:

1018 2131 1053 2163 id
1084 2137 1148 2173 est,
1180 2133 1263 2164 utile
1292 2136 1329 2163 et
1353 2132 1546 2173 jucundum
1578 2137 1631 2164 est
1657 2138 1726 2165 tam

1019 2193 1186 2215 amoenum
1204 2187 1321 2224 portus
1346 2184 1450 2214 Lunae
1469 2183 1571 2214 situm
1588 2193 1729 2225 cognos-
1768 2197 1773 2205 =

1019 2244 1112 2276 cere)
1142 2235 1284 2276 ejusque
1316 2233 1583 2275 descriptionem
1608 2239 1728 2275 petere

1020 2294 1063 2316 ex
1080 2285 1201 2326 Ennio,
1216 2295 1317 2327 quam
1334 2285 1367 2316 in
1382 2284 1506 2317 Annal.
1522 2285 1571 2317 sic
1587 2285 1727 2332 incipit:

1019 2336 1028 2353 ‘
1042 2337 1106 2367 Est
1121 2346 1236 2377 operm
1253 2336 1414 2377 pretium,
1431 2346 1450 2367 ο
1467 2336 1570 2376 cives,
1587 2345 1730 2377 coguos-

1020 2395 1100 2417 cere
1116 2390 1251 2427 portum
1270 2385 1400 2418 Lunaess

1065 2439 1105 2467 10
1132 2437 1291 2475 Corjubet
1306 2438 1362 2467 hoc
1377 2436 1478 2477 Εηηῖ]
1524 2436 1565 2467 Id
1582 2441 1648 2478 est,
1662 2437 1725 2470 hoe

1020 2486 1115 2517 nobis
1132 2487 1280 2528 imperat
1305 2487 1434 2517 Ennius
1449 2487 1502 2517 vir
1517 2487 1676 2519 cordatus
1691 2494 1728 2521 et

1023 2535 1168 2576 sapiens.
1215 2537 1304 2567 Nam
1321 2545 1378 2567 cor
1391 2536 1472 2567 vitae
1486 2535 1560 2567 fons
1578 2542 1613 2569 et
1628 2538 1726 2573 radix

1021 2586 1162 2627 ponitur
1177 2586 1280 2617 ctiam
1294 2596 1356 2627 pro
1369 2591 1484 2617 mente
1497 2592 1530 2618 et
1548 2587 1727 2628 sapientia.

1023 2636 1130 2668 Porro
1146 2647 1280 2669 versum
1302 2637 1389 2669 hunc
1406 2638 1448 2669 ad
1474 2648 1569 2670 suum
1590 2649 1726 2673 carmen

1021 2687 1065 2720 de
1098 2688 1200 2722 Ennii
1232 2688 1440 2722 carminibus
1474 2690 1673 2725 translatum
1707 2701 1725 2726 a.
