1888 3032
256 112 341 159 234

255 217 422 258 queritur,
447 218 483 246 et
505 211 703 254 praeteudm
733 210 821 252 quod
845 210 961 241 fistula

255 276 391 308 penum,
409 272 465 296 aut
484 264 681 303 scriptorius
705 263 863 299 calamus,
888 266 962 301 gul-

257 323 308 350 tas
335 318 512 350 atramenti
547 317 644 346 nimia
677 326 764 356 aqua
796 315 893 345 diluti
927 319 961 345 et

257 371 422 403 dissoluti,
455 369 618 407 geminen
650 373 682 397 ct
709 367 862 406 dupiices
892 364 963 396 red-

256 421 328 457 dat,
342 424 376 450 et
395 428 560 458 papyrum
581 419 626 448 ila
645 418 806 447 maculet.
855 416 961 446 Gemi-

254 474 309 501 nat
345 480 424 506 ergo
451 472 571 507 guttas,
597 479 672 499 cum
702 468 864 509 liquidius
888 466 961 497 fluit

256 525 359 561 atque.
378 520 514 550 uberius
532 530 629 560 quam
646 529 705 559 par
720 518 962 557 sit.—1‹'1'stula]

257 572 414 602 Calamus
432 571 644 610 scriptorius.

301 625 338 652 15
367 623 396 652 O
423 622 530 661 miser]
556 621 767 652 Exciamatio
786 620 962 660 paedagogi

256 674 299 705 ad
318 675 678 714 socordemjuvenem,
691 674 747 704 irae
766 677 801 703 et
814 672 963 711 indigna-

257 726 360 757 tionis
379 726 489 766 plena,
506 726 594 765 quod
614 726 657 755 sit
674 725 786 763 miser,
802 728 836 755 ct
853 724 965 763 aptior

256 777 504 817 voluptatibus,
537 786 634 815 qnam
669 775 816 813 virtutis,
850 778 885 805 ct
914 784 963 805 sa-

257 827 396 867 pientiae
431 827 718 866 studiis—Inque,
740 826 810 865 350]
835 826 874 855 In
893 825 963 856 dies

255 878 362 918 magis
391 883 495 916 atque
530 877 635 915 magis
665 877 778 914 miser,
798 876 962 916 perditus,

255 932 291 959 et
306 928 501 968 deploratus
518 926 673 959 futurus:
698 928 831 967 Nempe
848 928 881 957 in
900 936 964 966 quo

257 979 355 1018 viiia,
372 989 532 1018 processu
548 979 711 1019 temporis
729 989 793 1009 nou
811 978 964 1009 minuen-

257 1035 327 1069 tur,
343 1030 401 1060 sed
427 1030 534 1060 indies
559 1036 593 1061 et
622 1030 775 1071 quotidie
805 1039 964 1069 augmen-

257 1085 329 1112 tum
358 1080 669 1120 capient.—-Ultra]
703 1081 743 1111 Id
772 1085 837 1118 cst,
870 1081 965 1111 Ulte-

257 1131 338 1170 rius,
351 1137 386 1162 et
404 1133 510 1171 magis
526 1133 701 1172 magisque
719 1131 967 1162 miser.—Huc-

256 1182 339 1222 cine]
364 1182 404 1213 Id
424 1189 486 1221 est,
510 1183 666 1213 Huccine
686 1183 914 1223 pervenimus,
929 1186 967 1212 ut

258 1234 391 1274 quidvis
409 1235 533 1274 potiuS,
549 1244 648 1274 quum
665 1234 723 1264 illa
737 1244 810 1275 quae
828 1233 966 1265 virtutis

259 1289 350 1324 sunt,
381 1295 482 1326 agere
512 1286 709 1325 cupiamus?
744 1285 820 1324 Vel,
847 1283 902 1314 An
926 1292 966 1315 eo

258 1336 383 1368 recidit
399 1347 490 1377 spes,
508 1346 608 1378 quam
626 1336 669 1367 de
692 1340 728 1366 te
756 1339 914 1376 parentes
930 1338 967 1365 et

256 1392 493 1427 praeceptores
511 1387 764 1426 conceperant?
783 1385 955 1416 Casaubon.

303 1439 343 1468 16
366 1437 432 1467 Aut
459 1447 514 1467 cur
541 1436 617 1476 non]
654 1436 689 1466 Si
717 1438 765 1466 ita
789 1436 899 1466 animo
930 1445 966 1466 es

259 1496 379 1518 averso
393 1498 411 1517 a
425 1488 558 1526 studiis,
570 1492 605 1518 ut
620 1496 781 1527 uulgarum
794 1491 967 1527 praetextu

257 1546 300 1568 ea
327 1537 475 1577 deseras,
504 1548 564 1569 cur
587 1538 689 1569 animi
713 1548 849 1569 sensum
872 1537 967 1570 dissi-

258 1589 386 1619 mulas?
411 1599 472 1620 cur
496 1599 646 1620 amorem
671 1589 808 1620 virtutis
837 1588 967 1629 profes-

258 1649 315 1670 sus
329 1649 378 1678 es,
393 1649 471 1670 cum
484 1639 715 1680 Philosophiae
731 1650 868 1680 operam
884 1640 966 1671 dare

256 1689 418 1729 coepisti?
456 1699 519 1720 cur
547 1699 611 1720 non
640 1690 750 1729 potius
782 1690 968 1730 voluptati-

258 1739 334 1779 bus,
351 1740 485 1780 quando
506 1740 581 1770 illas
611 1740 699 1771 tanti
727 1739 825 1778 facis,
846 1744 881 1771 te
909 1740 968 1771 im-

257 1791 394 1831 mergis,
422 1796 457 1822 et
484 1791 603 1821 virtuti
631 1792 745 1831 palam
771 1791 968 1822 renuntias?

258 1842 344 1872 Tum
362 1846 399 1872 tu
417 1851 482 1872 non
508 1842 541 1872 in
564 1842 680 1873 schola
701 1841 792 1882 apud
816 1842 968 1873 Philoso-

259 1893 364 1934 phum
379 1893 462 1924 dure
480 1903 519 1925 ac
533 1902 656 1934 aspere
672 1892 893 1932 educaberi53
909 1892 968 1924 sed

260 1943 353 1976 domi
370 1945 403 1974 in
421 1944 560 1976 summis
578 1943 716 1981 delitiis,
732 1953 826 1974 more
843 1944 968 1975 colum-

260 1993 483 2036 borum,quos
497 1995 621 2035 puellae
637 2004 760 2034 magna
771 2003 848 2024 cura
861 1994 970 2035 alunt,

262 2046 326 2076 διο.
374 2045 472 2077 Idem.

305 2097 344 2126 17
369 2096 527 2136 pappare,
542 2095 614 2135 ἔξω]
639 2096 680 2127 Id
700 2099 766 2135 est,
788 2095 910 2126 Cibum
924 2095 970 2126 in-

259 2144 417 2186 fantium,
435 2156 544 2186 pupas
567 2147 722 2177 minutim
752 2150 786 2177 et
808 2145 969 2177 frustilla-

262 2197 325 2227 tim
352 2206 371 2227 a
400 2198 535 2227 nutrice
569 2197 859 2238 praemasticatum
888 2207 970 2238 pap-

256 2256 346 2287 -pare
363 2251 399 2277 et
415 2246 607 2278 comedere.
639 2248 701 2278 Est
717 2248 807 2278 enim
821 2257 970 2288 pappare,

262 2296 411 2327 minutos
428 2301 463 2327 et
480 2297 783 2329 commanducatos
800 2298 892 2329 cibos
916 2308 970 2329 co-

263 2346 416 2385 medere,
447 2348 562 2387 quales
604 2348 756 2379 nutrices
787 2347 970 2380 infantibus

262 2395 430 2435 praebent.
459 2396 548 2426 Buas
563 2397 652 2427 enim
666 2402 701 2428 et
713 2408 842 2439 pappos,
858 2390 971 2430 cibum

265 2450 302 2478 et
328 2450 446 2487 potum
476 2456 657 2486 puerorum
687 2449 869 2479 vocabant.
929 2449 971 2479 Id

265 2501 330 2537 est,
346 2497 415 2528 Cur
432 2507 497 2528 non
516 2497 557 2527 ad
578 2497 720 2536 primam
740 2499 921 2537 pueritiam
937 2504 972 2529 et

265 2548 443 2582 infantiam
462 2548 571 2580 redis?
598 2549 710 2579 Lubin.

310 2602 351 2631 18
373 2599 497 2639 Poscis]
521 2598 590 2630 Cur
615 2608 681 2629 non
712 2598 872 2639 minutos,
887 2598 971 2630 deli-

266 2654 376 2690 catos,
393 2654 431 2682 et
446 2653 584 2682 teneros
610 2649 717 2690 cibos,
733 2658 826 2681 more
852 2659 971 2690 puero-

268 2709 355 2740 rum,
382 2700 537 2743 appetis?
561 2698 741 2732 infantium
767 2700 970 2733 tenellorum

720 118 861 149 NOTAE
894 116 1162 148 VARloRUM
1196 118 1245 148 IN

1014 219 1140 240 morem
1155 210 1531 251 imitanda-mamma]
1545 206 1623 242 Non
1637 211 1718 242 dan-

1015 261 1060 297 d»,
1077 261 1134 291 sed
1154 260 1312 301 gianmdi
1329 270 1418 292 casu.
1468 262 1605 293 Mamma
1621 261 1715 293 Grae-

1016 322 1063 342 (us
1088 310 1208 349 μάμμη,
1229 312 1349 349 aviam,
1378 319 1531 349 matrem,
1555 319 1586 342 et
1614 313 1719 343 nutri-

1016 373 1090 394 cem
1122 364 1210 394 inter
1241 364 1305 393 alia
1333 362 1717 403 sig11i1i‹·at.—Lallare]

1021 416 1180 446 Nutrices
1198 414 1399 453 infantibus,
1417 422 1450 446 ut
1471 416 1652 456 dormiant,
1669 426 1720 447 so-

1018 467 1088 497 lent
1106 466 1223 497 dicere
1252 477 1357 506 sape,
1379 467 1486 504 Lanu,
1512 467 1603 504 iulia,
1628 466 1718 498 lalla.

1017 517 1088 547 Aut
1116 517 1235 555 dormi,
1265 522 1321 548 aut
1355 518 1454 547 lacte.
1508 518 1576 548 Vct.
1600 517 1720 548 Seli.—

1016 567 1157 607 Lallnre]
1184 569 1222 598 Iu
1241 575 1304 604 est,
1323 570 1390 599 Cur
1408 578 1543 599 recusas
1561 569 1720 600 crebrum

1017 621 1099 651 iliud
1117 622 1193 652 lulla
1212 622 1350 652 audire?
1375 627 1408 652 ut
1429 622 1536 652 lallare
1552 622 1594 651 sit
1611 621 1719 652 nutri·

1017 681 1093 701 cum
1112 673 1190 702 iulia
1207 674 1326 703 crebro
1341 673 1568 703 occinentium
1584 683 1592 711 ;
1609 671 1642 703 id
1657 676 1722 712 est,

1018 723 1182 754 Crebram
1201 725 1289 754 iilam
1308 725 1514 754 lallationvn·¹
1535 725 1585 754 vei
1604 728 1720 755 canta-

1019 774 1142 804 riom—m
1169 775 1246 805 lalla
1280 784 1447 812 mammaz,
1476 777 1573 810 aviae,
1603 775 1719 805 matris

1015 825 1069 854 vel
1087 826 1228 856 nutricis
1244 829 1323 864 tuae,
1340 835 1434 855 more
1461 835 1641 866 puerorum
1658 825 1722 855 ira-

1015 881 1124 907 torum
1138 887 1270 908 recusas
1287 877 1416 915 audire,
1435 878 1486 908 vei
1503 877 1588 907 nolis
1604 875 1645 907 ab
1664 875 1721 906 illa

1016 928 1049 958 in
1074 938 1225 959 somnum
1250 928 1343 960 dari?
1368 929 1443 959 Hoc
1462 929 1550 959 enim
1569 927 1721 967 petulan-

1018 979 1099 1010 tium
1119 985 1154 1010 et
1171 980 1288 1020 supine
1302 979 1526 1011 delicatorum
1539 987 1720 1019 puerorum

1017 1030 1203 1070 proprium.
1261 1031 1438 1061 Turnebus
1463 1038 1576 1061 xvnl.
1604 1031 1658 1060 34.
1687 1032 1723 1059 et

1018 1088 1095 1112 xix.
1115 1084 1165 1111 12.

1062 1133 1103 1160 19
1118 1130 1182 1170 An,
1191 1130 1260 1171 2512]
1278 1131 1393 1162 Verba
1406 1132 1517 1171 ignavi
1533 1131 1724 1162 adolescen-

1019 1179 1077 1219 tis,
1094 1180 1262 1221 ignaviam
1279 1192 1372 1213 suam
1389 1183 1520 1213 calamo
1541 1182 1651 1213 minus
1667 1181 1724 1213 bo—

1018 1241 1061 1263 no
1088 1234 1296 1264 excusantis.
1344 1233 1397 1264 An
1423 1234 1479 1264 tali
1500 1234 1629 1264 calamo
1654 1237 1722 1263 stu-

1018 1282 1129 1321 deam,
1146 1284 1204 1313 tali
1224 1288 1428 1323 atramento,
1445 1283 1503 1314 tali
1527 1283 1646 1314 charta
1666 1282 1724 1313 ali-

1018 1333 1099 1374 quid
1127 1334 1276 1364 scribere
1313 1334 1520 1364 sustineam?
1557 1333 1725 1373 Respexit

1018 1384 1060 1414 ad
1075 1383 1158 1414 illud
1172 1384 1354 1422 Horatius;
1371 1388 1379 1401 ‘
1396 1385 1587 1424 Culpantur
1598 1383 1725 1416 frustra

1018 1434 1268 1465 calami.’—Cui
1283 1435 1391 1475 verba]
1429 1435 1547 1466 Verba
1572 1445 1725 1476 praecep-

1018 1486 1116 1525 toris,
1135 1485 1257 1526 quibus
1281 1486 1391 1525 ignavi
1412 1486 1641 1517 adolescentis
1664 1485 1723 1517 fri-

1019 1535 1099 1576 gida
1114 1537 1290 1568 excusatio
1306 1536 1477 1568 refutatur
1493 1546 1536 1567 ex
1557 1536 1725 1568 dissimili-

1018 1586 1201 1618 bus—Cui
1230 1587 1338 1628 verba]
1382 1587 1536 1619 Protasis
1565 1592 1631 1626 est,
1659 1589 1724 1620 Cui

1020 1640 1056 1666 tu
1085 1637 1191 1668 verba
1213 1637 1292 1668 das?
1325 1641 1422 1669 certe
1450 1647 1516 1668 non
1545 1638 1636 1679 milii,
1663 1639 1723 1670 sed

1020 1687 1161 1729 tibiipsi
1177 1688 1260 1719 facis
1277 1689 1447 1730 injuriam.
1491 1689 1605 1720 Lubin.

1062 1741 1104 1769 20
1128 1738 1283 1779 Suc-cinis]
1304 1739 1424 1771 'l'oties
1441 1739 1580 1780 occinis,
1596 1740 1724 1781 repetis

1020 1793 1057 1819 et
1074 1789 1237 1829 obgannis
1254 1789 1329 1821 illos
1356 1789 1499 1831 frigidos
1524 1795 1726 1830 praetextus.

1020 1840 1178 1880 Metaph.
1192 1850 1212 1871 a
1226 1840 1443 1881 labyrinthis,
1459 1841 1517 1882 qui
1534 1842 1642 1873 varias
1657 1851 1726 1873 am-

1020 1890 1134 1932 bages,
1160 1890 1281 1932 flexus,
1311 1896 1347 1923 et
1370 1893 1558 1924 maeandros
1588 1893 1726 1925 habent.

1020 1942 1091 1973 Hic
1113 1952 1176 1983 pro
1194 1943 1378 1974 verborum
1394 1944 1552 1984 circuitu,
1567 1944 1675 1985 qualis
1691 1943 1725 1974 in

1021 1993 1222 2024 excusandis
1236 1998 1273 2025 et
1288 1994 1440 2025 velandis
1454 1994 1653 2026 criminibus
1669 1993 1727 2026 ad-

1020 2042 1129 2074 hiberi
1143 2044 1374 2084 solet.—Tibi,
1389 2044 1457 2085 ⁸50]
1478 2046 1526 2076 Te
1543 2046 1654 2086 ipsum
1670 2045 1726 2076 de—

1021 2094 1122 2135 cipis.
1168 2095 1272 2127 Quasi
1296 2095 1411 2127 dicat:
1436 2096 1507 2127 Tua
1523 2106 1576 2127 res
1593 2097 1725 2137 agitur;

1022 2145 1064 2176 de
1087 2149 1147 2176 tua
1170 2155 1207 2177 re
1229 2146 1264 2176 in
1291 2146 1371 2178 ludo
1393 2147 1553 2187 exposito
1575 2147 1726 2186 luditur;

1023 2200 1082 2226 tua
1098 2196 1198 2239 istuc,
1219 2201 1257 2228 ut
1272 2196 1401 2238 aliquid
1420 2197 1572 2237 studeas,
1589 2202 1625 2229 et
1648 2197 1729 2229 doc·

1023 2250 1089 2285 tus,
1104 2247 1334 2288 honestusque
1349 2248 1485 2288 evadas,
1501 2247 1610 2279 refert
1621 2248 1729 2279 maxi-

1022 2307 1130 2329 me.—-
1137 2298 1251 2340 Effluis
1261 2298 1378 2339 amens]
1389 2298 1446 2330 Sic
1458 2299 1579 2340 legend
1585 2308 1727 2338 um,non

1023 2351 1069 2380 Et
1090 2348 1184 2389 fluis.
1243 2350 1429 2391 Comparat
1454 2349 1543 2381 enim
1562 2350 1727 2390 juvenem

1022 2399 1167 2430 mollitie
1183 2399 1408 2440 depravatum
1422 2410 1496 2432 cum
1519 2410 1599 2431 vase
1617 2398 1729 2439 fictili,

1022 2451 1137 2481 multis
1153 2450 1262 2482 modis
1288 2456 1473 2491 corrupto:
1498 2451 1641 2490 primum
1661 2450 1727 2481 hoc

1022 2505 1090 2539 est,
1111 2502 1201 2541 quod
1228 2501 1349 2532 effluit.
1396 2501 1473 2532 Hoc
1502 2500 1545 2531 de
1573 2509 1615 2530 eo
1640 2500 1728 2531 acci-

1022 2549 1183 2589 piendum
1201 2550 1259 2591 qui
1283 2551 1328 2581 sit
1350 2550 1501 2581 moribus
1518 2549 1728 2590 depravatis,

1021 2603 1058 2630 et
1072 2600 1305 2641 voluptatibus
1321 2599 1462 2632 diffluat.
1488 2601 1621 2632 Casaub.
1651 2601 1731 2640 Vel,

1020 2651 1069 2682 Tu
1084 2650 1209 2682 stolide
1222 2654 1259 2682 et
1274 2660 1374 2692 vane,
1388 2661 1453 2683 una
1469 2661 1546 2683 cum
1561 2656 1728 2692 tempore,

1022 2701 1114 2743 quod
1137 2702 1245 2734 solum
1267 2705 1362 2734 tuum
1389 2706 1455 2744 est,
1482 2706 1518 2735 et
1541 2702 1632 2744 quod
1657 2706 1726 2734 tam
