1888 3032
731 188 915 220 SAT1RA
949 190 1002 220 11.
1546 180 1604 220 65

133 289 253 329 Hinc
273 285 381 328 illud
401 285 547 336 subiit,
570 298 675 327 auro
697 298 849 326 sacras
870 284 989 339 quod
1009 287 1144 326 ovato

136 355 348 396 Perducis
367 354 503 394 facies
522 367 531 394 ε
563 367 677 403 nam,
700 353 857 394 fratres
876 353 983 393 inter
1004 353 1154 402 aenos,

133 422 314 464 Somnia
335 422 494 474 pituita
515 423 590 475 qui
613 421 922 475 purgatissima
940 420 1125 469 mittunt,

133 490 363 543 Praecipui
386 494 538 540 sunt03
569 489 710 541 sitque
729 487 815 527 illis
839 500 971 527 aurea
990 487 1144 528 barba.

192 555 361 597 Aurum
381 569 491 596 vasa
514 554 677 595 Numae
700 554 990 607 Saturniaque
1010 554 1182 607 impulit
1203 568 1307 605 aera,

132 621 428 676 Vestalesque
449 634 579 662 urnas
600 627 643 662 et
663 621 861 661 Tuscum
881 620 1015 661 fictile
1031 624 1184 662 mutat.

138 688 178 730 Ο
202 703 346 731 curvae
368 691 413 730 in
431 694 569 730 terras
592 689 767 739 animae,
787 693 831 729 et
851 688 1098 730 coelestium
1119 689 1294 730 inanes!

136 754 256 807 Quid
270 758 398 812 juvat
416 758 514 807 hoc,
533 757 708 811 templis
729 760 902 797 nostros
922 755 1154 797 immittere
1174 769 1333 805 mores,

133 900 273 932 exultare
296 898 485 939 incipiant:
510 900 582 930 inde
606 899 661 930 hoc
686 901 780 940 venit,
805 900 885 940 quod
909 900 1065 930 incr-ustas
1087 902 1209 930 sanctos
1235 900 1385 931 Deorum
1406 900 1508 931 vultus
1531 909 1607 930 auro

133 942 334 982 triumphato.
379 942 507 972 Etenim
533 942 616 972 inter
639 953 804 981 germanos
826 952 887 973 oere
907 942 1008 980 fusos,
1028 942 1061 972 1ιὶ
1079 942 1268 982 proeferendi
1283 943 1347 973 sint
1362 942 1416 981 qui
1432 943 1607 973 immittunt

132 985 283 1016 insomnia
296 984 415 1024 pituita
438 985 574 1015 maxime
597 986 770 1023 defoecata:
793 988 823 1015 et
845 986 894 1015 his
915 986 1008 1015 detur·
1030 984 1126 1014 barba
1148 994 1188 1014 ex
1210 995 1296 1016 auro.
1341 986 1463 1016 Aurum
1487 985 1607 1025 expulit

131 1029 255 1058 vascula
272 1028 395 1065 Numoe,
421 1037 537 1057 necnon
559 1037 661 1058 teneas
688 1028 823 1058 Saturni
847 1032 1010 1066 crateras,
1032 1031 1124 1067 atque
1145 1026 1289 1058 immutat
1313 1029 1473 1068 capedines
1494 1028 1608 1068 Vestoe,

132 1080 168 1101 ac
183 1073 280 1101 testas
296 1069 446 1100 Etruriae.
495 1070 524 1099 Ο
549 1074 666 1101 mentes
688 1080 797 1109 pronoe
820 1070 852 1100 in
875 1073 1005 1110 terram,
1022 1073 1052 1100 et
1066 1079 1171 1100 eacuoe
1185 1079 1291 1100 rerum
1314 1069 1406 1101 coelz'!
1431 1070 1517 1105 Quid
1535 1080 1609 1110 pro-

131 1115 200 1144 dest
215 1112 303 1152 illud,
316 1112 459 1142 inducere
473 1121 569 1142 mores
581 1116 701 1144 nostros
721 1112 838 1144 cedibus
858 1113 968 1153 sacris,
993 1116 1023 1143 et
1037 1113 1183 1151 judicare
1196 1113 1335 1152 quaeclam
1349 1123 1411 1144 esse
1422 1116 1520 1153 grata
1537 1113 1607 1143 Nu-

747 1207 985 1219 eeeeeeeeeeee

139 1272 400 1306 Casuubon.—55
439 1282 544 1304 sacras
565 1283 641 1304 auro
663 1273 733 1305 Ms.
750 1274 792 1305 R.
809 1277 845 1305 et
859 1273 929 1304 Ms.
948 1272 1114 1304 Gal.-—5s
1137 1271 1240 1314 fitque
1265 1271 1328 1303 illis
1342 1270 1426 1303 edit.
1445 1271 1609 1313 steph.—

798 1360 940 1393 NOTAE

136 1435 171 1463 et
195 1432 349 1465 laetitiam
365 1446 373 1465 ι
408 1436 541 1477 eritque
570 1437 643 1469 haec
674 1437 842 1478 expolitio

137 1482 260 1523 prioris
277 1486 468 1525 sententiae,
484 1487 583 1517 sudes.
628 1487 714 1518 Sunt
727 1487 785 1528 qui
801 1486 844 1517 de

134 1533 294 1574 lacrymis
319 1535 530 1576 intelligant:
564 1537 625 1568 sed
657 1537 846 1568 reclamant

135 1584 208 1616 haec
223 1585 331 1616 verba
342 1590 465 1626 pectore
481 1588 567 1619 loevo.

179 1638 218 1665 55
244 1635 331 1666 Hinc
341 1637 420 1667 illud
434 1637 546 1677 subiit]
571 1637 625 1668 Ex
638 1647 678 1668 eo
693 1638 783 1679 qnod
799 1638 847 1670 ita

138 1684 265 1725 gaudes
280 1686 357 1717 dato
375 1687 437 1717 tibi
450 1697 531 1718 auro
548 1692 582 1718 et
599 1694 754 1729 argento,
766 1689 846 1720 hinc

137 1735 283 1766 animum
308 1740 403 1767 tuum
427 1737 519 1768 subit
543 1739 672 1779 opinio,
689 1743 725 1769 et
747 1744 846 1780 putas

135 1785 174 1818 iis
190 1787 320 1827 pariter
331 1789 425 1820 Deos
440 1789 588 1829 gaudere
603 1801 611 1820 :
637 1790 845 1831 proindeque

136 1845 255 1867 eorum
279 1842 409 1869 statuas
438 1848 519 1869 auro
545 1849 699 1880 exornas,
722 1845 761 1871 ut
787 1850 846 1871 eos

138 1885 359 1918 demerearis.

183 1937 299 1976 ovato]
324 1939 375 1968 Ex
391 1938 544 1969 hostibus
561 1943 738 1979 reportato
751 1943 788 1969 et
803 1949 845 1969 ex

138 1996 256 2018 eorum
280 1988 404 2027 spoliis.
451 1988 578 2020 Ovatio
595 1989 704 2020 minor
728 1990 845 2021 trium-

138 2037 236 2077 phus,
252 2036 363 2068 dictus
384 2038 427 2068 ab
445 2048 506 2069 ove
523 2048 598 2079 quae
622 2043 702 2070 tunc
720 2044 845 2070 macta-

138 2086 252 2126 batur,
269 2088 358 2118 sicut
377 2087 436 2118 bos
459 2088 493 2118 in
517 2089 639 2130 majori
664 2090 847 2130 triumpho.

139 2136 215 2168 Nec
230 2137 316 2166 enim
334 2138 448 2177 placet
465 2138 637 2171 deducere
656 2140 696 2171 ab
719 2150 794 2180 om,
811 2145 849 2171 ut

139 2186 259 2216 volunt
275 2187 425 2217 nonnulli
439 2197 479 2218 eo
493 2189 582 2229 quod
600 2200 674 2230 quae
691 2191 848 2222 inauran-

138 2240 195 2267 tur
210 2236 302 2277 prius
321 2238 374 2268 ovi
392 2238 468 2269 albo
484 2239 673 2271 illinuntur.

183 2290 225 2318 56
255 2287 341 2318 Nam
360 2287 482 2325 fratres
508 2289 603 2330 inter,
629 2291 699 2331 δῖα]
733 2292 848 2323 Itonia

140 2341 204 2369 est.

182 2388 315 2419 Fratres
336 2389 419 2420 inter
434 2389 539 2430 aenos]
572 2391 620 2422 Hi
648 2396 726 2422 sunt
753 2392 846 2433 quin-

140 2437 301 2479 quaginta
317 2438 376 2469 filii
403 2440 551 2481 AEgypti,
567 2451 707 2482 quorum
724 2446 846 2473 statuae

141 2487 175 2518 in
192 2488 326 2528 porticu
344 2488 512 2529 Apollinis
539 2491 686 2522 Palatini
710 2496 846 2523 ereclae.

142 2537 274 2568 Harum
298 2539 386 2569 enim
409 2540 564 2580 quaedam
580 2541 719 2572 oracula
744 2547 779 2572 et
800 2552 850 2573 re-

142 2596 266 2627 sponsa
278 2598 339 2629 per
349 2599 502 2621 somnum
515 2592 763 2631 postulantibus
775 2593 848 2623 red-

143 2637 226 2668 dere
250 2640 488 2672 credebantur.
535 2642 592 2673 Ita
616 2647 713 2673 vetus
737 2643 851 2674 Inter-

144 2699 237 2731 pres,
250 2691 394 2723 Casaub.
414 2695 477 2724 ἃς.
523 2694 698 2725 Adversus
711 2695 852 2725 nonnul-

142 2738 205 2782 los,
225 2741 281 2781 qui
296 2742 493 2783 intelligunt
508 2744 565 2774 alii
581 2745 718 2786 quidem
736 2746 855 2777 Casto-

234 2793 350 2835 Detph.
366 2797 397 2826 et
418 2795 496 2828 Ver.
514 2797 598 2829 Clas.

898 1447 971 1468 rem
988 1441 1024 1468 et
1048 1436 1238 1476 Pollucem,
1255 1435 1311 1467 alii
1334 1444 1414 1466 vero
1440 1434 1611 1475 quoslibet

898 1488 1006 1526 Deos,
1029 1487 1086 1528 qui
1103 1486 1228 1518 fratres
1250 1487 1418 1525 dicantur,
1436 1485 1515 1526 quia
1531 1489 1611 1516 sunt

899 1546 1015 1568 omnes
1028 1537 1089 1568 filii
1106 1537 1203 1568 unius
1220 1537 1337 1567 matris
1353 1536 1514 1576 Cybeles,
1531 1544 1611 1576 quo-

900 1597 974 1618 rum
991 1588 1165 1628 pleraeque
1183 1597 1226 1618 ex
1242 1597 1309 1618 aere
1327 1591 1426 1618 erant
1440 1590 1576 1617 statuae.

944 1641 985 1669 57
1018 1638 1148 1669 Pituita
1168 1637 1410 1679 purgatissima]
1444 1638 1496 1667 Ea
1521 1636 1611 1667 enim

901 1699 982 1720 vera
996 1693 1161 1729 putantur
1174 1689 1350 1729 insomnia,
1363 1699 1437 1730 quae
1452 1698 1520 1720 non
1536 1697 1613 1729 pro-

900 1740 1043 1771 veniunt
1060 1750 1103 1770 ex
1119 1740 1326 1771 humoribus.

943 1794 984 1821 58
1009 1791 1122 1831 Sitque
1144 1791 1208 1821 illis
1232 1800 1326 1821 aurea
1345 1789 1454 1830 barba]
1488 1789 1612 1829 Super-

901 1841 1025 1873 stitiosi
1053 1847 1186 1872 veteres
1211 1851 1229 1872 e
1254 1839 1464 1881 supradictis
1489 1840 1611 1870 statuis

900 1901 957 1922 eas
987 1890 1201 1930 inaurabant‚
1230 1901 1248 1921 a
1277 1890 1400 1932 quibus
1430 1890 1613 1920 immissum

900 1941 963 1971 sibi
988 1951 1104 1972 verum
1133 1941 1271 1981 aliquod
1301 1940 1468 1971 somnium
1495 1939 1612 1970 crede-

900 1991 1003 2022 bant:
1029 1996 1065 2022 et
1077 2001 1159 2032 quos
1174 1992 1318 2022 maxime
1332 1992 1426 2021 Deos
1442 1989 1613 2029 colebant,

901 2040 940 2071 iis
958 2040 1097 2071 barbam
1116 2050 1251 2071 auream
1268 2040 1411 2079 dabant,
1433 2044 1470 2071 ut
1485 2040 1614 2071 dictum

903 2096 955 2122 est
972 2091 1015 2121 de
1031 2091 1227 2132 AEsculapio
1251 2101 1353 2132 supra
1377 2091 1419 2122 ad
1441 2100 1479 2121 ea
1496 2090 1614 2129 verba,

901 2143 910 2159 ‘
929 2142 1066 2172 Vellere
1084 2141 1246 2174 barbam.’
1292 2142 1380 2173 Vide
1411 2147 1446 2173 et
1473 2142 1614 2173 Sueton.

903 2193 936 2224 in
953 2193 1121 2233 Caligula,
1137 2203 1168 2225 e.
1185 2197 1239 2225 52.

948 2247 989 2274 59
1017 2244 1099 2275 Vasa
1123 2244 1254 2283 Numoe]
1285 2245 1463 2283 Testaeea,
1490 2243 1616 2284 simpli-

906 2294 971 2334 cia,
988 2294 1100 2334 qualia
1117 2294 1270 2324 adhibuit
1290 2294 1402 2325 Numa
1424 2293 1615 2334 Pompilius

906 2344 1136 2383 reugiosorum
1164 2344 1290 2374 rituum
1321 2344 1412 2384 apud
1440 2345 1614 2375 Romanos

906 2397 1037 2424 auctor.
1061 2393 1132 2424 Cic.
1147 2393 1270 2423 Par-ad.
1284 2402 1307 2424 1.
1330 2393 1420 2426 Plin.
1433 2402 1547 2425 xxxv.
1562 2396 1615 2425 12.

907 2447 943 2474 et
958 2451 1092 2473 xxxul.
1110 2445 1162 2473 11.

948 2492 1115 2532 Saturnia]
1140 2493 1264 2525 Qualia
1287 2499 1385 2524 erant
1400 2493 1433 2524 in
1450 2503 1511 2524 usu
1533 2497 1615 2523 tem-

904 2543 1043 2584 poribus
1071 2544 1125 2575 vel
1150 2544 1183 2574 in
1211 2545 1284 2575 aede
1310 2544 1461 2575 Saturni.
1508 2542 1612 2573 Ovid.

907 2595 1000 2625 Fast.
1016 2604 1040 2626 1.

951 2648 993 2676 60
1024 2646 1219 2686 Vestalesque
1234 2645 1342 2684 urnas]
1379 2643 1503 2676 Quales
1520 2641 1613 2674 adhi-

906 2695 1036 2727 bebant
1051 2696 1211 2726 Vestales
1227 2696 1260 2725 in
1277 2694 1382 2725 sacris
1398 2694 1526 2723 Vestae.

953 2743 1082 2777 Tuscum
1100 2745 1220 2787 fictile]
1252 2743 1353 2775 Tusci
1375 2742 1532 2783 religioni
1557 2742 1614 2775 ad-

841 2798 934 2830 Pers.
1498 2796 1528 2827 E
