1888 3032
215 138 302 180 2752

217 241 329 284 sicciS,
358 240 474 271 sobriis
501 242 536 270 et
566 237 728 276 honestis,
759 241 919 278 tanquam

218 292 380 332 probrum
409 295 443 320 et
471 288 619 319 dedecus
644 287 776 318 obstem
806 291 842 318 et
866 287 923 317 ob-

217 343 297 374 sim?
328 341 441 371 Verba
459 338 703 377 indignationis
716 339 828 378 plena.
844 337 923 368 Lab.

262 394 323 424 164
348 392 397 421 An
413 399 490 428 rem,
504 389 571 428 δικ]
606 388 647 419 Id
672 393 736 428 est,
759 388 925 423 Universa

220 441 414 484 patrimonii
446 440 513 470 mei
537 439 831 478 bona.*Rumore‚
858 438 925 479 Sym]

220 493 323 523 Fama
340 491 447 521 miuus
473 490 570 520 bona.
599 490 696 520 Idem.

263 546 322 573 165
346 541 470 579 Limen,
487 542 554 581 ἃμ]
582 540 637 571 Ad
662 540 854 571 obscoenam
872 540 927 570 do-

218 603 308 625 mum
342 591 587 628 meretriciam,
625 590 667 620 ad
700 600 800 631 quam
836 599 929 630 saepe

221 645 458 675 adolescentes
491 641 685 682 patrimonii
720 641 770 671 sui
796 639 929 670 naufra-

222 695 311 736 gium
343 694 531 724 faciunt.-—
544 690 720 730 Frangam]
760 692 928 727 Atteram‚

222 745 378 787 perdam,
388 742 630 783 dilapidem.——-
639 742 736 780 Udas,
748 741 818 781 effen]
834 741 928 771 Udas

221 796 313 828 fores
327 795 426 833 dixit,
451 804 533 834 quas
560 799 728 824 amatores
746 793 855 823 solent
869 802 928 822 un-

222 851 348 888 guento
380 844 602 886 perfundere,
626 848 661 875 et
690 851 769 874 ante
788 844 927 884 januam

225 899 359 930 illarum
397 901 532 927 noctem
571 896 708 936 vigiliis,
742 900 777 926 et
826 899 929 925 cantu

223 949 423 988 transigere.
440 948 508 978 Vet.
520 945 811 986 iS'cli.—Dum,85c.]
837 946 930 976 Dum

222 1001 301 1031 vino
318 1003 354 1030 et
378 1001 551 1038 unguento
575 995 730 1027 madidus
757 1000 793 1026 et
821 994 932 1035 perfu-

225 1060 292 1088 sus,
317 1049 430 1079 ebrius
454 1046 639 1078 anteferes
657 1046 840 1087 Chrysidos
864 1056 932 1076 me-

226 1102 373 1139 retricis,
401 1104 567 1130 nocturno
593 1103 747 1138 tempore
771 1109 847 1129 cum
875 1109 932 1129 ex-

223 1154 336 1186 tincta
361 1151 449 1189 face,
474 1160 516 1181 ne
546 1160 565 1180 a
582 1150 838 1181 transeuntibus
876 1161 932 1191 ag-

225 1213 359 1243 noscar,
386 1206 500 1233 canto.
563 1200 669 1231 Notat
706 1201 932 1240 multiplicem

217 1256 383 1296 juvenum
399 1251 562 1283 insaniam
578 1251 609 1281 in
623 1250 857 1282 suffunde-ndis
869 1252 933 1281 illis

225 1305 326 1336 modo
359 1304 447 1341 vino,
480 1302 579 1332 niodo
602 1312 690 1342 aqua
726 1302 756 1331 in
790 1302 933 1332 cardini-

225 1356 303 1395 bus,
319 1353 419 1385 modo
435 1352 629 1392 lachrymis.
678 1353 752 1383 Nec
770 1353 857 1382 male
882 1362 932 1382 rc-

228 1406 318 1439 feras
335 1405 378 1436 ad
394 1405 544 1434 lenarnm
573 1412 695 1432 anunm
727 1403 932 1442 potationes.

231 1457 364 1489 casaub.

272 1511 333 1539 167
359 1508 462 1547 Euge,
482 1509 548 1549 ᾇτ’]
585 1506 701 1538 Verba
724 1505 816 1537 Davi
844 1506 933 1536 servi

228 1558 377 1590 laetantis
401 1562 436 1589 et
461 1558 677 1599 gratulantis.
724 1558 832 1596 Euge,
849 1566 934 1596 prae-

228 1609 334 1647 clare,
350 1618 436 1648 puer
453 1609 697 1646 Chaerestrate,
713 1616 801 1637 nunc
820 1607 872 1636 vir
888 1616 934 1645 es,

227 1658 328 1690 laudo
346 1664 402 1689 te:
428 1658 482 1688 Sic
499 1658 635 1688 tandem
660 1657 784 1696 sapias,
800 1662 835 1687 et
852 1657 932 1697 quid

228 1716 263 1741 te
280 1710 418 1750 dignum
437 1709 492 1748 sit,
510 1709 715 1747 consideres,
729 1713 764 1738 et
780 1708 859 1738 Diis
876 1708 933 1738 de-

227 1761 437 1803 pellentibus
449 1765 483 1790 et
500 1761 696 1790 averruncis
711 1769 829 1799 agnam
844 1769 933 1789 mac-

229 1818 278 1854 ta,
296 1819 331 1845 et
355 1812 523 1847 sacrifica,
541 1811 629 1852 quod
655 1815 687 1842 te
705 1821 723 1841 a
740 1811 935 1848 meretrice,

230 1869 390 1905 tanquam
406 1873 425 1893 a
449 1863 534 1892 mala
558 1862 678 1900 bestia,
701 1861 935 1891 liberarint.—

230 1915 311 1946 Diz's
325 1912 561 1953 depellentibus]
595 1911 655 1942 Dii
669 1911 881 1950 depellentes
899 1914 934 1941 et

230 1964 424 1996 Averrunci
436 1963 599 1993 dicuntur
612 1963 734 1993 Castor
747 1967 779 1993 et
792 1962 913 1992 Pollux
925 1973 933 1999 ;

232 2015 363 2047 Graecis
390 2012 564 2052 ἀλεξίκακοι
580 2012 631 2044 καὶ
647 2014 857 2053 ἆποτροπαῖοι,
876 2013 932 2054 qui

230 2066 386 2107 prodigia
409 2070 444 2096 et
469 2070 629 2105 portenta
652 2064 933 2096 averruncabant.

231 2117 385 2148 Turneb.
398 2125 458 2147 xx.
474 2120 503 2147 1.

277 2170 339 2198 168
365 2167 512 2207 Per-cute]
556 2167 687 2203 Macta,
712 2166 936 2197 sacrifica.—

233 2217 390 2258 Sed,&c.]
424 2217 490 2247 Sed
518 2222 568 2254 tu,
585 2228 604 2247 0
639 2218 748 2255 Dave,
776 2226 936 2248 censesne

232 2269 336 2309 illam,
349 2269 407 2300 ubi
432 2278 519 2300 ame
541 2269 678 2300 deserta
694 2268 811 2309 fuerit,
828 2270 937 2309 plora-

233 2324 346 2350 turam
358 2320 546 2360 misereque
562 2318 824 2350 adflictandam?
838 2319 936 2351 Quod

233 2378 355 2399 saxeus
371 2379 434 2408 ego
452 2374 486 2400 et
504 2374 644 2400 truncus
661 2371 734 2409 sim,
754 2371 780 2400 si
799 2370 937 2411 perpeti

234 2428 365 2460 queam.
390 2419 488 2449 Idem.

278 2472 340 2499 169
366 2469 522 2507 Magaris]
560 2470 671 2499 Verba
698 2471 799 2501 Davi.
845 2471 936 2509 Ergo

235 2524 272 2551 tu
296 2519 433 2560 nugaris
448 2524 483 2550 et
507 2519 656 2556 vacillas,
671 2529 733 2549 nec
758 2518 873 2549 firmus
902 2521 935 2549 in

235 2571 410 2612 proposito
439 2574 497 2600 tuo
529 2579 737 2610 perseveras.
778 2569 936 2599 Lahiru.—

237 2621 394 2661 Nugaris]
440 2622 555 2661 Nugas
588 2621 658 2660 agis
689 2630 762 2650 cum
793 2621 876 2650 dicis
903 2626 937 2651 te

238 2673 324 2703 velle
338 2673 468 2712 priores
479 2671 612 2703 dolores
625 2671 737 2702 finire:
764 2681 839 2702 nam
856 2681 937 2702 ecce

239 2722 281 2754 ad
300 2723 470 2763 ingenium
485 2723 588 2755 redis.
619 2722 685 2753 Vel
701 2722 768 2753 sic:
786 2721 938 2764 Lepidus

668 144 806 174 No'rAE
841 143 899 172 VA
911 142 1105 172 RlORUM
1139 142 1190 173 IN

972 241 1116 277 nugator
1141 246 1189 276 es,
1203 245 1280 267 cum
1293 235 1341 268 vis
1357 236 1465 269 videri
1490 235 1682 268 misericor-

975 287 1031 317 dia
1046 286 1125 317 duci
1143 290 1284 327 propter
1299 287 1472 327 Chrysidis
1492 288 1682 327 lacrymas3

977 328 1055 377 quin
1070 342 1105 368 tu
1120 337 1232 377 potius
1251 343 1283 368 te
1300 337 1468 369 miserare.
1501 336 1681 369 Casuum*

979 388 1110 419 Alludit
1145 389 1186 418 ad
1219 389 1430 429 petulantem
1462 387 1682 419 meretricum

977 448 1117 478 morem,
1133 439 1368 479 qnaejuvenes
1397 445 1564 468 amatores
1588 436 1682 467 solea

978 495 1012 520 et
1049 490 1192 530 crepida
1237 489 1463 526 castiaabaut,
1498 496 1683 527 eorumque

977 546 1075 571 nates
1092 540 1287 581 pulsabant.
1304 539 1456 570 'l'urneb.
1475 547 1540 569 xx.
1558 541 1588 569 1.

1022 595 1084 622 170
1110 592 1171 629 Νι),
1201 591 1272 631 35⁶²]
1321 591 1407 621 Sunt
1437 594 1548 620 autem
1577 586 1684 618 verba

980 643 1071 673 Davi
1095 642 1266 673 dominum
1283 651 1378 672 suum
1395 641 1481 671 salse
1499 638 1685 670 irridentis.

979 693 1083 725 Quasi
1110 693 1222 723 dicat:
1262 692 1313 723 Mi
1347 691 1482 721 domine
1510 690 1604 728 here,
1642 697 1685 718 ne

977 742 1119 773 festines
1136 747 1169 773 et
1187 742 1338 781 trepides
1361 751 1465 782 usque
1490 740 1588 779 adeo,
1601 742 1638 769 ut
1666 747 1686 768 a

979 795 1145 825 servitute
1168 794 1362 824 meretricia
1385 793 1550 833 libereris,
1572 801 1613 822 ne
1637 791 1685 821 iu-

979 845 1082 885 digne
1098 855 1204 886 usque
1220 844 1305 875 adeo
1330 844 1413 874 illud
1434 844 1554 884 jugum
1578 852 1686 873 mere-

979 895 1114 925 tricium
1139 895 1201 925 tibi
1227 895 1396 931 videatur,
1411 900 1448 923 ut
1472 902 1564 923 mone
1594 891 1689 931 ferte,

981 946 1111 977 retibus
1129 947 1183 977 vel
1204 946 1356 976 cassibus
1374 956 1393 975 a
1409 945 1590 975 meretrice
1607 943 1687 973 irie-

981 999 1077 1035 titus,
1094 1003 1132 1029 ut
1147 1004 1178 1028 te
1193 998 1318 1028 liberes
1332 1002 1366 1028 et
1384 997 1549 1035 exsolvas,
1573 1004 1687 1026 casses

981 1050 1169 1080 mordendo
1185 1049 1285 1079 rodas
1302 1052 1338 1079 et
1361 1047 1502 1078 incidas,
1547 1046 1688 1076 Frustra

982 1101 1071 1131 enim
1086 1099 1168 1131 illud
1186 1099 1312 1137 facies3
1334 1108 1411 1129 nam
1436 1098 1530 1128 brevi
1546 1101 1580 1127 te
1596 1096 1687 1127 ultro

983 1161 1097 1181 rursus
1114 1150 1160 1180 illi
1185 1150 1218 1180 iu
1238 1150 1438 1180 servitutem
1463 1148 1578 1178 dedes.
1623 1147 1688 1178 Est

984 1201 1158 1241 Allegoria
1189 1211 1208 1232 a
1238 1199 1331 1232 feris.
1385 1202 1446 1231 Est
1479 1203 1593 1230 autem
1635 1198 1688 1228 Ne

982 1252 1069 1290 velis,
1086 1252 1249 1289 hocloco,
1274 1251 1323 1281 Nc
1345 1260 1411 1281 non
1436 1250 1602 1289 caussale,
1628 1249 1688 1281 sed

983 1302 1170 1343 imperandi
1211 1302 1277 1332 vim
1310 1301 1592 1341 habet—Arctos,
1621 1300 1689 1341 ἔξω]

983 1353 1128 1383 Vincula
1146 1352 1241 1382 firma
1266 1357 1301 1382 et
1326 1350 1448 1381 valida.
1494 1351 1583 1382 Vide
1607 1352 1691 1382 Pro-

984 1403 1158 1433 verbiuin:
1187 1404 1296 1432 Casses
1312 1403 1428 1432 rodere.
1460 1400 1582 1431 Lubin.

1027 1457 1087 1485 171
1115 1454 1217 1492 Nunc,
1247 1454 1316 1494 ξω]
1354 1454 1395 1483 Id
1427 1458 1491 1491 est,
1517 1453 1595 1483 Tibi
1616 1453 1689 1493 jam

984 1504 1121 1546 quidem
1138 1504 1249 1544 fortis,
1265 1508 1300 1535 et
1315 1504 1583 1545 imperturbatus
1599 1503 1691 1534 vide-

984 1556 1030 1586 ris
1047 1567 1053 1586 z
1072 1560 1107 1586 at
1122 1557 1149 1586 si
1163 1557 1220 1586 illa
1237 1561 1269 1587 te
1287 1561 1399 1595 vocer,
1413 1556 1575 1587 continuo
1592 1555 1691 1586 aliter

984 1606 1152 1637 animatus
1179 1607 1259 1645 eris,
1276 1611 1311 1637 et
1330 1606 1438 1636 victus
1454 1605 1609 1636 labasces
1623 1614 1689 1635 uno

984 1657 1089 1688 verbo
1107 1666 1205 1697 quam
1224 1657 1395 1687 citissime.
1412 1656 1525 1686 Lubin.

1028 1710 1090 1738 172
1115 1706 1285 1745 Quidnam,
1311 1706 1378 1746 ἐξα]
1420 1707 1530 1737 Locus
1555 1716 1598 1737 ex
1627 1706 1691 1736 Te-

984 1759 1086 1789 rentii
1101 1759 1276 1789 Eunucho.
1321 1759 1446 1789 Sensus
1462 1763 1533 1789 est:
1565 1759 1689 1790 Nonne

984 1819 1074 1840 nunc
1104 1819 1176 1839 eam
1207 1809 1390 1840 accedam:
1428 1819 1503 1840 cum
1531 1810 1621 1840 ultro
1649 1809 1691 1840 ab

984 1861 1059 1900 ipsa
1074 1869 1240 1900 accersar,
1256 1865 1288 1891 et
1313 1861 1370 1891 illa
1393 1861 1484 1892 ultro
1508 1861 1587 1891 mibi
1612 1871 1690 1902 snp-

985 1912 1065 1951 plex
1085 1911 1250 1942 accedat?
1276 1911 1373 1942 Idem.

1029 1965 1090 1993 173
1116 1962 1165 2001 Si,
1182 1964 1249 2003 &eff
1271 1963 1363 1992 Vera
1379 1963 1532 2002 libertas,
1548 1972 1615 1993 non
1631 1962 1689 1993 illa

986 2013 1138 2054 corporis
1167 2018 1230 2052 est,
1257 2024 1355 2054 quam
1383 2018 1518 2053 praetor,
1545 2017 1581 2044 et
1603 2013 1691 2054 pilea

985 2063 1135 2101 donant3
1161 2064 1217 2093 sed
1243 2063 1357 2100 animi,
1373 2073 1439 2104 qua
1456 2064 1529 2103 quis
1547 2068 1638 2094 totus
1655 2068 1691 2094 et

986 2114 1131 2153 integer,
1159 2112 1350 2144 adfectibus
1378 2119 1413 2143 et
1443 2113 1690 2153 cupiditatibus

985 2164 1159 2202 valedicit,
1173 2169 1206 2194 et
1223 2174 1391 2205 nunquam
1410 2165 1543 2195 illorum
1561 2164 1691 2195 retibus

987 2226 1099 2246 rursus
1126 2216 1337 2255 implicatur.
1377 2216 1693 2256 Luliin.—Integer.]

987 2266 1066 2297 Non
1083 2265 1194 2297 fracto
1220 2267 1331 2297 animo
1348 2276 1390 2297 ex
1408 2267 1528 2296 amoris
1551 2265 1691 2305 affectu,

988 2317 1048 2347 sed
1064 2316 1150 2355 ὑγιὴς
1166 2327 1205 2348 ac
1223 2327 1303 2347 vere
1318 2318 1459 2349 integer.
1479 2316 1608 2348 Gasanb.

1031 2370 1093 2398 174
1118 2368 1183 2397 Hic
1199 2367 1263 2407 hic]
1288 2368 1355 2400 Qui
1374 2367 1527 2397 nimirum
1546 2365 1690 2396 adfecti·

988 2419 1049 2449 bus
1063 2419 1235 2455 valedixit,
1251 2427 1422 2458 nunquam
1439 2427 1551 2447 rursus
1565 2416 1689 2447 conum

989 2479 1083 2498 suum
1108 2469 1240 2499 illorum
1263 2469 1346 2508 jugo
1369 2468 1574 2498 subditurus.
1622 2466 1690 2497 Hic

988 2519 1045 2548 ille
1064 2519 1152 2549 liber
1168 2525 1232 2556 est,
1250 2528 1348 2558 quem
1369 2518 1560 2556 quaerimus.
1577 2517 1690 2549 Lubin.

1032 2572 1092 2599 175
1118 2568 1336 2607 Festttc‹1‚25·c.]
1352 2569 1546 2598 Vindictam
1559 2569 1611 2599 vel
1626 2569 1690 2600 vir-

989 2628 1064 2659 gam
1077 2618 1240 2657 intelligit
1255 2618 1423 2658 praetoris.
1456 2618 1559 2648 Lat-tor
1574 2621 1689 2650 autem

989 2669 1087 2708 dicit,
1121 2678 1187 2699 non
1218 2668 1307 2709 quod
1337 2669 1440 2699 lictor
1473 2678 1550 2699 eum
1577 2678 1692 2699 manu·

989 2719 1129 2761 miserit,
1157 2718 1216 2750 sed
1247 2718 1334 2760 qnod
1376 2728 1452 2750 enm
1484 2719 1627 2750 liberum
1654 2722 1692 2751 et
