1888 3032
267 139 326 183 66
769 146 816 175 Α.
849 141 1013 173 PERSII
1047 142 1222 173 FLAccl

273 246 333 289 Et
348 248 466 287 bona
489 244 572 285 Dis
592 255 649 283 ex
667 241 750 282 hac
771 239 982 280 scelerata
1002 237 1158 278 ducere
1179 237 1318 292 pulpa
1331 240 1350 279 ‘l

272 313 391 356 Haec
411 314 495 353 sibi
518 313 722 362 corrupto
745 307 910 349 casium
931 306 1137 346 dissolvit
1157 305 1302 358 olivo;

273 382 330 424 Et
350 382 586 422 Calabrum
605 377 728 418 coxit
748 376 902 416 vitiato
921 375 1084 415 murice
1106 373 1261 415 vellus.
1691 375 1749 417 65

274 450 390 492 Haec
411 450 597 489 baccam
617 444 798 486 conchae
821 444 997 493 rasisse,
1019 446 1061 483 et
1082 442 1289 495 stringere
1309 453 1446 482 venas

274 515 499 557 Ferventis
519 525 675 554 massae
701 510 832 552 crudo
856 510 909 550 de
930 510 1109 564 pulvere
1131 509 1280 563 jussit.

275 583 445 625 Peccat
465 586 508 622 et
527 581 641 630 haec,
663 585 823 633 peccat
840 593 849 620 :
879 579 987 620 vitio
1009 582 1156 619 tamen
1176 578 1308 618 utitur
1326 590 1334 619 :
1358 581 1404 619 at
1423 590 1506 620 vos

277 652 442 700 Dicite,
465 648 715 703 pontifices,
734 649 778 688 in
794 660 922 688 sacro
945 647 1053 700 quid
1074 646 1181 687 facit
1202 646 1389 687 aurum?

274 719 450 773 Nempe
471 719 556 759 hoc
582 717 702 772 quod
722 716 885 757 Veneri
907 715 1079 755 donatae
1102 727 1130 754 a
1149 715 1312 766 virgine
1331 726 1516 768 puppae.
1688 715 1746 756 70

271 817 418 854 minibus,
432 827 471 848 ex
485 817 546 847 ista
561 819 665 847 nostra
679 824 769 845 carne
783 814 917 845 delicata
933 812 1057 843 sceleris
1067 809 1183 852 plena?
1217 811 1277 842 Illa
1299 812 1391 842 diluit
1406 812 1466 842 sibi
1482 813 1597 843 casiam
1611 813 1674 844 oleo
1699 812 1745 843 vi—

272 862 364 900 tiato,
378 864 407 891 et
426 860 652 891 dec‹›.1·itl‹1nus
679 857 834 888 Calabn‘oe
861 856 1018 896 conchylio
1043 858 1197 894 corrupta.
1243 855 1305 884 Illa
1333 855 1498 895 imperarit
1514 856 1644 886 avellere
1658 855 1745 886 univ-

273 914 343 935 nem
360 913 375 934 e
391 903 525 938 concha,·
550 905 579 932 et
595 900 729 941 conflare
748 910 838 930 renas
853 899 1029 930 calescenlis
1044 897 1159 928 metalli
1181 908 1196 929 e
1215 899 1341 937 pulvere
1365 908 1425 928 non
1447 902 1540 929 cocto.
1586 898 1747 930 Scelerata

274 950 320 978 est
336 947 389 977 illa
408 946 556 984 quidem,
571 945 663 975 etiam
679 944 828 974 scelerum
842 946 906 973 est:
930 941 1129 972 nihilominus
1140 950 1234 971 suum
1251 941 1300 970 illi
1311 942 1410 971 scelus
1425 941 1500 972 utile
1517 944 1573 972 est.
1608 941 1670 972 Sed
1681 950 1746 979 vos,

270 1000 287 1020 o
304 989 487 1024 Antistites‚
503 987 688 1028 quuiminz';
711 986 784 1026 quid
798 987 921 1026 prodest
934 994 1044 1015 ‹mr-um
1060 984 1094 1014 in
1107 981 1220 1014 sucro?
1253 983 1377 1014 Scilicet
1394 984 1473 1014 illud
1496 985 1576 1024 qnod
1599 989 1745 1022 prosunt

269 1032 475 1071 imaguncula:
488 1032 641 1072 puellares
656 1040 675 1060 α
696 1029 797 1069 puella
827 1029 938 1060 Vcnerz'
958 1027 1079 1058 oblutae.
1126 1028 1229 1057 Eccur
1244 1036 1303 1057 non
1319 1028 1468 1058 donamus
1490 1027 1566 1058 Diis
1580 1027 1659 1057 illua
1681 1036 1742 1068 po-

889 1100 1125 1112 eeeeeeeeeeee

269 1151 312 1179 59
335 1149 454 1188 expulit
479 1149 547 1179 ΜΞ.
571 1148 736 1178 Gar—63
759 1147 861 1177 dicere
878 1145 1006 1175 C.—69
1031 1142 1070 1172 In
1096 1145 1201 1172 sancto
1224 1141 1302 1172 edd.
1321 1142 1368 1182 pl.
1386 1145 1420 1172 et
1437 1142 1475 1172 C.
1492 1141 1524 1171 in
1541 1142 1653 1182 templo
1676 1141 1746 1174 Ms.

274 1192 351 1223 Gal.
370 1192 400 1221 in
415 1195 520 1222 sum-to
537 1190 743 1221 membrana¹
762 1198 895 1219 omnes:
923 1185 1013 1226 apud
1032 1185 1264 1225 Lampridium
1292 1184 1324 1215 in
1343 1183 1541 1215 Alexandro
1558 1185 1590 1214 in
1605 1185 1741 1216 sanctis:

273 1234 330 1265 alii
359 1235 495 1265 codices
520 1234 552 1264 in
577 1243 677 1272 sacro,
702 1232 792 1273 quod
820 1234 1028 1271 postremum
1056 1237 1180 1268 sequor
1206 1228 1339 1267 potius:
1377 1237 1450 1257 nam
1467 1237 1588 1258 sacrum
1605 1231 1658 1258 est
1688 1236 1743 1258 res

272 1278 351 1309 Deo
369 1276 583 1317 sacra,uude
611 1280 665 1306 est
691 1275 781 1316 apud
804 1275 968 1304 Plautum
995 1271 1004 1286 ⁴
1021 1271 1124 1300 Sacro
1152 1279 1271 1301 manus
1301 1269 1457 1301 admoliri
1475 1269 1495 1308 3'
1522 1275 1556 1300 et
1582 1269 1632 1300 ita
1654 1269 1745 1311 apud

937 1334 1077 1367 NOTAE

269 1405 405 1437 modum
422 1404 560 1436 fuerunt
583 1404 704 1443 dediti,
728 1412 873 1443 suosque
890 1401 975 1431 ritus

267 1465 308 1487 ac
320 1456 538 1487 caeremonias
554 1455 627 1485 aliis
640 1453 775 1495 populis
789 1461 977 1483 accommo-

267 1507 403 1538 darunt.
451 1507 498 1537 Hi
523 1505 684 1537 fictilibus
709 1504 795 1536 vasis
817 1504 851 1534 in
868 1502 975 1534 sacris

269 1558 339 1589 suis
357 1557 553 1588 utebantur.

312 1610 354 1639 63
382 1609 427 1638 Et
442 1608 517 1638 bona
534 1607 609 1638 Diis
623 1617 663 1637 em
675 1606 742 1645 hac,
756 1604 825 1645 ὅπη]
841 1605 887 1635 Et
904 1613 975 1635 cre-

269 1658 351 1690 dere
368 1659 443 1689 Diis
460 1668 499 1688 ea
516 1658 651 1698 probari
679 1662 715 1687 et
740 1657 829 1687 bona
855 1655 976 1695 videri,

269 1719 346 1751 quae
362 1709 461 1740 nobis
477 1713 512 1740 et
524 1713 648 1740 nostrae
670 1707 800 1739 libidini
818 1706 974 1748 jucunda

268 1765 361 1792 sunt.

310 1810 429 1851 Pulpa]
466 1811 569 1851 palpa
595 1814 631 1841 et
654 1805 913 1850 pulpamentum
930 1807 974 1839 ci-

267 1859 329 1893 bus
345 1860 527 1900 delicatus,
541 1870 602 1891 seu
617 1870 696 1891 caro
711 1860 840 1900 optima
856 1863 889 1889 et
903 1858 974 1889 sine

266 1912 414 1944 ossibus.
472 1911 712 1953 Metaphoriee
739 1910 883 1941 sumitur
912 1919 974 1950 pro

267 1964 362 1994 molli
377 1962 502 1994 affectu
520 1973 601 2001 erga
615 1963 729 1993 luxum
749 1966 784 1992 et
802 1960 953 1991 delicias.

311 2016 354 2044 64
378 2013 472 2053 Hoec]
496 2013 609 2053 Pulpa
618 2021 741 2052 nempe
754 2010 973 2042 etmollities.

315 2064 469 2103 Corrupto
498 2064 624 2101 casiam,
655 2062 712 2102 25⁶]
746 2061 885 2092 Invenit
915 2070 974 2090 un-

269 2118 406 2153 guenta,
425 2114 458 2144 in
473 2114 591 2154 quibus
602 2113 692 2142 casia
709 2112 805 2142 simul
819 2116 853 2141 et
863 2111 973 2142 oleum

267 2163 426 2202 solvitur,
455 2163 533 2193 dum
569 2163 758 2193 miscentur
773 2172 780 2191 ε
828 2164 974 2201 pereunt

267 2213 438 2251 nimirum,
454 2219 492 2244 ut
509 2213 648 2244 tertium
667 2212 748 2253 quid
766 2211 959 2242 conficiant.

309 2265 350 2294 65
378 2263 547 2294 Calabrum
563 2261 671 2300 vellus]
695 2261 911 2291 Tarentinam
928 2261 974 2291 la-

267 2321 359 2352 nam,
386 2323 462 2354 qnae
485 2321 539 2343 est
555 2313 696 2353 optima.
741 2311 901 2342 Calabria
923 2321 974 2342 re-

267 2362 323 2403 gio
340 2363 466 2401 Italiae,
483 2363 595 2402 hodie⁷
611 2363 706 2393 Terra
725 2362 906 2392 d'Otranto.

315 2413 426 2452 Coxit]
459 2412 601 2451 Infecit,
616 2413 737 2443 tinxit:
764 2412 805 2443 Id
820 2417 883 2450 est,
896 2413 973 2442 lana

267 2463 467 2504 peregrinos
494 2463 624 2494 colores
663 2462 821 2493 ementiri
850 2462 972 2493 didicit

268 2523 332 2555 per
351 2518 502 2545 nostrum
531 2514 658 2543 luxum.
706 2513 805 2545 Quod
836 2512 971 2552 quidem

268 2563 370 2604 primi
400 2564 546 2595 omnium
575 2563 780 2593 invenerunt
801 2561 902 2602 Lydi,
933 2565 971 2592 ut

267 2614 372 2645 habet
388 2614 478 2645 Plin.
495 2623 561 2645 vu.
574 2616 628 2644 56.

310 2664 447 2705 Murice]
470 2663 580 2696 Piscis
595 2668 647 2694 est
661 2663 820 2703 marinus,
837 2672 855 2693 c
873 2662 969 2703 cujus

264 2715 403 2746 humore
419 2716 513 2747 color
528 2724 720 2757 purpureus
736 2714 927 2746 conficitur.

1072 1409 1114 1437 66
1138 1405 1292 1446 Baccam]
1336 1406 1451 1437 Baccoe
1496 1405 1633 1446 proprie
1662 1408 1743 1437 sunt

1029 1454 1160 1487 fructus
1177 1457 1264 1488 lauri
1279 1467 1287 1488 :
1322 1461 1466 1498 propter
1482 1456 1741 1488 similitudinem

1029 1511 1143 1538 autem
1159 1507 1206 1537 ita
1222 1512 1390 1538 vocantur
1405 1507 1547 1538 uniones
1561 1512 1597 1539 et
1609 1517 1741 1547 marga-

1031 1558 1117 1589 ritae.
1143 1558 1225 1589 Hor.
1243 1557 1355 1598 Epod.
1376 1567 1456 1588 vm.
1494 1557 1503 1574 ‘
1522 1558 1595 1589 Nec
1613 1557 1658 1589 sit
1673 1567 1744 1588 ma—

1032 1607 1098 1638 rita
1112 1608 1199 1640 Quae
1216 1607 1473 1638 rotundioribus
1490 1612 1612 1639 onusta
1627 1607 1742 1639 baccis

1031 1658 1205 1689 ambulet.’

1073 1708 1215 1748 Rasisse]
1266 1708 1363 1739 Lima
1391 1708 1549 1739 avellisse
1580 1708 1740 1739 unionem

1029 1758 1166 1789 concliae
1198 1759 1369 1790 tenaciter
1395 1759 1649 1798 adhaei·entem;
1684 1759 1740 1790 vel

1028 1809 1131 1839 etiam
1147 1809 1232 1839 callo
1247 1817 1394 1849 purgare
1411 1808 1541 1840 docuit.

1073 1860 1117 1890 Et
1132 1860 1287 1899 stringere
1302 1869 1406 1898 renus,
1421 1858 1491 1899 25⁶]
1530 1858 1571 1889 Id
1590 1863 1656 1900 est,
1672 1860 1741 1891 col-

1029 1912 1136 1952 ligere
1161 1913 1334 1953 pnlverem
1362 1916 1399 1943 ct
1425 1916 1580 1943 ramenta
1605 1912 1677 1943 auri
1704 1917 1742 1944 et

1030 1963 1165 2003 argenti
1189 1973 1208 1994 e
1229 1962 1322 1993 venis
1350 1966 1466 1999 terrae,
1488 1966 1523 1992 et
1548 1971 1566 1992 e
1592 1961 1739 1993 fodinis:

1029 2024 1047 2044 e
1066 2013 1186 2054 quibus
1203 2023 1278 2044 cum
1299 2018 1397 2044 eruta
1415 2016 1493 2043 sunt
1509 2013 1648 2042 metalla
1663 2012 1742 2052 igne

1028 2068 1231 2104 purgantur,
1249 2067 1284 2093 et
1301 2062 1410 2103 pulviS
1426 2060 1593 2092 conflatur
1605 2062 1639 2092 in
1651 2072 1739 2093 mas-

1027 2124 1110 2154 sam,
1138 2114 1360 2155 excoqucndo
1385 2113 1419 2143 in
1447 2111 1610 2143 fornace:
1646 2112 1739 2144 unde

1028 2168 1129 2195 vocat
1144 2164 1285 2195 Persius
1311 2163 1467 2200 crudum,
1487 2172 1562 2193 cum
1589 2162 1739 2193 extrahi-

1028 2219 1084 2245 tur
1101 2219 1136 2245 et
1152 2214 1329 2255 colligitur
1357 2224 1375 2245 e
1400 2213 1493 2244 renis
1517 2217 1553 2244 et
1569 2213 1738 2244 meatibus

1027 2265 1271 2296 subterraneis.

1071 2319 1113 2347 68
1140 2317 1250 2347 Peccut
1267 2320 1296 2347 et
1311 2316 1388 2354 ltoec,
1403 2317 1522 2355 peccat,
1537 2313 1612 2353 δῖα]
1648 2313 1735 2344 Nos-

1028 2369 1081 2397 tra
1107 2367 1179 2397 hacc
1205 2367 1312 2406 pulpa
1335 2370 1371 2396 et
1396 2365 1502 2396 libido
1530 2367 1583 2394 est
1614 2363 1736 2394 vitiosa

1027 2417 1166 2456 quidem
1183 2421 1217 2446 et
1234 2421 1376 2456 peccat:
1403 2419 1554 2445 attamen
1578 2412 1735 2444 utilitatis

1027 2466 1151 2506 aliquid
1178 2466 1272 2505 capit
1287 2475 1307 2496 e
1324 2475 1384 2496 suo
1401 2465 1484 2495 vitio
1512 2467 1548 2494 et
1574 2468 1733 2504 peccato.

1027 2515 1075 2545 At
1091 2515 1170 2555 quid
1185 2514 1404 2546 emolumenti
1420 2513 1590 2544 redundat
1611 2513 1644 2543 in
1661 2514 1734 2544 De-

1026 2575 1062 2595 os
1092 2574 1135 2595 ex
1161 2574 1241 2595 auro
1268 2564 1357 2605 quod
1381 2563 1528 2594 infertur
1556 2564 1589 2594 in
1617 2573 1732 2595 eorum

1025 2615 1174 2655 templa?

1068 2668 1109 2696 70
1134 2666 1253 2706 Nempe
1265 2665 1335 2706 hoc]
1359 2664 1476 2696 Itonia
1487 2669 1550 2695 cst.

1068 2715 1205 2747 Donatoe
1234 2726 1253 2746 a
1282 2715 1404 2755 virgine
1430 2714 1557 2756 puppoe]
1597 2713 1730 2755 Ephcbi
