1888 3032
476 149 710 189 MORlssUS,
744 149 805 179 ET
834 149 1100 181 SCRIBENDI
1134 150 1350 180 GENERE.
1615 141 1644 182 9

188 247 374 300 pedibus
389 246 495 286 liber
516 246 575 286 ita
594 246 810 298 loquatur,
823 249 975 286 utrem
997 245 1067 285 vel
1087 244 1268 285 rudibus
1287 245 1478 298 aperiat3
1498 259 1648 288 verum

188 315 286 367 ipsa
305 314 399 367 ejus
419 313 647 361 contentio,
670 326 766 353 cum
789 312 904 353 felici
933 325 1142 353 successu
1175 311 1448 363 destituatur,
1479 314 1650 366 ingrata

187 386 254 421 est
272 381 436 430 lectori,
459 379 676 433 officitque
695 380 908 420 interdum
941 380 1172 433 voluptati,
1207 393 1339 433 quam
1374 393 1431 421 ex
1466 381 1650 434 quibus-

190 448 289 489 dam
317 449 427 490 locis
461 451 569 489 satis
601 449 781 489 feliciter
804 449 998 488 tractatis
1020 449 1218 501 alioquin
1240 461 1396 502 capere
1417 450 1650 502 potuisset.

188 515 333 569 Atque
355 520 446 556 tota
468 517 564 557 haec
585 529 667 564 reS,
691 529 787 556 cum
812 529 887 569 per
909 528 956 555 se
977 516 1230 556 difficillima
1266 517 1338 566 sit,
1373 517 1411 558 si
1444 518 1649 571 cuiquam

188 596 395 636 unquam,
430 585 468 623 ei
504 587 670 623 tantum
700 595 910 636 prospere
944 583 1095 623 cedere
1128 587 1289 636 potest,
1328 585 1402 637 qui
1438 584 1499 634 id,
1532 584 1651 638 quod

188 653 376 691 tractare
397 650 502 698 vult,
526 650 712 702 penitius
744 650 842 703 ipse
876 650 1134 703 inspexerit,
1156 654 1206 691 ut
1234 663 1289 691 ea
1321 656 1516 705 seponat,
1549 665 1648 706 quae

189 719 363 758 omnino
395 718 612 769 vulgarem
646 717 857 757 rationem
903 730 991 757 non
1024 718 1214 771 capiant,
1247 718 1414 772 reliqua
1451 719 1505 760 ad
1548 732 1654 773 cap-

189 788 281 825 tum
300 784 583 825 multitudinis
605 785 918 835 accommodet,
952 787 1177 839 magisque
1209 787 1410 827 sensibus
1440 787 1650 828 lectorum

191 865 324 905 quam
343 852 579 892 intellectui
600 853 811 893 consulat.

248 920 478 968 Secundae,
500 921 678 973 quintae,
699 924 740 960 et
759 922 899 960 sextae
934 920 1081 960 satirae
1117 919 1406 972 epistolarum
1426 921 1569 963 forma
1591 923 1656 962 in-

191 987 296 1028 duta
316 993 408 1038 est3
453 991 552 1027 sunt
584 991 724 1027 tamen
744 987 918 1040 proprie
949 986 1334 1039 disputatiunculae
1360 986 1566 1041 poeticae,
1600 989 1657 1030 ad

192 1054 454 1104 Macrinum,
476 1054 727 1103 Cornutum,
750 1058 792 1095 et
814 1051 1004 1094 Bassum
1024 1054 1193 1103 missae‚
1216 1067 1272 1094 ex
1294 1055 1556 1107 cogitatione
1576 1056 1654 1097 ali-

192 1135 282 1176 qua
301 1123 502 1175 graviori,
530 1121 706 1163 fortuito
740 1122 868 1174 quasi
903 1121 1108 1162 scribenti
1142 1121 1311 1170 oborta,
1339 1135 1471 1176 quam
1507 1124 1654 1165 statim

191 1195 407 1243 arreptam
440 1190 612 1242 longius
647 1192 992 1243 prosequeretur,
1026 1193 1158 1230 natae.
1236 1189 1446 1243 Iniquum
1484 1190 1655 1231 videtur

190 1243 390 1306 statuere,
413 1257 614 1297 Persium
649 1257 694 1297 in
723 1257 792 1297 his
829 1256 1119 1297 Horatianam
1147 1257 1377 1309 epistolam
1398 1258 1557 1298 imitari
1578 1271 1657 1298 vo-

190 1324 341 1373 luisse,
362 1337 524 1375 verum,
546 1324 664 1378 quod
694 1324 781 1366 sibi
814 1324 1102 1377 proposuerit,
1123 1336 1211 1364 non
1233 1323 1369 1364 fuisse
1392 1329 1655 1370 assecutum.

193 1391 463 1433 Horatianus
486 1394 644 1433 satiras
665 1393 721 1432 ab
742 1392 942 1445 epistolis
964 1392 1060 1446 ejus
1091 1397 1136 1433 et
1172 1393 1320 1442 rebus,
1351 1406 1450 1446 quae
1475 1397 1658 1447 utroque

193 1470 344 1510 genere
379 1460 666 1508 continentur,
702 1463 745 1500 et
780 1459 1072 1512 expositionis
1110 1460 1276 1500 ratione
1312 1459 1509 1499 diversas
1546 1473 1659 1509 esse,

187 1526 281 1579 J'am
315 1526 512 1568 viderunt
544 1531 765 1576 veteres,¹³
800 1539 1022 1580 nuperque
1046 1524 1333 1581 Morgeustern
1368 1526 1541 1567 doctam
1573 1526 1661 1567 dis-

193 1593 461 1645 putationem
496 1593 551 1634 de
580 1593 828 1634 discrimine
852 1606 1000 1634 earum
1021 1594 1262 1634 instituit.¹4
1321 1593 1365 1634 N
1368 1607 1424 1634 on
1443 1593 1662 1647 exigenda

196 1659 292 1701 haec
330 1659 473 1701 Persii
506 1661 617 1702 ratio
649 1666 717 1702 est
748 1662 803 1702 ad
835 1674 933 1702 eam
966 1660 1165 1710 formam,
1187 1674 1319 1714 quam
1338 1661 1463 1702 lectis
1484 1661 1663 1702 Horatii

196 1731 271 1768 aut
297 1727 326 1768 J
330 1717 526 1769 uvenalis
547 1729 747 1782 epistolis
780 1729 930 1769 forsan
961 1729 1129 1769 animus
1150 1728 1408 1782 complexus
1438 1728 1519 1781 sit3
1560 1741 1661 1769 cum

195 1794 384 1835 rationes
403 1799 445 1836 et
466 1797 568 1846 viae,
595 1797 756 1850 quibus
779 1796 924 1850 poetae
946 1809 1015 1837 res
1036 1796 1288 1836 tractandas
1309 1795 1455 1836 efferre
1476 1796 1660 1849 possint,

858 1915 998 1947 NOTAE

240 1996 278 2025 13
302 1994 432 2026 Statius
447 1995 530 2028 Silv.
547 2005 570 2027 1.
584 1999 614 2028 3.
631 1999 703 2028 103.
721 2006 792 2039 seq.

240 2047 279 2075 14
302 2046 359 2076 De
376 2046 488 2076 satir‘ae
507 2052 610 2088 atque
621 2047 775 2088 epistola:
795 2047 901 2079 Hora-

197 2094 297 2126 tianae
327 2095 529 2129 discrimine.
584 2097 679 2138 Lips.
709 2101 803 2130 1801.
859 2099 901 2130 In

197 2145 259 2175 hac
285 2145 515 2186 disputatione
539 2147 634 2189 (pag.
659 2152 712 2180 52.
740 2149 773 2179 in
798 2148 902 2189 notis)

198 2195 417 2234 reprehendit
453 2196 701 2237 casaubonum,
738 2198 795 2239 qui
828 2199 902 2229 illas

199 2248 268 2275 tres
281 2245 403 2275 satiras
416 2246 578 2286 epistolas
594 2248 787 2279 vocaverit:
804 2248 814 2264 ‘
827 2258 902 2279 nam

199 2298 266 2324 tres
285 2295 394 2326 Persii
409 2296 548 2334 satirae‚’
571 2297 694 2338 inquit,
713 2300 722 2315 ‘
741 2303 820 2329 sunt
835 2299 902 2330 illae

199 2343 334 2385 quidem
377 2345 575 2387 quibusdam
612 2347 798 2388 inscriptae,
843 2349 903 2379 sed

198 2394 330 2425 nonnisi
349 2395 571 2427 dedicationis
586 2407 700 2437 causa,
717 2408 792 2439 quae
819 2403 904 2429 trac-

200 2445 293 2476 tandi
319 2446 456 2477 modum
485 2447 567 2478 nihil
599 2447 738 2479 afficiat.
795 2450 903 2482 Quos-

199 2493 275 2525 dam
292 2495 428 2535 quidem
446 2506 563 2528 versus
588 2498 745 2530 secundae
774 2504 808 2529 et
832 2509 904 2530 sex-

199 2549 240 2575 tae
264 2546 378 2576 satira·
405 2548 582 2587 praemisit,
602 2549 642 2579 iu
669 2549 726 2580 illa
748 2554 905 2591 quatuor,

202 2593 235 2624 in
267 2595 329 2626 hac
357 2606 428 2635 sex,
451 2597 574 2637 quibus
602 2598 753 2630 Plotium
782 2600 904 2630 Macri-

201 2653 280 2674 num
296 2650 330 2676 et
347 2646 492 2678 Caesiuni
513 2647 654 2679 Bassum
675 2649 798 2680 amicos
823 2649 904 2680 allo-

202 2699 373 2735 queretur.
419 2697 485 2729 Sed
513 2709 628 2730 versus
656 2699 710 2731 isti
737 2705 795 2732 aut
822 2700 902 2732 nihil

957 1995 1085 2028 faciunt
1101 1999 1159 2026 aut
1175 2005 1292 2036 parum
1309 1995 1351 2026 ad
1368 1995 1558 2036 argumenti
1578 1999 1665 2027 trac-

957 2046 1134 2085 tationem,
1168 2055 1234 2087 quo
1256 2045 1290 2076 in
1319 2046 1427 2076 altera
1454 2045 1665 2086 superstitio-

955 2106 1022 2136 sos,
1048 2097 1080 2126 in
1111 2096 1218 2127 altera
1244 2096 1378 2127 sordide
1403 2096 1558 2128 viventes
1579 2096 1663 2127 locis

956 2147 1190 2178 communibus
1215 2147 1373 2187 castigat.
1419 2146 1466 2177 At
1484 2146 1517 2177 in
1534 2147 1662 2188 quintae

956 2196 1102 2228 maxima
1130 2201 1228 2237 parte
1264 2197 1403 2227 Cornuti
1443 2198 1665 2237 praeceptoris

957 2247 1146 2277 encomium
1173 2247 1248 2286 pius
1275 2247 1460 2286 discipulus
1493 2248 1666 2288 prosequi-

958 2303 1025 2327 tur.
1071 2297 1171 2329 Quod
1187 2296 1245 2337 qui
1262 2296 1409 2327 affirmat
1429 2297 1664 2338 Casaubonus,

957 2356 1033 2377 eum
1050 2356 1132 2377 cave
1146 2355 1188 2377 ne
1205 2346 1332 2377 audias.
1379 2346 1467 2378 Nam
1485 2348 1543 2378 illa
1558 2348 1666 2379 satira

959 2397 1068 2427 tribus
1084 2401 1120 2427 et
1136 2396 1279 2437 triginta
1298 2396 1450 2428 versibus
1466 2396 1594 2439 (21-51.
1610 2402 1667 2430 62-

959 2448 1028 2483 64.)
1054 2447 1157 2479 habet
1181 2447 1323 2478 Cornuti
1350 2447 1480 2479 laudes.
1527 2449 1665 2487 Cetera,

962 2508 1036 2539 quae
1052 2499 1176 2530 desunt
1201 2498 1242 2529 ad
1269 2498 1491 2530 ducentorum
1510 2509 1664 2530 versuum

961 2559 1123 2580 summam
1140 2549 1397 2590 conficiendam,
1412 2550 1453 2580 ad
1471 2550 1552 2580 alios
1569 2559 1666 2591 quos-

960 2600 1023 2640 vis,
1042 2610 1139 2640 quam
1154 2600 1196 2631 ad
1213 2601 1414 2637 Cornutum,
1442 2599 1666 2640 pertinerent,

958 2650 1022 2681 nisi
1038 2649 1127 2681 forte
1145 2650 1260 2682 dicere
1283 2651 1380 2688 velis,
1401 2650 1410 2665 ‘
1430 2659 1567 2691 puerum
1595 2651 1665 2682 dic-

959 2707 1031 2733 tata
1048 2702 1199 2744 magistri
1216 2700 1384 2733 reddere)
