1888 3032
765 124 946 154 SATIRA
982 124 1025 153 V.

1541 118 1626 162 127

153 219 183 261 J
187 232 257 261 am
279 232 377 268 cras
396 219 646 260 hesternum
667 219 990 260 consumsimus
1009 231 1018 260 ε
1051 231 1158 261 ecce
1180 219 1300 262 aliud
1321 234 1418 264 cras

154 287 304 341 Egerit
322 288 404 328 hos
424 300 576 337 annos,
598 291 641 329 et
660 301 831 341 semper
850 287 1033 342 paulum
1053 289 1134 329 erit
1154 288 1281 331 ultra.

154 355 273 395 Nam
294 356 497 409 quamvis
518 369 654 409 prope
674 359 729 405 te,
750 356 950 409 quamvis
981 359 1153 398 temone
1175 358 1255 398 sub
1276 371 1361 400 uno

1568 363 1626 405 70

154 420 405 464 Vertentem
426 436 535 474 sese,
556 423 717 464 frustra
737 422 958 463 sectabere
980 424 1204 475 canthum,

154 490 269 532 Cum
289 494 386 533 rota
406 492 620 547 posterior
640 503 803 542 curraS,
825 494 868 532 et
886 491 933 531 in
954 504 1038 532 axe
1058 493 1266 535 secundo.

155 645 254 677 vimus
268 655 336 677 cras
350 646 502 677 hesterna„²
526 645 595 676 diei
609 656 617 683 ;
639 655 676 676 en
694 645 779 677 aliud
793 655 862 677 cras
874 645 1036 686 protrudit
1060 646 1114 677 hos
1135 656 1242 686 annos,
1265 650 1296 678 et
1311 648 1536 688 aliquantulum
1551 653 1632 684 ulte*

153 689 221 719 rius
234 688 376 719 continuo
391 689 463 719 erit.
507 689 555 718 Tu
571 688 652 719 enim
667 691 787 729 quando
803 690 898 720 velut
924 692 995 720 rota
1007 690 1172 730 posterior,
1187 694 1216 720 et·
1232 691 1265 720 in
1280 692 1377 722 altero
1393 703 1452 723 axe
1473 699 1628 727 converte-

152 731 209 773 ris,
221 731 373 764 incassum
389 736 501 763 tamen
510 732 704 772 prosequeris
714 732 810 763 orbile
825 733 896 764 licet
913 732 973 763 tibi
993 733 1182 773 proximum,
1204 737 1240 764 et
1255 734 1324 764 licet
1350 736 1474 767 volvens
1496 747 1561 774 sese
1573 738 1628 770 sub

821 840 853 871 N
860 839 965 870 OTAE

156 923 269 962 hume,
303 923 439 964 quando
472 924 584 955 venit?
629 925 739 958 Quam
764 925 866 965 longe

155 983 228 1006 cras
254 973 345 1005 istud
375 974 433 1005 ubi
465 980 530 1015 est,
556 980 615 1007 aut
639 976 728 1007 unde
750 980 867 1016 peten-

156 1023 259 1056 dum?
294 1025 483 1066 Numquid,
511 1027 708 1058 ‹Sc—Cras
744 1026 864 1058 vives:

154 1074 255 1106 hodie
276 1075 349 1116 jam
380 1075 508 1116 vivere,
534 1076 735 1116 Posthunie,
752 1087 865 1108 serum

155 1129 220 1157 est.
265 1125 331 1157 Ille
362 1127 451 1168 sapit
473 1127 639 1168 quisquis,
666 1128 866 1168 Posthume,

157 1177 243 1208 vixit
259 1177 357 1210 heri.'

201 1226 315 1263 Quid?
343 1229 432 1270 quasi
463 1239 622 1269 magnum,
650 1231 770 1271 Nempe
785 1231 868 1262 diem

156 1278 267 1319 donas]
291 1279 441 1321 Reponit
460 1280 602 1321 ignavus
623 1282 775 1322 juvenis,
797 1288 867 1314 tan-

157 1329 228 1361 tine
241 1334 294 1361 est
310 1331 365 1362 vel
380 1341 480 1362 unam
495 1330 635 1364 differre
647 1333 749 1374 diem,
767 1344 869 1374 quam

157 1384 194 1411 et
211 1380 326 1421 largiri
341 1381 500 1412 dubitas?

200 1433 241 1461 67
266 1431 330 1462 Sed
343 1442 411 1462 cum
426 1433 481 1462 lux
495 1433 596 1463 ultera
621 1433 721 1473 venit]
751 1433 872 1473 Immo,

158 1480 271 1522 inquit
283 1481 437 1520 Persius,
452 1492 517 1513 nec
530 1493 597 1514 una
611 1483 666 1514 die
683 1483 820 1515 differre
836 1488 871 1515 te

158 1533 247 1564 volo.
293 1533 351 1564 Sin
366 1538 479 1565 autem
494 1536 677 1566 crastinum
694 1541 869 1577 expectaS,

156 1583 241 1614 nihil
257 1583 393 1614 omnino
411 1583 540 1624 facies3
567 1590 603 1616 et
624 1586 755 1626 pariter
772 1585 869 1618 diffe-

159 1634 279 1675 rendo,
309 1635 382 1666 dies
407 1635 519 1667 altera
542 1641 722 1668 consumta
748 1637 813 1668 erit
829 1647 869 1668 ac

160 1685 308 1727 perdita.

203 1738 246 1767 69
270 1737 386 1775 Egerit
413 1736 468 1767 hos
504 1738 614 1778 annos]
666 1738 794 1778 Egerit,
828 1739 870 1770 ab

160 1795 297 1826 egerere,
312 1796 378 1817 non
395 1786 438 1818 ab
455 1797 535 1826 ago:
565 1787 600 1818 id
628 1793 692 1827 est,
718 1789 872 1829 expellit,

163 1836 303 1867 emittit.
326 1836 451 1866 Sensus
469 1840 532 1875 est,
548 1846 616 1867 una
631 1837 705 1868 dies
722 1838 872 1878 integros

160 1895 266 1917 annos
279 1885 385 1916 trahit
398 1887 693 1927 procrastinando,
705 1888 873 1929 exhaurit,

162 1935 323 1967 absumit.
370 1935 494 1967 Horat.
513 1936 581 1968 Od.
607 1945 647 1969 11.
666 1940 717 1969 IS.
763 1940 770 1954 ‘
789 1938 873 1969 Tru-

157 1988 257 2019 ‘ditur
271 1987 345 2018 dies
361 1987 431 2027 die,
453 1987 631 2030 Novaeque
658 1994 806 2031 pergunt
824 1991 873 2022 in-

165 2039 269 2070 terire
284 2038 411 2069 Lnnaess

208 2089 254 2120 Et
268 2099 388 2129 semper
414 2091 543 2129 paulum
580 2092 640 2121 erit
669 2092 766 2132 ultra]
797 2092 874 2123 Erit

164 2148 299 2180 semper
316 2139 489 2179 paululum
504 2142 667 2180 temporis
689 2143 778 2174 ultra
790 2143 874 2173 illud

165 2189 364 2227 crastinum,
395 2189 485 2230 quod
525 2190 656 2230 petisti.
702 2193 876 2225 Quocirca

166 2249 344 2272 consumes
358 2244 494 2271 aetatein
509 2241 634 2271 sensim
647 2242 874 2274 senescendo:

164 2290 305 2331 singulis
331 2290 451 2322 diebus
480 2291 614 2331 rogabis
647 2291 756 2323 adhuc
776 2302 876 2324 uuam

156 2340 257 2372 'diem
269 2340 438 2372 duntaxat
447 2342 540 2372 velut
556 2343 683 2384 aliquid
706 2353 772 2374 non
785 2354 877 2385 mag-

166 2401 248 2423 num
279 2391 342 2422 tibi
370 2391 515 2431 donari3
540 2393 589 2424 sic
613 2404 786 2435 nunquam
812 2394 876 2426 dif-

157 2441 257 2472 'ferre
274 2442 423 2481 desines,
441 2442 549 2474 donec
569 2454 750 2484 oppressus
767 2445 877 2484 annis,

168 2492 277 2531 senio,
294 2492 480 2532 doloribus,
502 2503 577 2525 cum
591 2494 785 2536 Phrygibus
801 2505 877 2527 sero

171 2541 316 2582 sapiens,
333 2552 390 2573 eas
400 2552 514 2575 omnes
524 2545 674 2576 miserias
686 2547 877 2587 experiere,

173 2601 255 2632 quas
272 2594 431 2634 praedixi,
456 2599 490 2626 et
513 2599 585 2627 tunc
598 2607 716 2628 crassos
731 2598 878 2629 transisse

171 2641 236 2672 dies
251 2640 376 2674 frustra
391 2644 537 2685 dolebis,
551 2649 616 2678 διο.

215 2693 258 2722 70
282 2692 367 2724 Nam
381 2697 520 2735 quamvis
532 2707 628 2739 prope
641 2701 685 2740 te,
708 2699 778 2740 eya]
802 2698 878 2731 Pri-

921 933 1016 956 orem
1043 926 1252 958 sententiam
1278 927 1419 958 Persius
1454 929 1633 963 confirmat

921 985 940 1005 a
952 975 1051 1007 simili
1065 987 1073 1015 ς
1091 977 1186 1018 quasi
1200 977 1351 1009 diceret:
1373 979 1490 1019 aspice
1506 980 1540 1010 in
1556 990 1632 1012 cur-

922 1036 962 1058 ru
978 1037 1039 1058 seu
1062 1027 1168 1059 rheda
1194 1028 1290 1066 binos
1315 1038 1395 1060 axes
1422 1030 1479 1061 uni
1506 1035 1633 1062 temoni

922 1087 1086 1117 annexos,
1103 1078 1225 1118 quibus
1241 1089 1310 1110 suae
1327 1084 1411 1117 rotae
1431 1080 1632 1117 circumvoh

923 1132 1069 1159 vuntur:
1095 1139 1211 1169 quaero
1238 1134 1352 1160 utrum
1375 1135 1449 1161 rota
1465 1132 1634 1171 posteris),

924 1178 968 1210 ris
985 1179 1056 1209 axis
1075 1184 1110 1209 et
1121 1179 1249 1210 ordinis
1265 1180 1437 1221 attingere
1449 1181 1634 1223 aliquando

924 1231 1034 1273 possit
1061 1236 1171 1262 rotam
1202 1232 1274 1263 axis
1304 1233 1450 1273 prioris?
1490 1234 1634 1265 Minime

924 1286 1029 1312 certe.
1076 1281 1130 1312 Ita
1144 1291 1283 1322 prorsus
1297 1283 1372 1313 dies
1390 1284 1554 1315 hodierna
1567 1295 1634 1315 non

922 1337 1125 1373 assequetur
1154 1343 1301 1374 unquam
1326 1334 1511 1366 crastinum
1539 1336 1636 1377 illud,

925 1392 990 1423 quo
1005 1388 1040 1414 te
1058 1392 1179 1424 sapere
1197 1384 1283 1415 velle
1299 1386 1447 1426 spondes
1463 1391 1498 1418 et
1514 1387 1638 1428 praedi-

925 1442 995 1464 cas.

971 1483 1073 1524 Prope
1085 1482 1130 1523 te]
1161 1484 1245 1524 Dies
1262 1485 1349 1522 enim
1366 1486 1534 1519 hodierna
1544 1498 1637 1520 cras-

926 1532 1008 1564 tinae
1024 1533 1209 1574 conjuncta
1226 1538 1289 1567 est.

969 1585 1098 1616 Temone
1114 1585 1168 1616 sub
1183 1586 1258 1627 uno]
1295 1588 1420 1624 Totum
1443 1589 1522 1620 vitae
1554 1593 1638 1620 tein-

924 1645 987 1676 pus
1000 1635 1120 1666 diebus
1133 1636 1304 1667 continuis
1314 1638 1635 1679 comprehenditur:

925 1685 1024 1716 hodie
1035 1691 1071 1722 et
1085 1696 1159 1720 cras
1177 1687 1308 1728 pariter
1320 1698 1355 1719 se
1368 1695 1638 1731 consequuntur,

927 1740 963 1767 et
979 1737 1035 1767 uni
1054 1736 1130 1768 vitae
1153 1738 1266 1778 spatio
1288 1744 1532 1782 annectuntur,
1549 1742 1639 1773 sicut

928 1786 1057 1817 temoni
1073 1787 1146 1818 axis
1163 1788 1258 1828 prior
1271 1794 1305 1820 et
1318 1791 1499 1829 posterior.

974 1837 1118 1878 Tcmone]
1145 1838 1236 1869 Temo
1263 1844 1316 1870 est
1340 1840 1465 1880 lignum
1487 1840 1568 1871 illud
1583 1841 1641 1872 ob-

926 1888 1064 1927 longum
1096 1889 1128 1919 in
1158 1899 1271 1929 curru,
1299 1890 1396 1930 cujus
1428 1891 1641 1923 extremitati

922 1939 1045 1980 jugum
1064 1940 1235 1980 alligatur.

971 1996 1011 2024 71
1039 1993 1214 2033 Canthum]
1239 1993 1394 2025 Circulus
1417 1998 1470 2025 est
1495 1994 1640 2035 ferreus,

929 2052 995 2084 quo
1008 2046 1094 2075 rotae
1106 2043 1213 2074 orbile
1224 2054 1282 2075 seu
1294 2050 1477 2076 curvatura
1489 2045 1641 2087 cingitur

928 2103 969 2124 ac
998 2093 1162 2134 munitur,
1194 2099 1229 2125 et
1261 2104 1326 2135 quo
1354 2100 1427 2126 tota
1455 2106 1639 2137 compages

930 2145 1186 2185 constringitur.
1215 2146 1291 2176 Vox
1311 2148 1491 2187 peregrina
1505 2151 1540 2178 et
1556 2147 1643 2178 Bar-

929 2195 1023 2236 bara,
1045 2205 1105 2226 seu
1133 2194 1220 2232 Afra
1236 2206 1295 2227 seu
1312 2197 1480 2237 Hispana,
1500 2205 1566 2237 qua
1594 2201 1645 2227 ta-

930 2255 1008 2276 men
1040 2245 1135 2276 velut
1173 2251 1315 2287 recepta
1340 2247 1371 2276 in
1406 2248 1503 2277 Latio
1534 2247 1643 2279 utitur

932 2296 1086 2334 Persius,
1124 2300 1162 2326 ut
1193 2297 1357 2328 observat
1385 2298 1531 2330 Quintil.
1559 2306 1585 2330 1.
1611 2302 1645 2330 5.

934 2347 1081 2379 Ponitur
1104 2346 1158 2378 hic
1174 2357 1236 2388 pro
1266 2352 1354 2388 rota,
1387 2358 1449 2388 per
1476 2350 1642 2390 synecdo-

932 2397 1030 2429 chen.
1057 2397 1113 2428 Sic
1131 2402 1166 2428 et
1180 2398 1334 2430 Martial.
1354 2399 1454 2440 Epig.
1474 2408 1552 2432 xlv.
1568 2404 1642 2434 168.

932 2451 941 2466 ‘
959 2448 1161 2480 Inducenda
1188 2454 1265 2480 rota
1287 2454 1351 2490 est,
1369 2450 1428 2481 das
1447 2450 1543 2483 nobis
1557 2451 1642 2482 utile

931 2509 1061 2536 munus.
1106 2497 1179 2537 Iste
1195 2500 1332 2531 trochus
1350 2501 1486 2541 pue1·is;
1513 2504 1548 2532 at
1560 2500 1643 2531 mihi

933 2550 1077 2581 canthus
1094 2549 1184 2580 erit.’

975 2603 1017 2631 72
1043 2602 1123 2632 Cum
1150 2605 1219 2633 rota
1246 2602 1399 2641 posterior
1430 2610 1545 2639 curras,
1573 2599 1642 2639 ⁸3⁶⁶]

933 2650 1105 2685 Quamdiu
1118 2654 1154 2682 tu
1167 2650 1257 2681 diem
1269 2650 1466 2680 hodiernum
1479 2648 1562 2688 agis,
1573 2657 1642 2690 quo

933 2691 1082 2733 nonduin
1106 2700 1155 2732 vis
1171 2709 1280 2731 mores
1303 2698 1486 2740 corrigere,
1509 2698 1565 2730 cui
1591 2708 1642 2730 re-
