1888 3032
231 105 292 147 72

742 113 788 143 A.
822 110 987 141 PERSH
1023 109 1198 140 FLACCI

228 210 478 252 Venimus?
514 209 574 250 At
597 221 674 249 cur
694 221 781 248 non
801 208 968 261 potiuS,
987 210 1220 260 teneroque
1240 206 1447 260 palumbo

230 278 287 319 Et
309 279 464 319 similis
486 290 632 327 regum
653 275 817 329 pueris,
838 288 1038 329 pappare
1061 274 1272 314 minutum

230 345 407 395 Poscis,
430 350 470 385 ct
492 346 628 384 iratus
650 357 853 384 mammae
875 344 1031 384 lallare
1054 343 1266 382 recusas?

291 417 303 434 ‘
324 413 397 453 An
418 413 495 453 tuli
518 412 716 452 studeam
738 412 910 453 calamo
926 411 959 452 'l'
991 411 1075 451 Cui
1096 410 1260 451 verba?
1294 408 1401 462 quid
1418 409 1527 451 istas
1553 398 1555 401 ’

232 481 439 522 Succinis
461 480 698 533 ambages?
731 480 808 520 tibi
828 479 1012 520 luditur:
1046 478 1187 519 effluis
1210 489 1374 518 amens.

1642 477 1702 518 20

231 602 264 623 eo
280 601 383 622 rerum
400 589 601 623 devenimus?
625 590 688 621 Sed
702 601 796 631 quare
812 601 872 621 nou
884 591 985 630 magis
998 600 1057 630 par
1069 590 1154 620 molli
1166 588 1310 620 columba>
1320 589 1415 628 pullo,
1433 587 1551 629 etfiliis
1567 588 1703 628 Regum,

228 635 310 675 petis
325 637 463 664 tenerum
479 644 580 664 escam
595 634 754 674 attritam,
775 637 805 665 et
829 636 1049 664 excandescens
1069 636 1176 664 contra
1200 632 1362 671 nutricem,
1377 631 1500 671 repellis
1516 632 1706 662 cantilenam

231 675 331 707 lulla?
355 676 507 708 Studione
519 677 694 708 incumbam
710 687 786 707 cum
805 677 954 720 ejusmodi
969 674 1092 716 penna?
1118 675 1251 705 Cuiuam
1266 674 1357 704 verba
1373 674 1453 704 das?
1482 674 1634 708 Quorsum
1650 674 1707 704 hus

233 719 508 759 tergiversationes
529 719 717 751 succlamas?
753 720 816 750 Pro
833 722 863 750 te
879 720 946 749 alea
954 719 1088 758 jacitur.
1132 717 1293 748 Dilaberz‘s
1306 718 1419 753 stulte5
1442 717 1611 748 contemtui
1632 717 1706 748 eris.

856 801 1008 813 oeaeeeaeeae

1015 801 1091 811 eoo»

235 859 352 900 Stepli.
370 864 407 890 et
423 860 550 891 C.—16
571 860 714 900 palumbo
730 860 797 890 Ms.
812 860 853 889 R.
871 860 925 889 aut
941 867 997 888 cur
1056 855 1198 896 palumbo
1214 856 1280 886 Ms.
1300 855 1467 887 GaL—lo
1491 855 1542 886 En
1559 855 1618 886 tali
1642 855 1709 886 Ms.

234 903 365 934 R.—20
389 903 489 944 effluis
500 912 623 934 amens:
647 903 694 933 sic
712 902 908 943 legendum,
924 910 991 930 non
1008 899 1137 939 etfluis.
1163 898 1425 930 &muham—22
1450 899 1610 929 Fortasse
1627 898 1707 930 scri·

906 986 1049 1018 NOTAE

236 1052 301 1084 viae
328 1052 568 1084 excusationes
593 1053 683 1083 haud
707 1053 815 1083 multo
848 1053 946 1092 nugis

237 1103 305 1133 illis
335 1103 528 1143 graviores:
554 1103 644 1133 unde
672 1112 734 1143 per
760 1103 951 1134 similitudi-

238 1163 317 1184 nem
341 1153 508 1184 ironicam
533 1162 552 1184 a
582 1154 746 1193 magistro
775 1153 951 1193 exagiten-

241 1208 308 1235 tur.

284 1257 325 1286 16
363 1253 409 1285 At
436 1264 492 1285 cur
515 1264 574 1285 nou
596 1254 717 1294 potius]
751 1253 950 1294 Increpatio

239 1305 330 1337 acris
353 1309 388 1336 et
405 1305 599 1337 sarcastica.
647 1305 733 1335 Cum
758 1314 811 1335 res
834 1303 949 1343 serias,

240 1357 340 1398 quale
359 1360 411 1387 est
432 1356 661 1396 Philosophiae
688 1356 852 1395 studium,
881 1360 949 1386 tam

239 1407 338 1448 pigre
368 1416 536 1447 capessas,
565 1407 643 1447 quin
672 1407 785 1447 potius
815 1406 856 1437 ad
886 1406 951 1436 alia

244 1457 381 1489 omnino
409 1457 597 1488 incumbis?
636 1457 727 1487 Illud
756 1457 886 1494 desere,
916 1460 952 1488 et

242 1507 399 1539 mollitiei
428 1513 462 1539 te
487 1512 598 1538 totum
615 1507 679 1547 da,
704 1512 739 1538 et
764 1517 841 1538 cum
866 1507 952 1538 nolis

241 1559 401 1591 laborare
427 1564 465 1590 ut
482 1559 545 1595 vir,
559 1569 688 1599 nugare
705 1563 742 1590 ut
760 1568 868 1599 puer;
893 1559 953 1589 im—

243 1620 299 1641 mo
324 1610 367 1640 ad
395 1609 502 1650 ipsam
528 1610 601 1639 redi
626 1608 816 1648 infantiam,
832 1609 865 1639 in
889 1618 954 1650 qua

242 1670 307 1692 nec
324 1660 460 1691 labores
487 1660 529 1690 ad
543 1659 752 1691 mandendos
775 1659 882 1699 cibos,
895 1658 953 1690 sed

245 1721 453 1753 praemansos
470 1716 505 1741 et
522 1711 658 1741 attritos
675 1710 803 1750 capias.

290 1762 466 1803 Teneroque
476 1762 638 1803 palumbo]
657 1762 720 1793 Cui
733 1765 844 1792 mater
861 1761 956 1798 semi-

245 1816 383 1844 coctum
410 1822 429 1843 e
453 1823 513 1843 suo
539 1812 731 1843 ventriculo
760 1812 873 1843 cibum
899 1822 956 1843 ex-

246 1868 396 1895 tractum
410 1863 443 1894 in
462 1874 498 1894 os
521 1864 654 1904 inserit,
668 1868 706 1894 ut
722 1862 858 1895 facilius
875 1864 955 1894 niol-

245 1915 380 1956 liusque
398 1915 520 1946 alatur.

289 1971 328 1999 17
354 1968 478 2007 Regum
506 1968 629 2008 pueris]
664 1967 732 2000 Qui
761 1967 892 1998 deliciis
921 1971 957 1998 et

246 2019 391 2060 imperio
409 2019 566 2050 innutriti
588 2019 700 2050 omnia
721 2018 761 2049 ad
779 2018 958 2049 libidinem

252 2079 346 2101 suam
377 2069 451 2100 fieri
480 2070 611 2109 volunt,
637 2079 702 2100 nec
734 2079 837 2110 grave
868 2069 960 2109 quic-

252 2130 352 2162 quam
368 2120 560 2160 suscipiunt
585 2124 643 2151 aut
668 2121 861 2151 molestum.
905 2119 961 2150 Ita

250 2170 342 2211 apud
360 2174 494 2201 veteres
512 2171 623 2200 notari
641 2169 798 2200 solebant
821 2179 960 2210 corrup-

250 2221 294 2252 tis
324 2220 477 2252 homines
507 2220 670 2260 moribus,
700 2220 813 2262 inquit
838 2221 959 2252 Casan-

251 2271 371 2310 bonus,
390 2276 435 2302 est
450 2272 566 2302 similis
591 2272 713 2311 Regum
732 2271 853 2312 pueris,
876 2276 961 2312 puta

252 2322 395 2362 alicujus
413 2322 646 2362 Sardanapali.

295 2371 456 2411 Pappure]
504 2370 696 2401 Infinitivus
730 2381 793 2412 pro
826 2372 961 2403 nomine

253 2420 481 2459 substantivo,
505 2425 542 2451 ut
567 2421 639 2451 Sat.
658 2430 681 2451 1.
709 2421 718 2438 ‘
738 2422 901 2452 Nostrum
924 2422 962 2452 il-

252 2471 311 2503 lud
329 2471 444 2503 vivere
469 2469 591 2501 triste.’
628 2470 753 2500 Sensus
782 2475 854 2501 est:
883 2471 961 2510 quin

255 2523 344 2563 petis
369 2521 462 2552 cibos
483 2521 555 2562 jam
583 2529 792 2560 praemansos
817 2524 852 2550 et
874 2529 964 2550 com-

255 2574 414 2611 minutos,
447 2581 528 2613 quos
561 2569 705 2610 facilius,
729 2575 765 2601 et
793 2570 864 2601 sine
894 2571 964 2600 ullo

256 2623 373 2654 labore
391 2622 560 2663 deglutias
575 2622 584 2652 ?
612 2620 732 2652 Cibum
749 2621 963 2661 puerulorum

255 2683 363 2715 papas,
385 2677 421 2705 et
443 2677 564 2714 potum
588 2672 664 2704 buas
686 2672 816 2715 antiqui
848 2672 966 2714 appel-

1002 1051 1144 1082 labant:
1169 1051 1258 1082 unde
1287 1060 1437 1091 pappare,
1464 1053 1518 1081 est
1546 1047 1711 1090 ejusmodi

1004 1102 1098 1134 cibos
1131 1107 1284 1142 captare.
1336 1101 1452 1132 Plaut.
1486 1100 1519 1130 in
1546 1099 1711 1140 Epidico:

1003 1154 1011 1170 ‘
1034 1153 1135 1184 Novo
1152 1153 1278 1184 liberto
1296 1162 1378 1193 opus
1395 1155 1447 1183 est
1464 1150 1554 1192 quod
1571 1152 1713 1192 pappet.

1006 1204 1170 1245 Dabitur,
1188 1204 1350 1244 praebebo
1369 1202 1504 1234 cibum.'

1050 1257 1090 1284 18
1116 1255 1223 1285 Iratus
1237 1252 1392 1292 mammoe]
1417 1253 1525 1283 Pater
1551 1254 1632 1291 tata,
1653 1259 1714 1280 nn-

1007 1306 1076 1337 trix
1093 1309 1128 1337 et
1145 1310 1254 1336 mater
1270 1314 1403 1335 malama
1423 1303 1538 1344 pueris
1562 1302 1643 1332 olim
1659 1310 1718 1331 vo·

1006 1355 1164 1396 cabatur,
1196 1360 1284 1385 teste
1323 1354 1466 1384 Catone.
1523 1352 1601 1383 Non
1635 1360 1715 1392 ergo

1005 1405 1268 1446 intelligendum
1295 1409 1348 1436 est
1369 1404 1412 1434 de
1438 1403 1543 1434 ubere
1561 1401 1716 1442 nutricis,

1008 1457 1105 1498 quasi
1137 1457 1189 1488 lac
1213 1464 1333 1497 sugere
1363 1455 1420 1485 ille
1453 1463 1537 1494 puer
1566 1456 1717 1491 recuset,

1009 1508 1071 1539 sed
1093 1508 1207 1549 potius
1234 1507 1320 1538 nolit
1347 1506 1493 1537 dormire
1519 1504 1560 1535 ad
1579 1504 1716 1535 solitam

1009 1559 1229 1597 cantilenam,
1246 1559 1330 1597 lulla,
1347 1567 1365 1587 a
1381 1557 1517 1587 nutrice
1538 1555 1592 1585 vel
1608 1558 1717 1585 matre

1010 1610 1134 1650 saepius
1165 1609 1372 1649 repetitam:
1412 1607 1503 1648 quod
1542 1605 1719 1637 delicatuli

1010 1660 1107 1701 pueri
1123 1660 1357 1691 morositatem
1372 1658 1561 1698 redarguit.

1052 1711 1193 1752 Lallure]
1222 1711 1286 1741 Est
1314 1714 1473 1749 repetere
1505 1707 1629 1748 saepius
1662 1715 1719 1736 vo-

1010 1771 1085 1793 cem
1108 1761 1191 1800 lalla,
1214 1760 1305 1801 quod
1327 1760 1467 1791 solenne
1496 1762 1550 1789 est
1578 1756 1719 1788 nutrici-

1010 1812 1086 1852 bus,
1116 1816 1153 1843 ut
1183 1810 1413 1842 cantiunculis
1454 1809 1530 1840 istis
1566 1816 1720 1839 somnum

1011 1863 1156 1904 puerulo
1174 1862 1370 1893 concilient.

1055 1914 1182 1944 Lullare
1211 1911 1351 1951 recusas]
1400 1910 1543 1951 Respuis
1578 1908 1722 1939 nutricis

1013 1964 1258 2002 blandimenta,
1272 1966 1308 1993 et
1324 1961 1494 2002 pertinaci
1510 1959 1627 2000 vagitu
1643 1967 1722 1989 con-

1014 2020 1068 2047 tra
1084 2015 1176 2045 illam
1189 2014 1353 2052 irascens,
1365 2021 1519 2043 somnum
1536 2009 1721 2042 admittere

1015 2074 1165 2096 recusas.

1058 2118 1098 2145 19
1121 2115 1173 2145 An
1197 2114 1255 2144 tali
1281 2114 1421 2144 studeam
1449 2110 1580 2151 calamo]
1609 2109 1724 2141 Perti-

1014 2176 1081 2196 nax
1104 2165 1305 2196 adolescens
1332 2173 1410 2194 cum
1438 2170 1625 2202 agnoscere
1653 2160 1723 2191 cul-

1015 2228 1091 2259 pam
1130 2217 1275 2248 deberet
1312 2224 1490 2255 moresque
1525 2213 1723 2253 corrigere;

1014 2270 1131 2300 inanes
1150 2268 1264 2310 potius
1282 2277 1350 2298 suae
1368 2266 1509 2307 ignaviae
1531 2263 1724 2296 excusatio-

1016 2330 1076 2350 nes
1090 2319 1262 2360 quaeritat.

1063 2369 1125 2400 Cui
1142 2368 1249 2408 verba]
1284 2367 1437 2407 Reponit
1459 2364 1640 2406 magistet:
1665 2362 1725 2394 ita-

1017 2429 1059 2450 ne
1077 2428 1194 2458 speras
1211 2417 1308 2448 nobis
1325 2416 1522 2457 imponere?

1060 2471 1101 2497 20
1129 2467 1202 2498 Tibi
1229 2466 1361 2505 luditur]
1399 2467 1471 2496 Tua
1503 2474 1556 2495 res
1584 2463 1722 2503 agitur:

1018 2517 1108 2558 qnod
1125 2522 1260 2557 teinpus
1278 2516 1372 2557 teris,
1387 2516 1450 2547 tibi
1473 2525 1539 2546 nou
1564 2514 1644 2546 mihi
1668 2524 1726 2555 pe-

1019 2568 1076 2598 rit.

1065 2618 1176 2659 Effiuis
1190 2616 1308 2657 amens]
1331 2616 1383 2647 Te
1401 2615 1474 2657 ipse
1492 2615 1618 2657 perdis,
1639 2614 1723 2656 teip-

1020 2669 1254 2710 surnjiigulas.
