1888 3032
735 127 917 158 SATIRA
951 127 1024 158 111.

151 222 266 266 Imus
283 222 528 278 praccipites,
551 236 683 277 quam
706 224 743 264 si
766 224 850 265 sibi
872 224 1004 273 dicat,
1028 227 1071 264 et
1088 224 1204 265 intus

149 293 320 334 Palleat
340 292 506 342 infelix,
528 292 643 345 quod
663 293 864 345 proxima
884 291 1052 332 nesciat
1071 291 1213 332 uxor‘?

207 360 337 413 Saepe
359 360 527 408 oculos,
548 359 739 408 memini,
762 358 992 410 tangebam
1012 370 1175 411 paruis
1197 356 1332 406 olivo,

149 426 348 468 Grandia
368 429 406 468 si
427 427 585 467 nollem
605 427 796 466 morituri
819 426 955 465 verba
977 424 1160 465 Catonis

1551 424 1610 464 45

149 495 324 545 Dicere,
345 508 431 535 non
453 508 558 535 sano
577 494 760 534 multum
779 492 1002 533 laudanda
1022 493 1250 544 magistro,

147 599 371 639 ipsiinclamet,
384 598 547 636 currimus,
563 597 717 628 currimus
732 598 763 628 in
776 597 987 638 proecipz'timn
997 608 1009 634 ;
1020 599 1113 636 atque
1126 596 1152 626 is
1166 596 1252 626 intra
1268 595 1414 636 seipsum
1428 596 1521 626 miser
1532 595 1613 626 exti-

149 645 262 672 mescat
279 642 311 672 id
327 643 403 681 quod
429 641 550 680 ignoret
566 641 677 679 conjux
690 642 873 680 propinqua.

922 640 1080 670 Recordor
1105 639 1194 680 quod
1218 648 1278 678 ego
1301 649 1376 678 puer
1399 638 1526 669 linibam
1544 638 1614 676 fre-

149 687 277 724 quenter
292 685 391 715 oculos
405 685 481 723 oleo,
496 684 615 723 quando
630 683 767 713 nolebam
783 682 936 713 memoriae
961 683 1107 713 mundare
1132 682 1217 712 dictu
1230 682 1343 721 gratia
1362 682 1491 712 Catonis
1518 681 1613 712 morti

762 778 896 789 aeaeaeaeaeaeae

898 778 994 789 eeeee

150 832 313 865 damnant
329 839 363 865 et
379 839 478 865 vetus
496 834 688 875 Interpres‚
702 834 797 875 cujus
814 839 892 865 sunt
908 834 1024 873 verba,
1047 834 1056 850 ‘
1071 833 1171 864 Oculi
1185 834 1259 864 oleo
1276 832 1354 863 tacti
1368 830 1613 873 perturbantur

150 875 192 906 ad
209 877 366 917 tempus.'

416 877 587 909 casaubon.
633 878 678 908 Et
693 878 858 917 tangebam
870 878 913 908 B.

957 876 1115 916 cingebam
1131 876 1224 907 Edit.
1245 875 1452 916 steph-46
1468 873 1611 904 Plurim.

812 978 952 1011 NOTAE

193 1055 235 1084 42
258 1053 348 1084 Intus
372 1052 502 1094 palleat]
536 1055 611 1085 Vox
627 1064 707 1095 una,
725 1055 852 1094 palleat,

149 1113 211 1144 pro
227 1103 369 1143 duabus,
385 1109 423 1136 ut
446 1105 605 1136 observat
621 1105 850 1136 Casaubonus.

151 1154 227 1186 Nec
243 1154 330 1185 enim
348 1155 458 1195 pallor
476 1156 565 1186 intus
582 1161 653 1186 est:
683 1156 853 1196 significat

148 1204 264 1246 igitur,
281 1205 370 1236 intus
389 1206 521 1246 timeat,
538 1211 572 1237 et
584 1205 664 1237 foris
681 1207 818 1247 palleat.

192 1257 234 1285 43
260 1256 349 1290 Quod
360 1256 505 1296 proxima
520 1256 636 1286 nesciat
652 1255 745 1295 uxor]
778 1256 854 1286 Nec

150 1302 327 1346 flagitium,
351 1312 493 1346 propter
523 1306 612 1347 quod
638 1306 853 1347 expallescit,

150 1365 214 1387 nec
228 1361 432 1388 tormentum
453 1368 517 1398 quo
543 1363 685 1399 urgetur
706 1367 745 1388 ac
769 1357 854 1388 inta-

150 1405 274 1445 bescit,
291 1408 396 1438 audet
420 1417 496 1438 cum
513 1417 683 1448 quoquam
707 1417 854 1438 commu-

151 1455 281 1495 nicare,
298 1457 386 1488 unde
403 1458 507 1497 magis
522 1462 715 1499 torquetur.
749 1457 853 1489 Ovid.

151 1507 160 1522 ‘
183 1506 385 1547 Strangulat
415 1507 562 1539 inclusus
598 1507 706 1547 dolor,
731 1513 767 1539 et
797 1517 855 1538 cor

152 1562 275 1588 aestuat
301 1557 416 1589 intus.’
462 1558 618 1589 Credunt
632 1557 783 1588 nonnulli
809 1558 855 1588 al-

150 1607 270 1638 lusisse
288 1608 330 1638 ad
347 1608 553 1649 Dionysium
576 1610 781 1649 Tyrannum,
796 1608 854 1650 qni

150 1666 214 1688 nec
251 1658 349 1689 uxori
385 1668 450 1690 nec
491 1658 608 1691 liberis
646 1659 852 1690 confidebat.

151 1708 262 1739 Porro
278 1718 319 1739 ex
336 1709 386 1740 his
403 1709 488 1740 mira
503 1713 578 1740 arte
591 1709 732 1740 Persius
749 1709 854 1739 virtu-

151 1757 194 1787 tis
211 1758 448 1789 excellentiam
476 1759 626 1790 ostendit
642 1769 685 1790 ex
707 1769 746 1790 eo
763 1759 854 1800 quod

150 1806 211 1837 illa
226 1817 356 1847 carere,
373 1808 417 1838 sit
432 1808 668 1840 miserrimum.

195 1859 238 1888 44
264 1857 354 1897 Soepe
379 1858 490 1898 oculos,
517 1859 655 1897 memini,
679 1859 747 1899 ἐξα]
780 1860 854 1900 Ego

153 1916 240 1948 puer
251 1908 401 1947 pueriles
416 1908 496 1939 olim
513 1909 750 1939 excusationes
766 1919 855 1950 quae-

152 1957 282 1997 rebam,
304 1961 342 1988 ut
364 1958 479 1989 studia
501 1959 672 1989 literarum
692 1958 857 1989 laborem-

153 2016 220 2048 que
236 2007 478 2044 detrectarem,
497 2012 532 2038 et
547 2007 609 2038 hoc
628 2008 724 2038 aetati
747 2008 856 2038 indul-

153 2057 302 2098 gendum
320 2058 475 2097 videtur3
511 2062 547 2089 at
568 2063 605 2089 tu
629 2059 686 2099 qui
714 2059 857 2098 puerilia

155 2107 354 2148 deposuisti,
390 2113 425 2139 et
469 2108 644 2149 sapientiae
683 2114 857 2149 praecepta

148 2156 224 2197 jam
252 2156 423 2195 delibasti,
444 2162 538 2188 certe
566 2157 757 2197 culpaberis
770 2158 798 2187 si
814 2158 856 2188 ad

154 2206 316 2247 ejusmodi
332 2217 437 2247 nugas
454 2212 489 2237 et
505 2207 740 2238 excusationes
754 2217 856 2238 vanas

153 2256 279 2286 iterum
307 2256 477 2295 convolas,
494 2266 535 2286 ne
554 2257 714 2287 virtutem
742 2263 778 2287 et
800 2256 858 2287 bo-

154 2315 215 2336 nas
231 2305 426 2345 disciplinas
445 2306 675 2346 amplectaris.

201 2356 375 2396 Tungebum
410 2356 505 2396 oliro]
543 2356 599 2387 Ad
635 2357 857 2388 simulandam

155 2407 419 2447 lippitudinem;
450 2416 539 2446 nam,
557 2413 593 2438 ut
607 2407 656 2439 ait
679 2413 776 2439 vetus
801 2408 856 2438 In-

154 2461 298 2497 terpreS‚
321 2458 329 2473 ‘
349 2457 438 2487 oculi
455 2458 529 2488 oleo
547 2458 632 2488 tacti
654 2458 856 2498 perturban-

155 2511 212 2537 tur
228 2507 268 2537 ad
286 2507 441 2547 tempus!
485 2508 586 2540 Quod
603 2508 739 2549 quidem
759 2509 857 2539 intel-

155 2556 330 2596 ligendum
355 2557 408 2597 (ut
434 2557 520 2588 bene
547 2565 661 2589 monet
686 2558 858 2589 Casaubo-

159 2606 240 2646 nus)
255 2606 297 2637 de
313 2607 482 2637 interioris
510 2608 599 2638 oculi
618 2613 732 2646 tactu;
767 2608 858 2648 alias,

162 2654 287 2685 nedum
302 2657 443 2688 laederet
460 2658 585 2697 oculos,
599 2659 699 2689 immo
711 2659 860 2699 juvaret,

160 2704 315 2737 ciliorum
327 2707 540 2747 superficiem
550 2709 624 2740 oleo
637 2709 751 2741 linire.
768 2709 860 2742 Quo-

906 1054 1009 1093 circa,
1034 1062 1077 1084 ne
1103 1062 1179 1084 cum
1195 1049 1365 1083 nonnullis
1390 1049 1497 1090 legas,
1512 1048 1613 1088 tinge-

905 1104 987 1135 bam.
1408 1112 1412 1116 ·

948 1157 989 1185 45
1017 1153 1160 1183 Grandia
1175 1153 1202 1183 si
1218 1151 1344 1191 nollem]
1377 1150 1432 1180 Ne
1457 1147 1613 1178 memori-

908 1208 961 1235 ter
997 1205 1130 1235 discere
1169 1211 1309 1243 cogerer
1347 1199 1612 1231 declamationes

910 1255 1071 1295 quasdam
1087 1254 1201 1294 pueris
1218 1260 1290 1283 tum
1306 1250 1509 1286 familiares3
1532 1259 1562 1280 v.
1580 1258 1612 1288 g.

908 1305 1138 1346 Ethopoeiam,
1164 1305 1198 1334 in
1215 1313 1280 1345 qua
1301 1301 1456 1333 morituri
1473 1299 1613 1331 Catonis

909 1356 1015 1387 verba
1037 1356 1325 1396 exprimerentur,
1345 1362 1422 1383 cum
1446 1350 1615 1382 delibera-

908 1412 964 1437 ret
986 1407 1076 1447 apud
1095 1416 1142 1445 se,
1158 1406 1307 1436 satiusne
1323 1403 1412 1434 foret
1429 1402 1491 1433 sibi
1509 1402 1613 1432 vitam

908 1457 1054 1496 eripere,
1071 1465 1171 1496 quarn
1186 1455 1219 1484 in
1235 1462 1352 1484 manus
1371 1451 1516 1483 Caesaris
1533 1451 1615 1483 inci-

909 1505 1002 1537 dere.
1164 1544 1166 1546 Ι

955 1555 1099 1595 Catonis]
1123 1553 1298 1586 Uticensis
1316 1561 1451 1593 nempe,
1467 1551 1523 1592 qui
1541 1560 1615 1592 par-

909 1612 960 1637 tes
976 1606 1132 1645 Pompeii
1148 1604 1396 1643 secutus,hunc
1409 1602 1614 1633 debellatum

908 1657 1040 1695 videns,
1054 1656 1166 1688 Uticae
1179 1655 1214 1686 in
1232 1653 1351 1685 Africa
1365 1653 1475 1693 seipse
1491 1652 1616 1682 intere-

908 1707 980 1738 mit.
1023 1708 1080 1738 De
1103 1706 1167 1737 hoc
1195 1706 1351 1736 Lucanus
1377 1704 1401 1734 l.
1425 1712 1448 1734 1.
1477 1703 1486 1718 ⁴
1505 1703 1615 1734 Causa

908 1757 983 1787 Diis
998 1757 1122 1788 victrix
1137 1755 1281 1796 placuit,
1292 1754 1352 1784 sed
1366 1754 1457 1784 victa
1470 1752 1616 1784 Catoni.'

909 1806 944 1837 Is
969 1811 1151 1846 antequam
1178 1810 1369 1836 moreretur
1392 1803 1547 1834 Platonis
1571 1803 1615 1834 de

911 1856 1028 1886 aniinae
1044 1855 1298 1886 immortalitate
1310 1854 1493 1893 Dialogum
1507 1853 1616 1892 perle-

911 1907 999 1947 gisse
1017 1906 1145 1937 fertur:
1171 1904 1259 1935 unde
1277 1904 1413 1945 quidam
1442 1903 1615 1942 Interpre-

912 1962 963 1989 tes
1001 1967 1040 1988 eo
1071 1955 1224 1986 referunt
1251 1954 1340 1994 quod
1380 1954 1428 1984 ait
1461 1953 1613 1991 Persius,

907 2007 1043 2047 grandia
1071 2006 1199 2036 Catonis
1230 2004 1332 2044 rerba,
1359 2004 1456 2044 quasi
1481 2003 1539 2033 ille
1569 2002 1612 2033 de

911 2057 1029 2088 animae
1067 2055 1322 2086 immortalitate
1368 2055 1474 2084 multa
1510 2053 1614 2084 etiam

910 2107 1077 2148 praeclare
1096 2112 1164 2136 tuni
1182 2105 1318 2144 dixerit,
1333 2114 1408 2145 quae.
1430 2103 1614 2134 recitaren-

912 2162 967 2188 tur
997 2168 1017 2188 a
1048 2156 1181 2197 pueris:
1222 2156 1280 2186 sed
1319 2156 1413 2195 prior
1443 2154 1614 2185 sententia

910 2209 1021 2239 verior
1035 2213 1099 2246 cst,
1124 2212 1160 2238 et
1185 2206 1394 2238 doctioribus
1409 2205 1515 2245 magis
1531 2204 1614 2234 arri-

911 2257 982 2288 det.

953 2310 996 2337 46
1020 2307 1091 2336 Non
1107 2305 1196 2345 sano]
1212 2306 1287 2336 Nec
1305 2304 1527 2344 interpretari
1543 2304 1614 2344 pla-

911 2362 967 2388 cet
984 2357 1066 2395 acri,
1089 2365 1232 2395 moroso,
1256 2360 1291 2386 et
1316 2355 1475 2385 molesto:
1507 2355 1614 2385 multo

910 2408 1031 2447 minus,
1060 2411 1096 2437 ut
1124 2406 1272 2447 quidam,
1295 2404 1394 2435 valde
1421 2414 1513 2444 sano,
1539 2403 1613 2443 sed,

911 2457 1006 2499 quasi
1033 2457 1118 2488 male
1145 2466 1236 2495 sano,
1266 2456 1322 2497 qui
1348 2465 1454 2496 puero
1474 2454 1554 2486 ficte
1578 2459 1614 2484 et

911 2506 1071 2538 affectate
1108 2506 1270 2537 recitanti
1303 2505 1539 2545 applauderet,
1577 2508 1613 2533 et

911 2558 1078 2598 puerilem
1109 2566 1247 2597 operam
1276 2564 1398 2594 magna
1425 2552 1610 2583 ambitione

911 2607 1063 2638 laudaret
1085 2616 1198 2638 coram
1225 2604 1423 2646 parentibus
1438 2607 1474 2632 et
1490 2611 1613 2642 cogna-

912 2658 970 2697 tis,
1003 2663 1042 2688 ut
1077 2658 1127 2687 eis
1155 2657 1204 2687 sic
1233 2653 1412 2692 adulando,
1446 2652 1611 2693 majorem

914 2712 1081 2749 quaestum
1097 2710 1133 2737 et
1148 2703 1339 2736 mercedem
1367 2703 1613 2744 expiscaretur.
