1888 3032
709 149 892 179 suum
925 148 971 182 v.
1496 137 1579 177 1:32

179 246 332 288 Disce!
367 245 447 288 sed
467 245 533 286 ira
550 245 682 287 cadat
701 258 809 287 naso
827 257 1075 300 rugosaque
1095 257 1249 296 sanna,

122 314 242 354 Dum
260 318 425 356 veteres
446 314 569 354 avias
590 314 669 355 tibi
688 313 742 354 de
763 314 968 367 pulmone
989 313 1166 355 revello.

121 380 226 422 Non
246 381 448 435 praetoris
468 385 558 422 erat
578 382 722 422 stultis
743 381 845 421 dare
866 382 1012 422 tenuia
1033 394 1175 422 rerum

120 447 294 499 Officia,
316 453 445 502 atque
466 461 592 489 usum
611 447 779 501 rapidae
801 449 1049 501 permittere
1070 450 1186 490 vitae.

118 564 191 591 tura
205 560 298 591 rubra
313 561 430 600 aliquid
442 555 608 599 prohihet?
639 558 755 598 Accipe
765 569 778 594 ,·
799 562 833 590 at
849 568 869 589 a
883 558 1008 590 naribus
1025 559 1092 589 tuis
1108 559 1230 590 recedat
1248 558 1436 599 indignatio,
1452 563 1482 591 et
1503 559 1578 591 irri-

117 604 164 633 sio
179 603 268 642 rugis
281 606 401 641 notula,
414 603 533 642 quando
548 611 691 642 expungo
706 601 766 632 tibi
787 602 826 632 de
850 603 940 632 corde
954 602 1083 641 antiqua
1095 601 1219 632 deliria.
1264 603 1317 633 Ad
1334 603 1505 634 Proetorem
1518 612 1578 632 mm

116 645 295 686 pertinebat
309 645 426 676 insanis
449 645 610 676 concedere
639 644 766 675 subtilia
781 644 881 687 officia
910 645 945 675 in
974 644 1078 685 rebus,
1107 647 1138 675 et
1161 645 1275 676 donare
1301 648 1486 685 potestatem
1503 644 1577 675 rita>

777 735 915 768 NOTAE

119 822 229 855 adhuc
246 824 408 864 apertius,
433 833 510 854 cum
534 823 603 854 ait:
637 823 648 840 ‘
667 823 731 854 His
747 822 822 854 lite-

118 874 162 903 ris
178 874 327 914 scriptis,
344 883 396 904 me
412 874 454 904 ad
468 872 624 912 συντάξεις
640 872 731 912 dedi,
747 882 821 913 quae

120 925 257 966 quidem
286 936 407 957 vereor
436 935 478 956 ne
507 926 681 957 miniatula
707 924 822 956 cerula

120 983 178 1006 tna
195 976 346 1015 pluribus
363 976 446 1007 locis
463 975 622 1006 notandae
637 975 730 1007 sint!

162 1029 202 1057 91
234 1026 359 1058 Disce!
388 1027 453 1065 sed,
482 1025 552 1066 sisa]
596 1025 821 1059 Assumtionis

119 1076 355 1117 probationem
412 1076 540 1107 refellit
595 1076 822 1118 Philosophus

119 1126 254 1157 Stoicus
269 1137 276 1156 :
302 1125 400 1157 simul
417 1135 498 1157 vero
514 1126 660 1157 Damam
677 1132 764 1167 orat,
780 1137 822 1158 ne

118 1177 296 1215 irascatur,
323 1175 401 1207 dum
428 1176 560 1216 aperiet
590 1176 655 1217 ipsi
680 1175 823 1208 fortasse

119 1235 185 1257 non
225 1227 406 1266 placituras
436 1227 621 1258 veritates:
670 1232 821 1259 ceterum

118 1288 159 1309 ne
176 1277 354 1309 ridendum
373 1282 472 1318 putet
487 1278 520 1308 in
537 1287 574 1308 re
591 1284 661 1309 tarn
678 1279 777 1310 seria.

162 1329 217 1359 Ira
243 1329 335 1358 cadat
361 1327 449 1369 naso]
472 1328 671 1359 Theocritus
700 1329 820 1360 iratum

120 1377 216 1408 Pana
231 1377 422 1418 significare
438 1379 568 1418 volens,
590 1378 625 1409 in
650 1378 723 1419 ejus
739 1389 820 1410 naso

120 1428 221 1458 bilem
238 1428 358 1458 sedere
383 1429 443 1466 ait,
471 1428 574 1468 Idyll.
601 1437 625 1460 ι.
648 1429 734 1467 χολὰ
749 1430 821 1460 ποτὶ

116 1479 174 1519 ῥινὶ
189 1477 330 1516 κάθηται.
353 1479 468 1510 Plaut.
484 1478 657 1519 Amphitr.
674 1480 753 1512 Act.
770 1491 819 1513 lv.

118 1531 218 1562 Scen.
235 1532 265 1561 3.
290 1531 299 1547 ‘
318 1529 498 1561 vetustum
515 1529 688 1571 adagium:
713 1530 820 1563 sames

119 1590 154 1612 ct
170 1591 263 1613 mora
276 1581 377 1612 bilem
395 1581 427 1612 in
441 1591 558 1612 nasum
575 1583 762 1614 conciunt.’

160 1631 346 1672 Rugosuque
380 1630 494 1671 sar-nu]
532 1631 689 1663 Ridentis
718 1643 819 1665 nasus

119 1692 224 1724 osque
240 1683 414 1723 corrugari
431 1683 554 1715 solent.
600 1686 609 1701 ⁸
626 1684 757 1724 Sanua‚'
771 1685 820 1716 in-

119 1734 192 1775 quit
208 1735 339 1766 Nonius
352 1735 550 1774 Marcellus,
567 1736 577 1752 ‘
592 1745 628 1766 os
640 1736 822 1768 distortum

119 1795 195 1816 cnm
219 1785 339 1816 vultu!
397 1786 485 1816 Vide
501 1787 571 1818 Sat.
588 1795 613 1817 1.
631 1787 673 1818 ad
693 1797 732 1819 ea
748 1797 822 1818 ver-

119 1835 176 1875 ba,
191 1836 316 1876 posticoe
331 1838 482 1867 occurrite
496 1847 611 1868 sannae.

162 1888 204 1917 92
239 1887 364 1917 Veteres
388 1886 489 1926 avius]
527 1887 646 1919 Aniles
676 1887 820 1928 fabulas,

118 1936 294 1976 opiniones
309 1935 423 1976 falsas,
439 1946 585 1976 errores,
600 1939 715 1979 quales
731 1944 822 1970 netu·

119 1987 160 2017 1ae
173 1985 248 2017 filiis
261 1995 299 2017 ac
314 1987 494 2028 nepotibus
511 1998 603 2028 saepe
616 1994 819 2029 suggerunt:

120 2037 236 2076 quales
252 2042 287 2068 et
301 2036 390 2068 forte
409 2036 450 2068 de
474 2037 646 2077 libertate,
662 2039 738 2073 avia
755 2039 820 2078 pri-

121 2087 197 2117 dem
225 2092 281 2118 tua
309 2088 372 2118 tibi
396 2089 592 2120 inculcavit.
639 2089 821 2130 Explicant

119 2137 174 2167 alii
204 2147 326 2168 vanam
356 2148 394 2169 ac
425 2144 600 2170 ventosam
630 2140 819 2171 nobilitatis

119 2187 326 2226 opinionem,
362 2188 496 2228 qualem
536 2187 610 2219 fere
647 2189 822 2220 habebant

119 2237 284 2275 Romani3
323 2242 357 2267 et
383 2237 625 2278 arrogantiam,
655 2239 752 2279 cujus
786 2239 820 2269 in

119 2288 277 2329 pulmone
294 2287 402 2319 sedes.

164 2338 214 2369 De
226 2338 368 2378 pulmone
392 2337 518 2377 revello]
551 2337 637 2369 Haec
663 2338 748 2370 licet
771 2348 822 2370 ra-

124 2387 242 2419 sticitus
259 2388 447 2420 inlnaereant
462 2388 555 2419 cordi
573 2393 608 2420 et
624 2389 735 2420 animo
751 2394 822 2428 tuo,

119 2437 144 2466 ei
170 2441 283 2468 tamen
299 2438 466 2478 extirpari
492 2438 580 2469 sinas
603 2442 638 2469 et
660 2439 821 2479 expungi,

119 2487 222 2518 etiam
239 2497 314 2518 cum
333 2488 444 2529 aliquo
465 2487 581 2520 dolore
600 2494 670 2528 tuo,
688 2489 821 2520 docebo

121 2543 155 2566 te
189 2537 400 2577 distinguere
439 2539 573 2570 civilem
617 2539 822 2580 libertatem,

121 2595 330 2618 communem
351 2588 488 2629 quidem
504 2590 670 2629 omnibus,
687 2600 707 2620 a
722 2589 821 2621 liber-

122 2641 193 2665 tate
208 2637 321 2676 animi,
333 2649 408 2679 quae
424 2639 489 2670 soli
506 2641 645 2682 propria
663 2646 717 2673 est
732 2641 820 2682 sapi-

121 2685 204 2717 cmi.
250 2686 340 2728 Ergo
355 2688 510 2721 attende.

919 824 960 853 93
986 823 1057 853 Non
1075 822 1223 863 μναῖαι-ἐς
1237 825 1318 861 erat,
1341 822 1407 862 tm]
1437 823 1579 855 Quaere-

876 872 936 903 bas
963 873 1075 911 modo,
1102 882 1120 903 o
1144 873 1277 912 Marce,
1303 883 1364 904 cnr
1387 873 1492 904 libero
1515 874 1577 904 tibi

877 932 916 953 ac
933 923 998 954 civi
1016 924 1166 954 Romano
1182 933 1248 954 uon
1274 924 1388 962 beent,
1405 925 1469 955 ἃς.
1524 924 1577 954 En

877 973 991 1004 disce:
1015 973 1151 1004 Praetor
1164 974 1253 1014 quod
1271 974 1321 1004 sui
1346 972 1459 1004 fuerat
1475 972 1578 1004 officii

877 1023 1040 1064 praestitit
1058 1024 1219 1064 sane,jus
1235 1023 1418 1057 Quiritium
1435 1023 1543 1062 dedit,
1560 1034 1580 1053 a

877 1075 1004 1105 domini
1041 1080 1214 1116 potestate
1247 1074 1444 1106 vindicavit.
1512 1075 1577 1105 Sed

876 1125 1025 1156 liberare
1043 1130 1076 1155 te
1091 1135 1110 1155 a
1126 1135 1218 1156 nexu
1243 1131 1278 1155 et
1303 1125 1469 1156 servitute
1486 1125 1579 1165 cupi-

877 1175 1024 1206 ditatum
1040 1185 1079 1206 ae
1097 1176 1269 1213 vitiorum,
1296 1184 1400 1215 penes
1419 1184 1494 1205 eum
1511 1184 1578 1205 nou

876 1230 962 1257 erat.
1008 1226 1085 1257 Hoc
1110 1234 1190 1256 vero
1214 1225 1283 1256 sola
1297 1229 1440 1266 praestat
1464 1224 1578 1256 Philo-

877 1276 1005 1317 sophia.

918 1325 1048 1367 Stultis]
1071 1326 1174 1368 Apud
1186 1327 1338 1358 Stoicos:
1363 1326 1463 1358 Stulti
1478 1336 1578 1357 omnes

873 1379 976 1409 serti:
1013 1378 1114 1416 item;
1143 1377 1309 1408 Insaniunt
1337 1386 1439 1408 omnes
1460 1380 1578 1417 proeler

874 1428 1055 1468 sapientem.

918 1479 1006 1510 Dare
1027 1479 1134 1510 tenuia
1148 1488 1250 1510 rerum
1265 1477 1381 1520 officia]
1422 1478 1518 1510 Dare
1536 1479 1577 1509 ti-

876 1528 909 1559 bi
925 1537 992 1559 non
1016 1528 1129 1568 potuit
1154 1529 1329 1559 scientiam
1355 1538 1468 1558 rerum
1490 1527 1576 1558 bene

874 1578 1092 1618 agendarum,
1114 1579 1123 1595 ⁴
1140 1583 1247 1617 recta,
1271 1583 1364 1609 recte
1387 1577 1576 1617 (κωματ-

873 1628 1045 1670 ορθιέματα,
1072 1639 1148 1671 quae
1173 1638 1288 1659 omnes
1301 1638 1458 1659 numeros
1475 1629 1578 1659 virtu-

874 1680 918 1711 tis
933 1680 1109 1711 continent
1119 1678 1139 1718 ;’
1174 1684 1211 1710 ut
1228 1679 1277 1710 ait
1291 1679 1434 1719 Tullius,
1450 1687 1506 1710 111.
1534 1677 1576 1709 de

874 1731 1025 1770 Finibus,
1044 1741 1077 1761 n.
1094 1732 1148 1761 24.

921 1781 1051 1821 Tenuia]
1086 1781 1223 1812 Minuta
1250 1784 1343 1811 certe
1365 1782 1399 1810 et
1428 1779 1579 1819 subtilia,

877 1842 986 1874 eoque
1015 1831 1176 1863 difficilia.
1198 1831 1401 1862 Aristoteles
1426 1831 1576 1862 Ethicor.

875 1891 916 1913 11.
954 1884 963 1900 ⁴
981 1881 1273 1915 Quemadmodum
1309 1890 1378 1912 non
1412 1881 1578 1922 cujusque

875 1937 929 1963 est
945 1932 1097 1963 invenire
1113 1937 1265 1962 centrum
1282 1931 1412 1970 circuli,
1427 1931 1486 1961 sed
1504 1935 1577 1961 tan-

877 1989 948 2014 tum
966 1983 1178 2014 Geometrae:
1204 1982 1252 2013 sic
1277 1991 1340 2013 nec
1365 1981 1497 2023 assequi
1511 1981 1577 2012 vir-

876 2034 959 2065 tutis
970 2033 1254 2073 mediocritatem,
1276 2043 1339 2064 nec
1354 2033 1396 2064 ad
1413 2042 1488 2064 eam
1504 2042 1578 2073 pcr-

875 2084 1009 2124 tingere
1026 2088 1153 2124 potest,
1169 2083 1232 2114 nisi
1250 2082 1407 2123 sapiens!
1442 2082 1578 2114 Deinde

875 2144 938 2176 per
954 2134 1102 2175 singulas
1126 2139 1477 2177 rernm‚'temporum,
1500 2142 1578 2174 per-

875 2194 1031 2215 sonarum
1062 2183 1284 2224 differentias,
1311 2184 1429 2215 videre
1465 2186 1474 2201 ⁶
1496 2184 1576 2225 quid

876 2235 1009 2274 deceat,
1023 2235 1104 2276 quid
1121 2234 1212 2273 non,’
1237 2241 1275 2265 ut
1289 2234 1336 2265 ait
1355 2234 1518 2265 Horatiue
1534 2234 1577 2265 ad

876 2285 1038 2322 Pisones;
1086 2284 1277 2324 dijudicare
1315 2285 1477 2324 specialia
1512 2285 1578 2316 viri

877 2335 954 2366 boni
971 2333 1100 2366 officia:
1136 2335 1170 2365 in
1197 2334 1249 2365 his
1266 2335 1368 2365 etiam
1395 2334 1578 2377 aliquando

874 2384 1032 2415 laborant
1060 2384 1114 2415 vel
1151 2384 1402 2425 sapientissimi.
1473 2385 1577 2426 Ergo,

875 2435 1018 2465 Masurii
1056 2434 1205 2473 rubrica,
1247 2435 1351 2475 leges,
1393 2435 1577 2467 ostendunt

875 2485 1011 2526 quidem
1028 2485 1183 2525 graviora
1209 2491 1244 2516 et
1267 2495 1349 2524 gran
1365 2485 1408 2515 lia
1436 2490 1576 2525 peccata

874 2543 977 2578 atque
1003 2534 1133 2568 officia:
1166 2545 1282 2566 verum
1305 2536 1411 2566 tenuia
1434 2536 1510 2573 ista,
1534 2534 1576 2564 de

875 2587 996 2628 quibus
1013 2586 1095 2626 dixi,
1111 2591 1147 2618 et
1164 2586 1283 2627 quibus
1297 2591 1370 2617 tota
1384 2584 1489 2615 ferme
1506 2584 1577 2616 vita

875 2639 1017 2670 honesta
1031 2638 1240 2674 continetur,
1256 2635 1403 2666 minime.

919 2692 961 2721 94
994 2688 1096 2728 Atque
1117 2698 1206 2719 usum
1242 2686 1360 2726 rapidcr
1393 2685 1576 2725 permittere
