1888 3032
727 135 910 167 SATIRA
940 133 988 165 V.

1501 124 1586 165 1119

126 231 257 282 Quod
279 232 413 274 vivis:
447 232 555 273 cinis
576 234 620 273 et
639 244 787 272 manes
810 236 852 273 et
871 230 1023 272 fabula
1044 229 1138 270 fies.

126 299 238 342 Vive
258 313 421 341 memor
439 300 538 341 leti:
571 300 681 352 fugit
700 300 823 340 hora:
854 298 956 347 hoc,
978 296 1095 350 quod
1114 296 1282 349 loquor,
1305 295 1405 336 inde
1427 298 1506 335 est.

124 454 152 482 el
169 450 287 490 umbra,
301 454 328 482 et
345 461 454 482 sermo.

738 554 853 564 eeeeee

506 451 611 483 Vitam
626 461 695 492 age,
711 455 842 482 mortem
859 452 1054 482 recordatus.-
1077 454 1195 491 tempus
1218 451 1327 492 effluit.
1374 450 1413 480 Id
1429 449 1508 490 quod
1523 449 1583 479 elv-

859 553 970 565 ιιιιιι

124 621 493 661 proveniebaut.——153
518 623 547 651 et
563 621 642 661 quod
659 622 763 660 loquor
778 620 844 651 Ms.
861 620 939 652 Gal.

788 706 929 738 NOTAE

126 768 197 800 vita
212 773 247 800 et
263 769 358 799 annis
374 769 486 809 arripe
504 769 709 810 voluptates.
745 770 828 802 Hor.

127 818 192 850 Od.
223 828 246 849 1.
280 822 331 850 ll.
365 820 490 860 ‘carpe
518 819 632 850 diem.'
687 820 829 860 Epicuri

125 870 217 910 apud
255 871 491 902 Lactantium:
531 872 540 888 ‘
560 871 828 912 Voluptatibus,'

127 920 295 961 inquiunt,
327 922 336 936 ⁴
353 931 487 962 quoquo
513 921 613 951 modo
644 931 833 961 possumus,

127 971 323 1001 serviamus.
351 971 453 1001 Brevi
472 971 560 1001 enim
578 976 734 1011 tempore
748 971 833 1002 nulli

126 1020 250 1051 erimus
267 1020 413 1052 omnino.
459 1022 550 1059 Ergo
574 1022 705 1052 nullum
730 1021 831 1060 diem,

127 1072 253 1102 nullum
277 1071 438 1111 temporis
465 1076 628 1112 puuctum
645 1070 754 1103 fluere
774 1083 832 1103 no-

126 1121 176 1152 bis
194 1121 264 1152 sine
286 1122 461 1162 voluptate
480 1122 660 1162 patiamur,
681 1132 736 1161 ne,
753 1123 834 1163 quia

126 1170 192 1212 ipsi
221 1171 423 1212 quandoque
452 1172 594 1212 perituri
626 1182 752 1212 sumus,
786 1172 834 1203 id-

128 1222 237 1262 ipsum
255 1222 343 1262 quod
360 1222 553 1259 vixerimus,
571 1223 713 1262 pereat!

171 1272 322 1302 Nostrum
348 1275 407 1310 est,
423 1274 500 1312 quod
530 1273 623 1313 vivis]
668 1272 738 1304 Βῖος
766 1272 836 1309 βίου

127 1321 267 1359 δεόμενος
284 1322 339 1353 οὐκ
355 1321 421 1353 ἔστι
441 1322 522 1362 βίος,
549 1323 663 1365 inquit
689 1324 835 1354 Prover-

129 1372 220 1404 bium
236 1373 406 1404 Graecum.
440 1373 541 1404 Unde
559 1373 690 1404 luxuria
704 1373 753 1405 ait
767 1373 832 1404 sibi

129 1427 307 1464 acceptam
345 1422 467 1454 referri
507 1429 667 1464 oportere
709 1425 832 1455 Damae

129 1474 234 1504 vitam
260 1473 412 1512 hilarem,
437 1473 639 1514 jucundam,
672 1473 834 1514 quietam,

129 1525 378 1564 voluptuosam,
408 1534 448 1555 eo
478 1524 570 1565 quod
601 1525 672 1555 sine
701 1524 833 1565 gaudiis

129 1584 168 1605 ac
197 1574 428 1614 voluptatibus
459 1574 587 1615 vivere,
617 1585 684 1606 non
716 1576 760 1606 sit
787 1576 833 1606 vi-

131 1634 223 1655 vere.

175 1679 237 1707 152
262 1676 351 1706 Ciuis
378 1679 409 1707 et
444 1686 548 1707 manes
574 1680 604 1708 et
620 1676 734 1714 fabula
754 1676 833 1717 fies]

131 1727 324 1769 Antequam
340 1728 492 1760 moriaris
515 1727 628 1760 fruere
644 1729 717 1760 vita
739 1728 834 1759 vitae-

133 1788 198 1820 que
214 1779 358 1817 deliciis;
382 1789 459 1810 nam
486 1779 582 1810 brevi
609 1779 650 1810 de
668 1784 702 1810 te
720 1784 834 1810 actum

133 1830 211 1861 erit.
257 1830 344 1860 Haec
362 1829 402 1859 ad
415 1835 565 1861 mentem
578 1830 837 1870 Epicureorum,

134 1880 282 1921 quicum
299 1889 442 1919 corpore
466 1884 501 1910 et
527 1879 671 1910 animam
694 1879 838 1910 interire

134 1934 275 1972 putant3
300 1934 337 1960 ut
351 1939 428 1960 mox
442 1930 529 1960 dixi:
555 1929 643 1970 quod
661 1929 742 1960 satis
760 1938 839 1960 con-

134 1981 227 2012 venit
253 1981 406 2022 loquenti
430 1981 592 2011 luxuriae:
618 1990 659 2011 an
677 1990 758 2011 vero
782 1990 840 2020 po-

135 2032 201 2062 tius
214 2031 399 2062 secundum
414 2031 561 2070 Stoicos,
580 2041 598 2061 e
613 2040 754 2070 quorum
768 2040 841 2071 gre-

137 2081 202 2113 mio
219 2081 378 2112 Persius?
403 2082 476 2113 Cic.
504 2082 640 2114 Tuscul.
667 2083 797 2114 Quaest.
814 2091 840 2112 1.

136 2141 226 2162 num.
258 2134 312 2162 77.
345 2132 497 2171 ‘Stoici‚'
530 2132 652 2172 inquit,
683 2133 841 2163 ‘usuram

136 2181 232 2212 nobis
249 2181 440 2220 largiuntur
457 2185 614 2221 tanquam
629 2182 840 2213 cornicibus:

137 2231 194 2262 diu
223 2240 396 2262 mansuros
425 2231 519 2261 aiunt
543 2232 682 2271 animos,
709 2240 843 2272 semper

138 2286 251 2312 autem
268 2280 415 2320 negant?
460 2282 504 2312 Et
520 2282 618 2322 paulo
636 2285 724 2322 post,
745 2291 772 2312 c.
788 2284 841 2313 73.

137 2336 145 2348 ‘
161 2332 257 2363 aiunt
272 2341 408 2363 manere
426 2332 564 2371 animos,
578 2341 595 2361 e
609 2341 753 2372 corpore
767 2341 842 2362 eum

139 2382 362 2421 excesserint,
387 2381 447 2412 sed
474 2391 538 2412 non
566 2381 723 2422 semper-,¹
768 2382 843 2412 Erit

139 2432 245 2472 igitur
270 2442 400 2470 sensus,
417 2432 481 2474 fies
502 2432 593 2471 cinis,
620 2432 777 2463 nimirum
800 2442 843 2463 ex

139 2491 233 2512 more
248 2487 396 2513 cremato
413 2492 557 2523 corpore
575 2488 645 2522 tuo,
663 2488 741 2523 post
758 2492 844 2514 mor·

143 2536 223 2571 tem,
240 2536 276 2563 et
293 2534 326 2564 in
342 2533 493 2563 favillam
518 2542 578 2573 per
595 2533 707 2573 ignem
726 2533 843 2564 redac-

143 2585 193 2611 to:
217 2581 341 2614 deinde
358 2583 424 2613 eris
438 2592 555 2623 manes,
581 2583 616 2614 id
642 2588 708 2622 est,
731 2583 844 2614 anima

143 2635 202 2660 tua
227 2640 287 2670 per
309 2632 445 2673 aliquod
473 2637 606 2673 tempus
635 2633 786 2665 manebit
807 2637 844 2664 et

143 2679 278 2711 durabit
301 2681 392 2721 apud
419 2681 563 2714 Inferos.
608 2684 737 2716 Postea
764 2692 843 2715 vero

874 772 938 814 fies
952 771 1077 811 fabula,
1105 771 1136 802 id
1176 774 1240 809 est,
1273 769 1401 801 redibis
1429 770 1462 799 in
1492 769 1585 809 prius

885 822 1042 852 nihilum:
1069 822 1139 853 lure
1170 821 1258 852 enim
1288 820 1503 860 catastrophe
1533 823 1587 850 est

886 872 964 902 vitae
982 876 1016 902 et
1032 871 1233 902 conditionis
1249 871 1416 908 humanae,
1434 880 1509 911 quae
1538 868 1586 900 fa-

886 922 973 952 bulae
1000 921 1033 951 in
1065 920 1189 951 mundo
1217 921 1310 951 velut
1332 920 1367 950 in
1393 921 1525 950 theatro
1552 924 1587 949 et

887 981 989 1002 scena
1006 976 1153 1011 peractae.
1172 970 1364 1011 comparari
1383 969 1480 1000 solet.

931 1021 1056 1061 Manes]
1095 1022 1164 1052 Pro
1181 1021 1266 1051 locis
1283 1019 1500 1050 inferioribus
1517 1019 1590 1049 Ma-

885 1082 939 1103 nes
963 1072 1092 1112 accipit
1120 1070 1274 1102 Macrob.
1307 1070 1476 1101 Saturnal.
1507 1078 1533 1099 1.
1558 1071 1590 1101 3.

888 1122 1009 1163 virgil.
1041 1121 1175 1152 AEneid.
1200 1130 1248 1152 vr.
1277 1129 1338 1161 pro
1369 1120 1487 1159 poenis‚
1513 1128 1590 1160 quae

890 1178 969 1203 sunt
996 1171 1087 1213 apud
1117 1170 1263 1202 Infero's.
1309 1169 1391 1210 Alii,
1420 1179 1483 1209 pro
1512 1169 1590 1200 Diis

891 1227 1023 1253 tantum
1041 1222 1156 1260 bonis;
1170 1231 1248 1252 nam
1258 1221 1367 1251 Varro
1382 1221 1404 1251 l.
1418 1230 1452 1251 v.
1467 1218 1591 1250 bonum

889 1273 1038 1313 antiquis
1055 1282 1189 1302 manum
1215 1271 1330 1302 vocari
1346 1270 1412 1310 ait;
1437 1270 1512 1300 hinc
1530 1279 1591 1309 per

890 1323 1111 1364 antiphrasim
1137 1323 1233 1363 quasi
1261 1321 1399 1352 minime
1430 1321 1519 1361 boni,
1546 1320 1592 1361 (si

889 1375 1005 1406 Servio
1022 1373 1123 1415 fides)
1146 1374 1206 1405 Dii
1223 1372 1331 1404 Inferi
1348 1373 1460 1403 Manes
1476 1372 1593 1412 appel-

887 1425 1014 1455 lantur.
1059 1424 1169 1454 Porro
1186 1423 1331 1454 animum
1347 1431 1365 1452 a
1381 1431 1522 1462 corpore
1543 1430 1593 1452 se-

889 1479 1044 1514 paratum
1061 1473 1204 1514 Antiqui
1221 1474 1349 1503 Manem
1367 1473 1476 1503 Deum
1497 1481 1593 1503 voca-

890 1525 980 1555 bant.
1005 1523 1072 1554 Hic
1087 1524 1230 1554 sumitur
1246 1532 1308 1563 pro
1326 1522 1438 1552 anima
1450 1531 1593 1562 corpore

889 1575 1010 1605 soluta.
1048 1574 1170 1605 Horat.
1189 1573 1256 1604 od.
1277 1582 1300 1603 1.
1318 1575 1350 1603 4.
1374 1574 1383 1589 ⁴
1400 1572 1488 1602 Vitae
1506 1582 1594 1602 sum-

889 1634 943 1654 ma
966 1624 1080 1655 brevis
1107 1633 1201 1663 spem
1229 1633 1290 1653 nos
1313 1626 1408 1653 vetat
1435 1622 1595 1653 inchoare

887 1675 1033 1714 longam.
1078 1674 1157 1706 Jam
1184 1678 1219 1704 te
1247 1677 1380 1713 premet
1403 1671 1595 1713 nox,fabu-

889 1726 1001 1766 laeque
1025 1724 1162 1756 manes!
1208 1724 1298 1755 Vide
1325 1723 1415 1755 infra
1445 1734 1492 1755 vs.
1520 1726 1595 1754 185.

892 1775 934 1806 ad
951 1785 1082 1815 vocem,
1096 1775 1255 1805 Lemures.

935 1825 1055 1856 Fabula
1067 1824 1146 1866 fies]
1193 1824 1471 1864 Interpretantnr
1494 1824 1597 1863 vulgo

892 1877 1003 1906 locum
1020 1876 1119 1914 hunc,
1137 1874 1225 1905 sicut
1247 1879 1281 1905 et
1303 1874 1426 1906 Horat.
1443 1884 1520 1904 mox
1536 1874 1597 1904 cit.

894 1926 937 1956 de
968 1924 1106 1964 Inferis,
1137 1924 1179 1954 de
1207 1924 1327 1964 quibus
1355 1928 1390 1954 et
1416 1923 1537 1954 Poe'tae
1562 1928 1598 1954 et

896 1975 1092 2015 Philosophi
1123 1979 1177 2005 tot
1207 1979 1241 2004 et
1271 1977 1368 2004 tanta
1395 1979 1535 2003 narrant
1564 1977 1600 2004 et

894 2028 1102 2059 fabulantur.
1158 2026 1275 2067 Atque
1302 2026 1351 2057 ita
1381 2026 1455 2056 duae
1481 2034 1597 2065 voces,

895 2089 1009 2116 manes,
1026 2077 1151 2116 sabula,
1175 2077 1266 2107 idem
1282 2074 1485 2116 significant.
1530 2075 1598 2106 Po-

896 2134 965 2162 test
981 2130 1081 2161 etiam
1104 2129 1154 2159 ita
1178 2126 1452 2168 intelligi‚fabula
1467 2126 1541 2168 fies,
1564 2126 1599 2156 id

897 2186 962 2220 est,
993 2181 1065 2212 sola
1100 2180 1149 2211 tui
1180 2179 1344 2209 memoria
1375 2177 1533 2218 restabit,
1563 2181 1600 2208 et

896 2241 1006 2263 sermo
1022 2231 1065 2262 de
1082 2236 1115 2262 te
1139 2230 1253 2261 forsan
1277 2228 1464 2259 faciendus.
1510 2227 1599 2258 Vide

897 2291 998 2322 supra
1014 2281 1149 2312 tertiam
1177 2279 1274 2318 hujus
1303 2278 1367 2308 loci
1396 2277 1600 2319 interpreta—

898 2333 1038 2370 tionem,
1054 2331 1096 2362 ad
1114 2331 1198 2361 hauc
1216 2339 1348 2370 vocem,
1361 2329 1453 2360 cinis.

941 2385 1002 2413 153
1032 2382 1108 2413 Vive
1135 2390 1247 2412 memor
1270 2379 1339 2420 leti]
1383 2380 1506 2411 Horat.
1527 2379 1600 2411 Sat.

896 2441 937 2463 ιι.
954 2435 986 2463 6.
1001 2432 1010 2448 ⁴
1021 2431 1108 2462 Vive
1124 2440 1252 2462 memor
1268 2439 1369 2471 quam
1385 2429 1427 2460 sis
1443 2429 1507 2460 aevi
1525 2429 1599 2460 bre-

898 2482 970 2514 vis.¹

944 2534 1041 2572 Fugit
1056 2531 1146 2572 hora]
1190 2531 1272 2562 Vita
1299 2530 1420 2561 sensim
1444 2527 1603 2567 elabitur,

898 2590 937 2617 ut
964 2589 1109 2624 tempus.
1156 2583 1240 2613 Hor.
1268 2581 1336 2613 011.
1353 2589 1392 2609 11.
1408 2583 1438 2609 5.
1461 2579 1468 2593 ‘
1485 2577 1601 2607 Currit

899 2634 988 2665 enim
1005 2632 1103 2664 ferox
1121 2634 1227 2664 aetas.’
1270 2629 1390 2668 Virgil.
1413 2628 1422 2644 ‘
1438 2626 1541 2667 Fugit
1558 2625 1603 2656 ir-

897 2684 1089 2726 reparabile
1106 2681 1263 2722 tempus!
