1888 3032
228 137 313 182 238

227 246 290 283 vit,
300 248 336 277 et
351 255 370 276 a
385 243 506 286 quibus
520 240 636 282 lychni
649 238 799 280 dependi
812 238 935 271 solent.

227 295 429 335 *Pericle-ns]
462 295 517 324 De
547 296 622 323 seta
652 291 777 332 equina
806 290 934 330 depen-

228 347 322 386 dens,
354 344 490 386 singulis
521 342 702 374 momentis
745 342 934 383 periculum

228 398 331 436 foret,
356 406 397 426 ne.
426 400 497 426 seta
528 395 585 424 illa
616 397 728 434 rupta,
759 393 848 423 ensis
879 392 934 423 ille

227 448 360 488 fulgens
384 448 417 476 in
453 451 557 484 caput
583 444 733 485 subjecti
760 443 935 474 Damoclis

228 497 418 529 decideret.
449 495 561 527 Lithin.

271 549 311 579 41
337 548 529 588 Purpureas,
557 544 627 586 δῖα]
663 545 849 584 Damoclis,
875 544 936 576 sci-

228 600 310 630 licet
353 599 456 639 regiis
510 597 721 628 vestimentis
771 595 937 627 induti.—

229 649 362 689 Subter]
409 650 541 680 Exacte
571 648 617 678 illi
647 647 793 688 fulgenti
824 646 936 686 gladio

229 700 422 741 suppositas
481 705 516 730 et
558 696 937 738 subjectas.—Terwz·t]

232 750 462 789 Exanimzwit,
479 749 768 780 etconsternavit.
794 748 939 779 Idem.—

233 802 330 841 hnus,
347 801 416 842 ὅπη]
452 801 547 831 Ordo
565 805 637 831 est:
671 809 763 840 quam
777 799 804 830 sz‘
817 798 877 830 sibi
892 798 939 829 di-

229 856 292 891 cat,
312 853 409 892 Imus,
433 852 513 884 imus
536 851 718 893 praecipites
739 852 772 882 in
798 851 882 882 vitia
904 854 940 881 et

230 903 385 942 exitium,
414 903 506 934 nulla
530 903 657 934 virtute
680 900 942 941 sufflaminandi,

231 955 321 985 omni
339 955 455 985 salutis
469 965 528 995 spe
546 954 720 985 destituti.
748 953 886 984 Furnab.

274 1008 316 1036 42
342 1006 439 1044 Imus,
459 1004 528 1044 &eff
565 1004 606 1035 Id
635 1010 698 1043 est,
725 1014 811 1034 anne
836 1004 940 1034 ullum

234 1056 438 1096 Phalaridis,
469 1057 523 1086 vel
548 1056 706 1096 Dionysii
738 1055 941 1095 supplicium

230 1106 365 1146 gravius
381 1116 529 1146 unquam
544 1105 623 1145 fuit,
641 1115 739 1146 quam
760 1105 787 1135 si
805 1105 879 1146 quis
895 1105 942 1135 in-

230 1156 332 1187 vidiae
344 1161 377 1187 et
391 1155 612 1187 conscientiae
623 1156 767 1187 stimulis
775 1155 818 1186 de
829 1159 943 1186 mente

231 1206 436 1237 deturbatus
464 1207 568 1245 dicat,
601 1207 770 1246 Perimus,
802 1206 943 1245 urimur,

231 1258 463 1296 absumimur3
500 1258 598 1295 Imus,
619 1258 711 1297 imus,
735 1258 881 1298 inquam,
908 1256 943 1287 in

235 1307 392 1347 exitium,
409 1312 444 1338 et
469 1308 655 1348 perniciem
684 1307 892 1348 praecipiteS,
909 1312 943 1338 et

233 1358 323 1390 omni
350 1358 467 1389 salutis
489 1368 549 1398 spe
577 1359 766 1389 miserrime
789 1358 944 1389 destitui-

233 1419 310 1440 mur
322 1410 482 1444 ?——-Quam
509 1409 550 1447 εἰ,
571 1408 640 1448 &c.]
690 1408 772 1447 Sibi,
800 1409 946 1448 Empha-

235 1461 316 1493 tice.
341 1461 438 1491 Intra
455 1471 502 1500 se,
517 1461 549 1491 in
562 1461 672 1491 animo
687 1471 761 1497 suo,
773 1460 838 1496 vel,
857 1459 944 1500 quod

236 1513 336 1543 homo
350 1512 537 1543 sceleratus
555 1512 618 1542 sibi
633 1511 698 1551 ipsi
713 1511 774 1542 soli
789 1510 945 1541 conscIus

237 1564 292 1603 sit,
318 1572 394 1593 cum
412 1572 470 1593 sua
497 1560 632 1601 flagitia
656 1562 728 1592 aliis
755 1571 821 1591 non
844 1560 947 1600 dicat,

236 1613 295 1644 sed
313 1613 370 1643 illa
384 1612 428 1643 ob
442 1612 690 1652 turpitudinem
704 1612 858 1642 revelare
872 1621 947 1641 eru-

238 1663 370 1695 bescat.
417 1664 425 1679 ‘
451 1661 682 1693 Conscientia’
712 1662 800 1691 enim
831 1660 947 1691 ‘mille

240 1711 524 1751 testes.'-—Intus]
557 1711 596 1741 In
622 1711 745 1749 animo,
761 1715 796 1740 ct
818 1710 947 1741 consci-

238 1763 335 1794 cntia
351 1763 494 1801 interna,
521 1762 563 1791 ob
588 1761 749 1791 vitiorum
767 1760 948 1801 turpitudi-

239 1823 317 1845 nem
334 1823 409 1844 cum
436 1821 562 1853 pavore
586 1812 802 1851 extimescat,
827 1816 863 1841 et
880 1811 950 1852 pal-

238 1865 320 1895 leat.
344 1865 442 1894 Idem.

283 1918 324 1947 43
344 1915 446 1954 Quod,
459 1914 528 1954 ἔγω]
553 1915 661 1946 Quem
675 1917 804 1944 motum
818 1912 861 1943 ob
878 1922 951 1943 sce·

239 1967 347 1997 lerum
365 1975 498 2006 poenam
510 1969 739 2003 contractum,
755 1964 859 1994 etiam
874 1973 951 1994 con-

235 2016 476 2058 junctissimis,
493 2020 528 2046 ct
546 2015 756 2046 amicissimis
774 2015 950 2055 detegere,

242 2073 279 2099 et
293 2066 426 2108 aperire
444 2066 637 2103 erubescat,
648 2070 752 2106 atque
763 2064 848 2095 adeo
862 2065 950 2105 quod

242 2118 409 2159 proxima,
439 2122 473 2147 et
505 2116 665 2147 fidissima
696 2125 781 2146 uxor
808 2115 951 2145 nesciat.

242 2169 358 2200 Lubin.

287 2222 328 2251 44
352 2219 454 2259 Scepc,
471 2218 539 2257 Bra]
579 2218 619 2248 Id
645 2222 708 2257 est,
734 2216 870 2247 memini
889 2226 951 2256 ego

245 2269 368 2308 adhuc,
384 2268 473 2310 quod
498 2278 623 2308 parvus
645 2278 728 2308 puer
742 2278 818 2298 cnm
834 2276 954 2304 essem,

247 2320 360 2350 oculos
383 2320 456 2348 oleo
482 2319 684 2357 intingerem
710 2323 745 2348 et
774 2318 954 2354 illinet-em,

246 2374 282 2399 et
306 2369 354 2399 ita
377 2367 520 2397 fluentes
545 2369 672 2406 oculos,
696 2373 756 2398 aut
778 2367 953 2407 lippitudi-

246 2429 336 2459 nem,
349 2424 383 2448 et
396 2418 475 2447 alios
493 2419 622 2448 morbos
634 2418 840 2455 simularem,
854 2422 891 2447 ut
906 2417 954 2447 ita

250 2468 424 2500 taediosum
458 2466 613 2496 discendi
642 2467 792 2497 laborem
822 2467 953 2496 subter-

247 2518 413 2561 fugerem.
470 2518 526 2547 Est
546 2517 634 2546 enim
656 2516 827 2555 lippitudo
843 2518 955 2545 oculo-

248 2580 323 2600 rum
339 2567 528 2604 fluentium,
557 2568 606 2597 ici
634 2566 888 2596 Lmrunmndum
909 2575 952 2594 vi-

249 2620 345 2658 tium,
369 2623 457 2659 quod
481 2618 536 2648 ille
564 2624 638 2647 olco
667 2617 817 2646 imitatus
845 2622 954 2646 est.—

253 2669 438 2710 Tingebam]
473 2668 628 2708 Metaplt.
656 2667 697 2699 ab
716 2666 954 2698 infectoribus.

251 2719 448 2752 Casaubonus
473 2718 651 2751 contendit
677 2717 856 2758 legendum
882 2726 956 2748 esse

686 142 831 175 NOTAE
866 141 1132 173 VARIORUM
1165 140 1216 172 IN

987 237 1165 278 tangebam,
1180 241 1217 269 et
1233 237 1276 270 de
1292 237 1465 270 interioris
1486 237 1575 269 oculi
1599 240 1696 269 tactu

989 288 1420 330 accipiendum.-Par·vus]
1478 287 1695 330 Emphatice.

989 340 1082 371 Puer
1098 341 1161 372 lioc
1178 339 1260 379 feci,
1274 340 1306 371 in
1324 350 1390 382 quo
1417 341 1558 372 alienior
1581 350 1601 370 a
1627 343 1697 371 stu-

989 391 1055 423 diis
1073 393 1203 422 aninrus
1220 391 1377 422 excusari
1401 391 1443 422 ob
1460 396 1597 422 a=tatcm
1614 399 1698 431 pue-

989 443 1100 483 rilem,
1124 452 1200 484 quae
1230 442 1385 473 laborum
1416 441 1698 473 scholasticorum

989 493 1238 536 impatientior,
1253 497 1380 535 potest.
1402 491 1515 524 Lubin.

1032 548 1074 577 45
1100 544 1257 583 Grandia,
1270 543 1340 583 850]
1372 543 1406 574 Si
1422 542 1578 573 discendi
1594 542 1699 574 taedio

991 596 1134 637 grandia
1150 596 1218 633 illa,
1234 593 1406 633 sublimia,
1419 598 1454 624 et
1469 593 1621 624 animosa
1637 592 1701 623 Ca-

991 647 1080 678 tonis
1096 646 1269 678 Uticensis
1285 645 1328 676 de
1355 649 1463 675 morte
1481 643 1598 682 verba,
1622 652 1698 684 quae

991 698 1023 728 in
1041 697 1164 728 scholis
1182 697 1257 727 loco
1284 695 1440 727 exercitii
1464 693 1702 735 proponeban-

993 752 1061 785 tur,
1078 747 1413 786 audire‚etediscere
1425 745 1562 776 nollem.
1586 743 1702 775 Luhin.

992 798 1209 835 —flsorz'tuv—o,
1224 795 1294 837 Bra]
1327 796 1469 835 Merito,
1484 795 1604 836 inquit,
1619 795 1701 825 mihi

993 847 1234 888 lippitudinem
1262 846 1487 886 arcessebam,
1503 856 1545 877 ne
1562 846 1702 877 Catonis

994 899 1253 930 deliberativam
1285 898 1473 929 orationem
1505 897 1702 935 recitarem,

995 956 1109 982 utrum
1126 951 1289 981 moriatur
1314 959 1354 980 an
1382 959 1449 980 non
1467 959 1475 979 z
1504 955 1563 979 aut
1581 947 1703 989 quibus

996 1002 1105 1032 verbis
1122 1001 1172 1031 uti
1199 1001 1325 1041 potuit,
1347 1010 1423 1031 cum
1451 1009 1486 1030 se
1512 999 1704 1030 destinaret

995 1052 1203 1084 interficere.
1247 1052 1317 1083 Vet.
1335 1051 1570 1083 Sch.——Dicere
1596 1048 1705 1090 cerba]

996 1104 1059 1134 Est
1093 1103 1228 1133 Chi-iam
1267 1110 1470 1141 componere
1497 1101 1560 1131 lioc
1592 1100 1704 1131 titulo.

998 1153 1352 1193 Casaub.—Morit11m]
1375 1152 1455 1191 Alii,
1473 1151 1627 1182 Moritur-i
1645 1151 1705 1181 Ca-

996 1206 1078 1237 tonis
1093 1198 1234 1236 Discere.
1259 1205 1486 1236 Deliberabat
1504 1203 1593 1235 enim
1606 1204 1705 1243 Cato,

997 1259 1146 1288 satiusne
1172 1256 1262 1287 foret
1293 1256 1357 1286 sibi
1390 1256 1554 1286 violentas
1585 1264 1704 1285 manus

996 1309 1108 1340 Uticae
1136 1307 1274 1345 inferre,
1298 1317 1398 1348 quarn
1425 1316 1461 1338 se
1478 1306 1555 1345 sibi,
1571 1306 1706 1347 patriae,

997 1365 1033 1392 et
1049 1360 1150 1400 Reip.
1167 1369 1379 1390 conservare.
1416 1358 1532 1390 Lubiu.

1039 1413 1082 1442 46
1110 1411 1240 1450 Dicere]
1275 1409 1358 1447 Alii,
1385 1409 1514 1440 Discere
1531 1409 1568 1439 ab
1585 1409 1703 1440 insano.

998 1460 1127 1499 Iusano]
1152 1461 1193 1491 ld
1211 1465 1274 1499 est,
1290 1460 1388 1491 nimis
1407 1469 1526 1491 severo
1544 1464 1579 1490 ct
1598 1459 1709 1490 conci-

998 1517 1082 1551 tato,
1097 1518 1132 1543 et
1148 1512 1192 1543 ob
1213 1512 1349 1543 nimiam
1368 1511 1582 1551 diligentiam
1599 1515 1634 1542 et
1650 1520 1707 1542 ve-

998 1564 1217 1599 hementiam,
1235 1573 1300 1604 qua
1324 1573 1384 1593 nos
1411 1562 1453 1592 ad
1477 1561 1590 1592 studia
1607 1560 1708 1591 exsti-

997 1615 1162 1654 mulabat,
1179 1624 1266 1654 pene
1280 1615 1406 1644 insano.
1431 1613 1546 1644 Luhin.
1586 1612 1708 1643 Stoicis

999 1664 1087 1694 enim
1107 1670 1234 1704 praeter
1251 1665 1441 1704 sapientem
1461 1670 1576 1702 unum,
1592 1671 1707 1693 omnes

1000 1714 1118 1744 insani.
1146 1714 1302 1745 Causauh.

1041 1766 1082 1794 47
1110 1764 1200 1801 Quoe,
1227 1763 1297 1804 8502]
1346 1764 1431 1795 Quae
1464 1772 1586 1804 parens
1615 1771 1709 1793 meus

1001 1815 1192 1845 convocatis
1210 1815 1339 1853 amicis,
1360 1815 1403 1844 ol)
1421 1814 1506 1844 lianc
1534 1823 1641 1843 meam
1658 1822 1709 1843 re-

1000 1865 1198 1896 citationem
1224 1865 1354 1906 ingenti
1380 1864 1502 1895 laetitia
1523 1864 1648 1894 sudans
1675 1867 1711 1894 et

1000 1916 1223 1953 incalescens,
1236 1920 1272 1946 et
1288 1915 1483 1956 praeclaram
1500 1914 1542 1945 de
1558 1913 1627 1945 filio
1651 1923 1710 1945 suo

1001 1977 1095 2007 spem
1122 1966 1333 2006 concipiens,
1349 1975 1479 1996 summa
1503 1975 1577 1995 cum
1603 1964 1710 1995 admi·

1003 2018 1135 2049 ratione
1180 2016 1488 2056 nummu-Pater]
1548 2016 1711 2047 §olebant

1002 2068 1090 2098 enim
1106 2068 1153 2098 illi
1170 2068 1345 2098 interesse.
1370 2066 1483 2098 Lubin.

1045 2121 1087 2150 48
1110 2120 1203 2157 Jure,
1227 2118 1298 2158 ἐξα]
1329 2119 1422 2155 Jnre,
1451 2126 1517 2147 non
1541 2115 1711 2157 significat

1003 2175 1096 2200 recte
1114 2169 1178 2200 hoc
1195 2168 1322 2200 factum
1340 2179 1359 2199 a
1377 2169 1514 2206 Persi03
1539 2167 1599 2199 sed
1618 2168 1712 2199 valet

1004 2220 1250 2251 convenienter
1267 2220 1346 2250 vita·
1369 2228 1468 2259 quam
1489 2217 1626 2259 agebat,
1651 2227 1710 2258 pu-

1004 2272 1141 2303 erilibus
1173 2271 1305 2302 scilicet
1334 2271 1441 2309 annis,
1466 2274 1502 2301 et
1528 2269 1585 2300 fini
1610 2278 1711 2310 quem

1004 2323 1046 2353 ob
1075 2324 1190 2354 oculos
1214 2322 1427 2362 propositum
1456 2320 1610 2351 habebat.
1651 2321 1711 2350 Ca-

1002 2373 1164 2404 saubonus.
1212 2373 1252 2403 Id
1277 2378 1343 2411 est,
1367 2372 1487 2412 puerili
1517 2375 1619 2401 aetate
1644 2378 1711 2400 non

1004 2424 1129 2464 injuria
1144 2433 1309 2454 summum
1327 2423 1447 2453 bonum
1478 2427 1511 2451 et
1530 2419 1711 2450 maximum

1007 2475 1130 2504 bonum
1149 2474 1226 2503 mihi
1247 2473 1427 2504 videbatur
1439 2472 1581 2501 talorum
1596 2469 1712 2500 ludum

1006 2534 1114 2560 noss‹¹‚
1132 2530 1165 2553 et
1189 2523 1268 2563 quid
1287 2524 1449 2562 cujusque
1468 2521 1525 2550 tali
1545 2529 1641 2550 casus
1658 2529 1714 2549 va-

1005 2574 1104 2611 leret,
1122 2572 1366 2610 scire—Quid,
1381 2570 1449 2611 ξιτ]
1489 2569 1526 2600 ld
1549 2574 1612 2608 en,
1628 2578 1714 2610 puer

1007 2633 1134 2653 summo
1163 2628 1243 2653 voto
1268 2623 1357 2652 scire
1386 2621 1604 2661 expetebam,
1629 2620 1712 2662 quid

1006 2674 1040 2704 in
1075 2673 1217 2704 talorum
1245 2673 1343 2713 jactu
1374 2673 1467 2703 senio
1491 2673 1549 2703 ille
1580 2671 1714 2709 dexter,

1007 2724 1101 2756 utilis
1133 2728 1169 2756 et
1193 2723 1403 2763 fortunatus,
1430 2723 1516 2754 lucri
1548 2721 1712 2753 adferret.
