1888 3032
242 164 298 205 10
758 173 818 202 nn
853 171 1013 201 Pnnsu
1048 172 1180 211 vrrA,

240 272 570 312 innumerabiles
591 272 690 318 sint,
707 281 786 309 nec
808 268 861 309 ad
885 273 1047 309 certum
1069 282 1289 309 numerum
1310 273 1464 311 natura
1484 270 1689 317 astrictae.

239 345 546 392 praeceptaque
567 342 607 377 et
628 337 787 389 regulae
807 337 1022 395 lmjusx'cl
1041 337 1159 377 illius
1176 337 1325 378 formae
1359 341 1434 378 aut
1466 338 1689 379 imitatori-

239 407 322 447 bus
346 412 416 446 aul
441 406 676 446 lectoribus
695 409 865 445 tantum
887 406 1140 453 scribantur,
1175 407 1224 444 ut
1259 405 1459 453 habeant,
1483 405 1601 458 quod
1621 418 1688 446 se·

240 478 437 526 quantur,
459 478 535 513 aut
556 473 610 513 ad
634 473 752 525 quod
786 473 830 513 in
861 473 1040 525 legendo
1069 472 1306 522 attendant,
1325 485 1412 512 non
1434 472 1592 525 po‘etiS,
1615 473 1690 526 qui

236 541 369 581 libero
389 554 529 589 cursu,
551 553 637 593 quo
660 541 846 593 impetus
867 545 907 580 et
929 540 1071 581 Musae
1093 539 1266 589 ducant,
1288 544 1538 593 sequuntur.
1591 540 1686 581 Illae

237 608 380 648 satirae
403 612 478 648 aut
505 608 705 661 epistolae
744 608 799 648 ad
835 609 999 649 amicos
1025 608 1175 648 missae
1209 621 1260 648 eo
1292 608 1477 648 consilio
1510 607 1686 660 scriptae

234 678 346 724 sunt,
382 678 431 715 ut
464 676 551 728 ipsi
587 676 713 729 quasi
759 676 1052 728 inscriptionis
1086 675 1246 715 honore
1280 675 1495 728 amicique
1529 675 1688 728 pietate

235 743 479 793 gauderent,
501 743 685 784 lectores
705 756 823 793 vero,
845 755 1032 796 quorum
1052 743 1165 783 ratio
1186 743 1408 796 praecipue
1436 743 1586 783 habita
1605 747 1687 792 est,

231 809 432 850 lectionis
452 810 637 852 fructum
659 811 918 864 colligerent.

288 876 447 931 Neque
463 891 610 920 eorum
623 879 772 932 opinio
789 878 893 918 mihi
910 878 1129 931 probatur,
1144 878 1219 931 qui
1232 876 1470 931 perhibent,
1487 876 1686 918 Persium

229 957 326 985 eum
339 958 476 986 rerum
489 946 679 986 ordinem
694 946 738 986 in
755 947 899 987 satiris
915 959 1099 995 servare,
1115 959 1241 999 quem
1257 945 1509 985 dialectices
1523 944 1683 997 regulae

230 1015 528 1066 praeseribant.
590 1013 776 1055 Videtur
792 1015 940 1067 potius
956 1014 999 1054 in
1012 1014 1094 1054 hac
1111 1027 1157 1054 re
1175 1013 1464 1067 philosophus
1479 1017 1564 1053 non
1578 1013 1684 1053 satis

231 1085 463 1121 accuratus
495 1084 539 1122 et
570 1081 757 1131 subtilis,
788 1082 1007 1135 simulque
1028 1081 1162 1134 poeta
1188 1094 1274 1121 non
1304 1081 1412 1121 satis
1441 1080 1611 1121 solutus
1633 1092 1684 1121 ac

228 1147 350 1188 liber.
416 1148 723 1202 Unusquisque
745 1149 902 1199 statim,
925 1161 1200 1201 quacumque
1221 1148 1354 1188 satira
1369 1148 1573 1200 perlecta,
1591 1147 1685 1187 ani-

228 1214 506 1256 madverterit
525 1228 702 1256 necesse
718 1219 798 1266 est,
816 1215 1013 1256 Persium
1027 1229 1111 1256 non
1124 1228 1209 1256 uno
1223 1219 1371 1256 tenore
1386 1218 1681 1268 argumentum

227 1282 492 1333 detexuisse,
528 1283 604 1324 sed
638 1284 682 1323 in
707 1283 887 1336 singulis
905 1285 1105 1336 partibus
1127 1284 1390 1331 elaborasse,
1413 1286 1538 1335 prout
1558 1294 1681 1335 quae·

227 1366 310 1406 que
344 1351 408 1392 illi
440 1353 484 1392 in
511 1355 696 1392 mentem
716 1352 893 1401 venerit,
919 1364 1081 1405 easque
1101 1352 1271 1392 curiose
1290 1351 1500 1392 interdum
1521 1354 1564 1391 et
1584 1349 1682 1390 dili·

225 1423 371 1472 genter
390 1420 452 1459 ita
470 1419 750 1472 expolivisse,
780 1422 827 1459 ut
858 1419 1020 1472 ubique
1045 1426 1241 1459 ornatum
1262 1417 1406 1472 po'etae
1437 1418 1507 1458 vel
1527 1418 1573 1457 in
1594 1417 1681 1457 sin-

225 1488 337 1540 gulis
372 1488 515 1528 verbis
552 1499 779 1539 agnoscas,
819 1485 970 1526 deinde
1011 1499 1100 1535 eaS,
1136 1486 1335 1539 neglecta
1370 1489 1475 1535 arte,
1514 1497 1613 1538 quae
1637 1485 1680 1524 in

224 1555 509 1596 commissura
548 1554 734 1596 celanda
771 1555 969 1603 cernitur,
1009 1555 1328 1608 composuisse,
1364 1556 1413 1593 ut
1448 1554 1589 1606 primo
1612 1564 1680 1591 as-

223 1626 353 1674 pectu
389 1623 519 1662 totius
546 1623 691 1674 operis
712 1625 859 1674 partes
879 1626 1130 1674 appareant.
1192 1620 1296 1670 Qua
1325 1634 1381 1660 ex
1402 1634 1447 1660 re
1480 1620 1678 1672 colligas,

221 1689 483 1730 inventionis
507 1690 702 1729 ubertate
722 1701 952 1741 rerumque
975 1689 1107 1741 copia
1125 1689 1263 1740 magis
1284 1688 1408 1728 illum
1428 1687 1678 1727 destitutum

221 1756 373 1806 fuisse,
405 1770 534 1810 quam
566 1769 706 1796 rerum
740 1756 1005 1808 singularum
1036 1756 1249 1796 tractandi
1285 1759 1388 1804 arte,
1426 1768 1513 1808 qua
1544 1754 1678 1806 probe

221 1824 457 1865 instructus
479 1824 857 1876 grammaticorum
877 1827 920 1865 et
939 1824 1152 1864 rhetorum
1173 1823 1348 1864 scholas
1365 1822 1591 1875 reliquisse
1611 1821 1676 1861 vi-

220 1890 358 1931 detur.
411 1891 617 1931 Poetices
650 1903 779 1944 porro
810 1890 923 1931 ratio
955 1891 1167 1943 postulat,
1204 1894 1249 1930 ut
1280 1903 1362 1939 res,
1398 1902 1506 1943 quas
1533 1892 1676 1929 mente

219 1962 383 1999 tantum
403 1962 444 1998 et
461 1959 630 1999 ratione
650 1958 862 2007 videmus,
895 1958 958 1998 ita
987 1962 1221 1999 tractentur
1250 1961 1292 1997 et
1319 1960 1606 2010 exponantur,
1627 1960 1676 1996 ut

219 2026 367 2066 omnia
400 2026 627 2066 videantur
662 2026 705 2066 in
737 2039 788 2067 ea
816 2039 912 2066 esse
945 2030 1126 2075 mutata,
1161 2039 1261 2077 quae
1283 2025 1484 2064 sensibus
1504 2024 1673 2077 percipi

218 2094 404 2146 possint.
465 2093 517 2132 In
539 2106 627 2145 quo
648 2106 799 2145 genere
828 2092 1004 2133 Persius
1037 2094 1092 2132 ab
1124 2093 1313 2132 Horatio
1340 2092 1464 2143 longe
1495 2105 1521 2132 a
1555 2095 1672 2145 tergo

216 2160 492 2212 relinquitur:
524 2160 577 2199 ad
599 2173 708 2212 quos
726 2161 839 2199 enim
869 2161 1077 2213 scopulos
1109 2160 1181 2200 ille
1211 2163 1367 2200 temere
1396 2159 1671 2213 naufragium

217 2239 339 2280 saepe
360 2227 474 2276 fecit,
510 2240 586 2268 eos
607 2227 801 2280 prudenti
824 2228 1010 2268 consilio
1031 2228 1102 2268 hic
1123 2241 1294 2281 sempor
1324 2229 1518 2268 evitavit.
1580 2227 1670 2267 Ob-

215 2294 319 2334 litus
339 2299 404 2333 est
426 2294 620 2343 Persius,
640 2307 714 2334 eus
736 2295 1027 2348 philosophiae
1049 2293 1211 2349 partes,
1234 2309 1334 2349 quae
1357 2296 1399 2335 in
1422 2296 1548 2335 rebus
1567 2308 1669 2339 con-

216 2361 477 2414 templandis
510 2362 669 2414 positae
692 2367 804 2412 sunt,
837 2376 979 2416 eaque
1012 2364 1234 2417 principia
1254 2363 1486 2412 recondita,
1508 2363 1668 2416 quibus

212 2441 379 2468 morum
398 2428 631 2481 disciplina
646 2430 809 2479 nititur,
820 2444 904 2470 non
917 2444 1011 2471 esse
1024 2444 1091 2471 res
1109 2431 1241 2483 vulgi,
1256 2431 1535 2483 ineptumque
1551 2443 1663 2479 esse,

210 2495 529 2536 multitudinem
559 2497 708 2536 harum
727 2510 865 2537 rerum
882 2497 1079 2550 judicem
1103 2499 1375 2546 constituere,
1410 2510 1556 2537 coram
1577 2512 1663 2550 quo

209 2563 458 2616 philosophi
480 2576 657 2603 causam
679 2577 801 2604 suam
823 2570 968 2617 agant.
1030 2565 1203 2606 Etenim
1238 2566 1283 2605 in
1319 2564 1569 2618 hujusmodi
1593 2566 1666 2618 ju-

213 2630 330 2670 dicio
350 2631 523 2671 facilius
545 2644 655 2680 esse,
687 2632 781 2673 illas
801 2647 867 2674 res
888 2634 930 2673 in
951 2635 1083 2674 risum
1103 2637 1146 2674 et
1165 2633 1314 2687 jocum
1335 2636 1509 2681 vertere,
1532 2646 1665 2686 quam

210 2697 330 2751 gravi
365 2698 656 2752 disputatione
687 2713 868 2742 causam
902 2702 1104 2751 obtinere,
1142 2700 1358 2742 Horatius
1389 2713 1474 2742 non
1504 2713 1590 2742 uno
1618 2700 1663 2743 in
