1888 3032
245 138 333 180 222

248 242 394 275 Abunde
407 242 468 273 hos·
482 241 634 281 explicat
648 238 845 277 Censorinus,
855 246 954 279 quem

246 292 497 336 lego—Genio]
537 291 606 324 Qui
637 290 746 328 Dens,
771 293 810 319 ut
834 289 954 327 Varro,

249 347 316 378 vim
334 345 438 375 habet
453 352 562 373 rerum
578 340 836 381 gignendarum,
852 345 887 370 et
900 339 954 370 cui

250 397 368 430 Natali
385 395 438 425 die
461 392 716 430 sacrificabant,
734 395 853 431 utpote
877 399 953 421 eum

247 450 320 489 (jus
335 446 500 478 beneficio
518 448 630 475 essent
642 443 720 473 olim
732 441 850 482 geniti.
868 441 955 472 Tur-

245 499 322 530 neb.
346 506 420 528 ΣΠ.
449 498 501 526 19.
528 499 562 525 et
589 501 694 524 xxvi.
711 492 881 524 14.-Non
905 489 956 530 tu]

248 550 286 580 11³
307 553 371 587 est,
383 549 431 579 Tu
449 547 506 577 iila
523 556 542 576 a
559 545 635 576 Diis
649 544 836 585 petis,quae
850 543 953 574 etiam

245 601 315 631 sine
341 598 508 630 sacrificio
535 596 599 628 tibi
632 594 803 626 donarint.
849 595 954 627 Quasi

245 650 358 682 dicat:
375 650 464 682 Quia
481 648 610 679 animus
624 655 727 688 purus
742 649 807 684 est,
824 645 953 686 absque

246 700 404 732 sacrificii
420 699 597 740 dispendio
611 697 774 729 valebunt
791 701 860 728 tuae
878 706 954 737 pre-

245 762 314 783 (cs.
362 752 423 782 Est
440 761 521 791 ergo
547 750 645 786 ratio,
662 748 754 790 quod
778 748 856 779 vino
881 752 954 779 tan-

246 808 317 834 tum
334 801 528 833 sacrificare
546 800 670 838 debet;
694 799 774 842 quia
801 799 919 840 iniqua
935 809 955 830 a

244 855 321 885 Diis
339 864 405 886 non
422 858 532 894 petat,
549 862 611 884 nec
635 862 722 892 opus
746 851 887 891 habeat,
915 856 955 882 ut

245 905 331 935 votis
346 910 380 936 et
393 903 567 935 sacrificiis
579 903 787 943 ingentibus,
800 903 954 933 Deorum

245 957 445 998 obsequium
462 955 525 986 sibi
539 959 643 994 emat,
658 958 694 985 et
717 955 815 985 Deos
839 963 955 984 mune-

245 1008 339 1038 ribus
365 1006 715 1047 corrumpat—Preme
731 1005 844 1045 emaci]
871 1004 953 1045 Opi-

246 1069 301 1089 ma
329 1058 449 1097 hostia,
476 1061 649 1088 sumtuoso
678 1065 787 1087 sacro.
844 1055 955 1086 Meta-

246 1109 354 1149 phora
366 1119 385 1139 a
401 1108 514 1147 rebus,
531 1117 605 1148 quae
624 1106 740 1146 precio
757 1115 955 1147 comparan-

245 1158 480 1197 tur.—vacis]
509 1158 682 1198 Tanquam
710 1157 774 1188 tibi
800 1156 954 1188 debitum

242 1209 419 1251 efflagitas
445 1208 564 1240 Lubin.

286 1264 305 1290 4
331 1258 489 1298 seductis]
539 1258 616 1289 Diis
651 1257 740 1289 dono
767 1257 954 1297 corruptis,

238 1311 314 1351 jam
330 1316 409 1341 ante
427 1309 492 1341 tuis
509 1309 703 1340 muneribus
720 1312 755 1339 et
771 1307 953 1339 sacrificio-

243 1370 316 1391 rum
334 1360 493 1400 impensis
510 1359 693 1399 corruptis.
718 1358 833 1389 Lubin.
874 1357 952 1389 Hoc

244 1415 309 1450 est,
324 1411 449 1451 Turpia
463 1414 543 1441 vota
567 1419 632 1440 non
650 1409 768 1448 facies,
801 1413 837 1439 et
862 1408 952 1448 ejus-

243 1463 335 1495 modi
360 1474 434 1504 quae
453 1463 564 1503 palam
588 1471 653 1492 non
683 1461 792 1501 possis
822 1469 951 1490 nuncu-

243 1523 326 1555 pare
350 1518 386 1544 et
411 1522 494 1543 voce
523 1512 603 1542 aita.
634 1510 765 1541 Casaztb.
810 1510 879 1541 Vel
908 1519 952 1540 se-

241 1564 355 1604 ductis,
371 1564 405 1594 in
428 1567 597 1594 secretum
623 1561 717 1603 quasi
741 1561 851 1592 locum
871 1570 951 1601 pau-

243 1614 348 1644 iulum
364 1622 383 1643 a
400 1612 499 1643 turba
517 1611 680 1649 seductis,
704 1620 780 1641 cum
797 1611 881 1641 nolis
900 1619 950 1640 ar-

243 1673 329 1695 cana
344 1663 475 1694 scelera
491 1666 626 1692 tuorum
642 1665 801 1691 votorum
818 1659 859 1690 ab
877 1659 950 1690 aiiis

243 1713 400 1755 cognosci
413 1718 448 1743 et
459 1709 848 1749 audiri.—Committere]
864 1710 950 1741 Con-

243 1764 399 1802 credere,
418 1762 565 1803 aperire..
590 1761 706 1792 Lubin.

286 1819 304 1847 5
330 1814 376 1847 At
392 1813 468 1844 bona
479 1812 569 1853 pars]
596 1812 733 1852 Magna.
759 1808 879 1851 Carpit
895 1820 952 1841 no-

243 1866 328 1897 biles
353 1874 415 1905 per
440 1862 637 1894 Antithesin
660 1862 765 1903 ipsius
790 1861 950 1893 Macrini.

243 1917 284 1948 Id
303 1919 368 1956 est,
382 1916 514 1946 Contra
531 1923 646 1944 omnes
662 1913 794 1944 nobiles
808 1912 951 1943 Romani

242 1966 347 2007 impia
364 1966 408 1996 ad
424 1967 538 1996 Deum
553 1969 632 1995 vota
646 1963 858 2003 concipiunt,
873 1963 951 2004 quia

244 2018 348 2048 tacita
363 2025 483 2047 acerra
500 2016 620 2054 libant,
632 2020 666 2046 et
682 2014 849 2045 submissa
866 2023 950 2045 voce

242 2069 358 2099 Deum
376 2072 484 2103 orant,
503 2072 538 2097 ut
557 2066 673 2106 iniqua
698 2075 813 2096 eorum
829 2064 950 2105 petitio

243 2127 310 2147 non
327 2116 667 2150 audiatur.—Tacitn‚
681 2115 751 2155 Sym]
790 2115 951 2154 Metony·

242 2168 322 2208 mia,
337 2177 396 2208 pro
412 2173 489 2197 voto
507 2166 613 2197 tacite
632 2170 667 2196 et
684 2165 850 2196 submissa
867 2175 949 2196 voce

242 2217 348 2257 facto,
365 2219 455 2259 quod
470 2227 546 2248 eum
562 2216 680 2255 fiebat,
698 2216 731 2246 in
754 2225 873 2246 acerra
898 2216 951 2246 vel

242 2269 350 2299 thuris
367 2270 483 2299 arcula
503 2269 576 2298 ihus
594 2267 854 2298 incendebatur.
872 2267 949 2308 ‘Ca-

242 2318 410 2349 saubonus
438 2318 565 2348 Libabit
583 2318 688 2357 legit3
712 2318 744 2348 iu
762 2317 949 2356 est,iibare

241 2367 342 2407 solet,
356 2368 480 2398 ieviter
498 2368 693 2408 degustare,
710 2373 744 2399 et
760 2368 948 2408 attingere.

244 2417 359 2449 Lubin.

284 2471 305 2499 6
328 2468 439 2507 Haud,
456 2468 522 2507 ὅτι]
547 2470 632 2500 Quze
648 2469 771 2500 deinde
790 2473 866 2499 vota
882 2469 949 2499 alia

241 2517 516 2550 dissimilitudine
530 2518 695 2557 declarat,
703 2519 791 2559 quod
806 2519 948 2548 honesta

241 2572 324 2600 vota
338 2569 441 2604 elata,
464 2568 568 2608 impia
583 2577 662 2599 vero
680 2573 760 2598 vota
783 2567 948 2598 submissa

241 2627 326 2650 voce
334 2617 869 2659 conciperentur.——Murmurque]
881 2617 948 2648 Irn-

241 2667 373 2708 piorum
388 2673 545 2699 votorum
561 2672 597 2700 et
620 2678 772 2710 precum.
810 2667 841 2699 A
867 2667 945 2698 Diis

242 2717 333 2751 enim
362 2723 499 2762 petunt,
530 2729 605 2762 quae
633 2719 786 2752 homines
811 2718 947 2751 nescire

720 143 862 174 NOTAE
895 141 1163 172 VARIORUM
1199 143 1249 173 {N

1007 238 1330 270 volunt—Humiles
1356 239 1512 280 susurros]
1544 238 1711 280 Suppres-

1006 298 1070 329 308,
1084 289 1279 330 submissos,
1294 300 1368 322 cum
1386 291 1489 331 juxta
1504 290 1683 321 Horatium
1700 299 1708 320 :

1006 341 1015 357 ⁴
1043 340 1155 371 Labra
1188 345 1325 372 movent
1350 345 1543 371 metuentes
1572 338 1710 371 audiri!

1006 390 1106 423 Idem.

1048 447 1067 474 7
1095 444 1225 482 Tollere,
1241 442 1309 483 850]
1340 442 1369 473 E
1385 441 1450 473 suis
1467 441 1568 481 votis,
1585 445 1620 472 et
1634 451 1711 482 pre-

1005 493 1102 525 cibus
1128 494 1161 524 iu
1191 493 1326 534 templis
1345 491 1459 532 factis,
1477 492 1638 533 eximere,
1655 492 1714 523 de·

1005 545 1216 584 mere.—-Et-,
1229 544 1299 586 qua]
1324 543 1377 575 Ita
1394 544 1520 583 vivere,
1537 547 1575 574 ut
1591 552 1712 584 preces

1005 600 1074 626 tuae
1089 601 1124 626 et
1149 600 1230 626 vota
1253 595 1408 626 omnibus
1425 599 1509 625 nota
1531 598 1567 625 et
1590 599 1713 635 aperta

1005 647 1083 678 sint.
1106 646 1221 678 Lubin.
1265 646 1344 686 Vel,
1361 647 1501 678 Nullum
1525 649 1642 677 votum
1665 645 1712 677 fa-

1005 706 1084 728 cere
1101 697 1191 738 quod
1209 696 1292 727 nolis
1308 706 1381 727 esse
1398 701 1566 737 apertum.
1580 696 1711 728 Casuub.

1048 750 1068 778 8
1091 748 1184 779 Blens
1198 746 1290 787 bona]
1323 748 1480 778 Honesta
1503 747 1591 778 enim
1618 747 1713 779 clara

1005 808 1090 830 voce
1113 808 1133 829 a
1155 799 1233 829 Deo
1264 797 1442 838 petebant,
1466 797 1569 838 impia
1593 801 1713 829 contra

1005 849 1182 880 submissa.
1228 849 1319 880 Mens
1341 848 1434 888 bona]
1469 848 1582 879 Deest
1596 853 1710 879 autem

1003 902 1127 933 utinam
1145 901 1306 941 contingat
1321 900 1411 941 mihi,
1426 901 1480 931 vel
1493 900 1601 931 simile
1618 899 1712 941 quid.

1004 952 1062 984 Sic
1075 952 1251 985 Juvenalis
1267 952 1340 984 Sat.
1358 960 1393 983 x.
1417 952 1426 968 ‘
1444 951 1621 983 Orandum
1645 955 1711 990 est,

1005 1007 1045 1035 ut
1072 1003 1117 1035 sit
1138 1013 1234 1035 mens
1261 1013 1343 1035 sana
1371 1003 1407 1033 in
1434 1011 1578 1042 corpore
1605 1000 1709 1033 sano.'

1007 1054 1118 1095 Fides]
1154 1054 1238 1086 Quae
1261 1053 1408 1094 justiti-ce
1438 1052 1712 1091 fundamentum,

1005 1108 1041 1134 et
1057 1104 1129 1135 sine
1147 1114 1212 1145 qua
1228 1103 1312 1134 nihil
1328 1108 1486 1135 constans
1510 1103 1545 1133 in
1561 1101 1712 1134 mortaii-

1005 1155 1214 1187 bns.—Haec'
1234 1155 1330 1195 clare]
1381 1154 1430 1185 Ut
1460 1152 1569 1195 quivis
1596 1157 1711 1184 astans

1005 1205 1122 1236 andire
1147 1203 1451 1246 possit.—Hospes]
1487 1204 1608 1236 Omnis
1623 1213 1709 1245 prae-

1005 1256 1144 1287 ten-iens.
1168 1255 1284 1286 Lubin.

1047 1309 1067 1338 9
1092 1307 1165 1344 Illa,
1179 1306 1248 1346 sna]
1288 1305 1416 1336 Contra
1438 1305 1529 1336 mala
1545 1309 1580 1336 et
1596 1304 1711 1346 perni-

1003 1357 1098 1388 ciosa
1112 1355 1335 1396 vota—Sibi]
1369 1356 1520 1387 Quorum
1539 1355 1708 1386 neminem

1005 1407 1177 1439 conscium
1209 1406 1304 1446 velit,
1335 1406 1398 1437 uisi
1437 1416 1472 1436 se
1509 1411 1545 1437 et
1582 1406 1709 1437 Deum.

1003 1458 1197 1489 Censebant
1213 1457 1303 1488 enim
1319 1456 1415 1488 stulti
1439 1456 1591 1487 homines
1616 1455 1709 1497 ipsos

1003 1510 1110 1549 Deos,
1133 1512 1170 1539 ut
1205 1517 1327 1548 pravos
1347 1507 1484 1548 judices
1514 1506 1710 1537 muneribus

1003 1558 1321 1599 corrumpi-Sibi]
1356 1558 1432 1594 Vel,
1457 1563 1618 1598 tanquam
1644 1557 1708 1588 sibi

1002 1609 1075 1640 baec
1091 1609 1221 1649 dicant,
1251 1618 1327 1639 cum
1352 1608 1410 1639 Dii
1436 1608 1493 1638 illa
1516 1607 1619 1648 impia
1641 1616 1709 1638 non

1002 1659 1070 1690 sint
1086 1659 1489 1698 audituri.-Intr0rsum]
1515 1659 1611 1690 Inter
1627 1658 1708 1690 den-

1002 1714 1054 1741 tes
1076 1715 1110 1740 et
1127 1709 1189 1740 sub
1212 1710 1328 1750 lingua
1350 1709 1707 1740 in1nmrnnn·at.-Sub

1000 1760 1125 1800 lingua]
1178 1760 1226 1790 Ut
1257 1764 1356 1790 extra
1386 1769 1422 1790 os
1451 1769 1518 1790 non
1549 1758 1708 1799 prodeat.

1003 1810 1116 1841 Graeci
1144 1809 1201 1839 ὑπὸ
1228 1809 1342 1840 ὄδοντει
1365 1809 1481 1840 dicere
1499 1814 1624 1848 amant,
1639 1818 1706 1839 non

1003 1861 1060 1892 ὑπὸ
1076 1863 1238 1900 γλῶσσαν.
1265 1862 1291 1890 C
1293 1861 1396 1892 uxaub.

1046 1915 1087 1943 lo
1114 1913 1143 1943 O
1158 1913 1197 1952 si,
1213 1911 1284 1952 [yon]
1311 1911 1366 1942 Ita
1388 1910 1706 1941 membranaePute-

1003 1964 1057 1994 ani
1072 1967 1106 1994 et
1121 1963 1208 2003 aliae,
1220 1973 1287 1994 nou
1304 1962 1426 2002 ebullet,
1443 1971 1506 2002 pro
1521 1959 1705 2000 ebuliierit‚

1001 2016 1167 2055 ἀρχαικῶς,
1183 2018 1221 2045 ut
1234 2013 1333 2053 axim,
1344 2022 1405 2053 pro
1419 2011 1556 2052 egerim.
1573 2010 1707 2042 Casaub.

1000 2066 1099 2106 *δῇ
1124 2066 1163 2096 Id
1179 2069 1242 2102 est,
1259 2064 1400 2094 utinam.
1424 2063 1547 2094 Horat.
1564 2061 1573 2078 ‘
1591 2061 1707 2102 Angu-

1002 2117 1051 2146 lus
1069 2127 1088 2147 ο
1112 2117 1139 2146 si
1160 2115 1338 2146 Proximus
1360 2113 1516 2151 accedat,
1535 2112 1592 2153 qui
1614 2121 1705 2143 nune

1001 2167 1181 2198 denormat,
1196 2162 1550 2206 agellum.'-Ebullit]
1574 2162 1708 2194 Bullare

1001 2227 1161 2258 aquarum
1181 2220 1242 2255 est,
1257 2226 1331 2247 cum
1345 2216 1378 2246 in
1394 2215 1501 2245 buna-s
1515 2215 1708 2254 insurgunt,

1000 2273 1035 2298 et
1053 2268 1215 2307 ebullare,
1231 2276 1306 2298 cum
1330 2267 1395 2297 illae
1423 2268 1579 2305 pereunt,
1594 2268 1632 2294 nt
1657 2262 1707 2294 ita

999 2322 1140 2358 patruus
1161 2317 1196 2348 in
1223 2317 1358 2347 modum
1379 2315 1483 2347 bullae
1507 2317 1706 2352 evanescat,

999 2368 1041 2398 ad
1059 2368 1158 2398 bullae
1183 2366 1436 2398 similitudinem
1459 2369 1561 2396 exeat
1578 2363 1629 2394 vel
1646 2372 1704 2393 ex-

999 2419 1118 2459 spiret,
1133 2420 1186 2449 vel
1213 2424 1248 2448 ut
1265 2422 1422 2458 patruum
1439 2415 1536 2446 funus
1560 2416 1704 2453 repente

999 2479 1034 2499 se
1050 2469 1170 2508 prodat
1187 2474 1347 2509 tanquam
1366 2468 1466 2497 bulla.
1514 2466 1572 2495 Est
1589 2466 1702 2494 autem

998 2524 1114 2548 votum
1151 2518 1256 2557 avari,
1293 2523 1329 2548 ut
1357 2525 1496 2558 patruus
1525 2515 1700 2546 moriatur.

998 2568 1110 2598 Lubin.
1160 2569 1265 2598 Porro
1283 2567 1436 2604 Ebullire,
1454 2567 1541 2606 quod
1564 2564 1701 2606 proprie

997 2618 1031 2648 iu
1069 2628 1154 2659 aqua
1186 2617 1342 2648 fervente
1371 2617 1482 2647 locum
1513 2616 1627 2655 habet,
1656 2614 1700 2646 ad

997 2667 1109 2698 omnia
1122 2667 1302 2708 repentina
1325 2665 1501 2698 transferri
1525 2666 1702 2706 eleganter

995 2717 1095 2759 solet,
1108 2717 1202 2750 varie
1217 2717 1702 2750 constructum-Pratum
