1888 3032
655 139 813 169 PERSil

112 238 188 260 men
204 229 236 259 in
252 229 326 259 loco
341 228 447 267 magis
463 229 658 268 conspicuo,
680 229 712 259 iu
735 227 812 259 sub-

112 279 242 310 limiore
265 279 377 319 aliquo
403 285 577 319 suggesto,
609 284 646 310 ut
673 279 721 310 ita
745 289 813 310 om-

111 330 203 360 nium
219 339 278 360 ora
294 330 476 370 oculosque
502 331 534 360 iu
559 340 594 360 se,
619 335 811 361 convertat.

111 379 227 410 Lubin.
284 380 508 411 Scribeudum
544 380 597 411 liic
625 381 717 419 leges,
748 380 813 411 etsi

111 431 214 461 aliter
243 432 391 471 antiquar
418 430 641 461 membranae:
673 430 813 460 dicimus

112 481 199 511 euim
224 482 394 522 quotiens,
419 482 556 519 totiens,
580 491 642 520 pro
668 481 813 521 quotics,

110 534 174 562 &tn
225 533 313 573 Ergo
341 533 392 563 hic
422 537 552 563 tuorum
576 531 762 562 studiorum
779 538 814 563 et

112 583 314 621 scriptorum
333 589 382 614 est
399 583 485 618 linis,
510 588 546 612 ut
565 582 701 619 recites,
725 586 758 612 et
772 592 812 613 ex

113 633 313 664 recitatione
338 633 477 673 gloriam
495 638 649 673 reportes
668 633 813 664 inanem.

114 684 465 724 ‹·as‹1111mn.—Liquido
494 694 573 721 cum,
594 684 663 723 ξω]
726 684 814 715 Haec

111 734 192 766 sede
217 735 332 773 legens
357 735 449 765 celsa
474 744 549 765 cum
574 735 704 775 liquida
731 745 813 765 voce

111 789 146 815 et
176 784 260 815 bene.
287 783 427 815 flexibili
454 785 741 824 pronuntiavei·iS‚
758 795 815 825 pa-

111 835 281 865 tramihus
298 835 414 873 oculis,
436 835 510 865 heic
527 835 639 866 videas
658 835 814 874 ingentes

108 885 204 915 'sitos
220 884 413 925 trepidare:
447 884 584 923 Πλάσμα
598 885 651 916 liic
669 886 813 916 sumitur

110 945 172 975 pro
189 935 378 975 hujusmodi
395 945 492 971 voce,
509 946 583 976 quse
601 936 648 966 sic
665 935 813 976 eliquata

110 990 144 1015 et
170 986 279 1015 mollis
303 991 406 1021 esset,
435 992 469 1016 ut
493 995 554 1025 per
577 996 692 1016 omnes
714 995 812 1017 sonos

109 1034 385 1076 intentionesque
399 1036 521 1066 variari
539 1041 666 1076 posset.
711 1036 812 1069 Quod

108 1086 222 1125 liquido
248 1087 399 1126 plasmate
425 1089 538 1125 guttur
566 1087 708 1125 colluere,
737 1086 812 1117 heic

109 1135 204 1172 dicit,
238 1136 336 1176 paulo
365 1135 467 1173 infra,
494 1136 630 1176 eliquare
655 1138 684 1166 et
709 1139 812 1166 tenero

107 1186 212 1225 palato
222 1186 312 1216 verba
322 1186 530 1226 supplantare,
541 1186 640 1217 dixit.
667 1185 716 1216 At
725 1187 812 1216 male

110 1235 159 1265 xir
186 1236 434 1266 eruditissimus
454 1237 574 1276 plasma
599 1235 645 1267 ibi
666 1236 813 1275 accepit,

108 1297 170 1328 pro
208 1288 446 1319 medicamenti
486 1297 610 1327 genere
648 1287 812 1318 leniendis

108 1337 264 1369 faucibus
281 1337 384 1369 facto.
414 1338 587 1369 Salmasius
606 1338 690 1368 Plin.
712 1339 812 1368 Exer-

107 1388 160 1419 cil.
190 1388 324 1418 Turneb.
349 1388 407 1418 lib.
428 1396 564 1418 xxvni.
588 1397 664 1428 cap.
681 1391 734 1418 26.
769 1389 812 1419 E-

108 1438 190 1468 tiam
206 1437 367 1477 Synesius
382 1437 498 1476 docet,
522 1442 681 1478 quantam
697 1447 812 1469 curam

111 1487 314 1517 adliibeient
344 1486 559 1525 recitatores,
590 1490 627 1518 ut
662 1497 722 1517 sua
749 1498 813 1518 vox

110 1536 320 1567 auditoribus
336 1537 506 1576 placeret:
531 1536 691 1577 quosdam
705 1536 814 1569 refert

110 1587 226 1618 solitos
239 1587 494 1627 tragacantliun]
507 1587 628 1617 edere:
650 1598 725 1628 quae
738 1588 813 1618 her-

109 1638 151 1668 ba
167 1639 302 1668 arteriae
321 1637 527 1678 asperitates
546 1638 647 1677 tollit,
663 1639 719 1669 alii
735 1640 813 1670 alia.

114 1688 247 1719 s'asaub.

153 1740 274 1770 Gutlur
306 1738 437 1778 Mobile]
509 1739 551 1769 In
590 1739 699 1770 varias
736 1750 812 1780 pro·

109 1790 343 1820 nunciationes
373 1788 534 1820 flexibile.
577 1790 691 1821 Lubin.
737 1791 814 1831 Vei,

108 1849 170 1880 per
201 1839 290 1880 quod
328 1849 392 1870 vox
428 1838 528 1870 facile
558 1840 815 1881 transmittitur,

111 1890 235 1921 Gra—ce
263 1891 358 1920 λεῖον.
405 1889 623 1920 Casanb.—1s
650 1891 812 1931 Patruini]

109 1941 265 1971 Patratio
280 1946 333 1971 cst
347 1940 392 1971 rei
407 1951 559 1972 venereae
574 1941 743 1982 perfectio
759 1943 812 1972 vel

108 1991 372 2023 consummatio:
409 1991 497 2022 unde
522 1997 558 2023 et
582 1997 696 2032 patres
716 1992 812 2031 dicti,

107 2051 147 2072 eo
165 2042 255 2082 quod
271 2042 463 2082 patratione
478 2042 562 2073 filios
576 2048 813 2082 procreant.—

111 2090 227 2130 ocello]
281 2092 347 2122 Pet·
378 2091 575 2131 ὑποκόρισμα·
608 2092 686 2133 quia
718 2093 810 2123 iilum

108 2142 339 2172 contrahendo
366 2143 529 2173 minorem
560 2142 654 2173 fucit.
706 2144 810 2175 Juve-

107 2191 208 2222 nalis:
234 2194 243 2208 ‘
257 2192 452 2232 oculosque
470 2192 502 2222 in
518 2191 586 2223 fine
601 2194 810 2224 trementes!

114 2243 180 2273 Vet.
205 2242 485 2280 Sch.—Putranti,
507 2242 577 2282 Sym]
625 2244 812 2283 Septimum

111 2293 324 2333 adjunctum,
351 2303 369 2322 a
387 2293 551 2332 petulanti
569 2298 605 2324 et
621 2293 745 2324 lascivo
762 2304 812 2323 re-

112 2343 291 2375 citantium
310 2349 419 2384 gestu.
466 2343 507 2374 Id
530 2348 595 2382 est,
623 2343 743 2375 Occllo
765 2345 813 2374 ni-

108 2395 170 2425 mis
186 2401 288 2435 paeto,
304 2395 442 2434 lascivo,
459 2396 632 2433 trementi,
657 2395 813 2435 petulan-

111 2449 173 2485 ter,
185 2450 220 2475 et
236 2445 416 2475 libidinose
430 2445 640 2476 circumlato.
664 2445 813 2476 Lubinus.

109 2495 331 2535 ——Frangere]
370 2495 499 2527 Latinis
524 2496 613 2527 idem
634 2501 687 2527 est
709 2506 749 2527 ac
766 2495 814 2526 ef-

110 2543 296 2585 faeminare‚
321 2546 422 2577 robur
447 2547 546 2577 virile
563 2547 596 2577 in
613 2547 814 2578 muliebrem

110 2595 287 2626 mollitiem
303 2607 532 2638 corrumpere.
569 2597 814 2628 Casa11b.—-Pu-

111 2643 227 2682 tronti]
260 2644 290 2675 A
303 2650 441 2686 patrare,
451 2647 542 2688 quod
554 2652 607 2678 est
618 2649 816 2688 παιδοποιεῖν,

111 2693 239 2725 Veneri
254 2698 290 2724 et
303 2695 420 2727 liberis
442 2706 582 2738 operam
606 2698 702 2738 dare,
726 2699 815 2730 unde

1484 124 1568 165 199

864 230 977 267 patres
993 226 1076 257 dicti
1095 230 1185 264 sunt,
1208 223 1297 266 quod
1322 223 1515 265 patratione
1533 223 1569 254 fl-

864 279 926 310 lios
940 283 1134 319 procreent.
1185 277 1325 309 Ponitur
1340 276 1402 307 hoc
1417 277 1491 308 loro
1505 286 1568 316 pro

861 330 1001 368 lascivo,
1028 329 1214 369 impudico,
1234 328 1325 359 molli
1346 333 1381 359 et
1399 333 1569 368 protervo.

862 379 1029 418 —Ocello]
1062 380 1132 410 Per
1145 378 1397 409 diminutionem
1411 378 1459 408 ita
1473 377 1569 408 dicit.

865 430 953 461 Quia
969 430 1047 459 dum
1063 430 1178 460 oculos
1192 428 1318 459 lascive
1330 433 1364 460 et
1376 428 1571 468 petulanter

864 484 1037 520 torquent⁷
1074 484 1109 510 et
1143 480 1230 510 limis
1260 479 1367 510 oculis
1396 478 1569 510 auditores

863 534 1022 569 proterve
1039 530 1225 569 intuentur,
1248 530 1362 560 oculos
1379 529 1475 570 quasi
1492 538 1569 560 cou-

864 580 1029 611 trahendo
1046 580 1189 610 minores
1206 579 1347 610 faciunt.
1398 579 1447 609 Ex
1465 578 1570 609 oculis

863 630 951 660 enim
991 629 1093 660 animi
1118 629 1235 660 intima
1267 628 1501 669 perspicimus,
1536 632 1571 659 et

863 685 941 712 suut
959 680 1053 722 quasi
1070 680 1193 711 mentis
1211 679 1354 710 indices.
1391 679 1503 709 Luln'n.

907 734 947 762 19
972 732 1036 762 Hic
1051 730 1235 771 ne:1ue‚8,·c.]
1273 730 1314 760 Id
1330 734 1392 768 est,
1410 730 1476 760 Ubi
1497 729 1569 760 liaec

863 781 1009 812 carmina
1022 786 1117 812 tanto
1132 784 1297 822 apparatu
1314 780 1458 811 recitata
1472 785 1569 810 sunt:

863 830 909 861 ibi
937 839 1019 862 vero
1049 830 1164 861 videas
1187 830 1318 861 nobiles
1342 834 1477 860 nostros
1507 829 1574 860 Ro-

863 892 977 913 manos
998 892 1067 922 prae
1084 882 1224 912 libidine
1240 881 1401 912 obscoeno
1419 881 1570 921 corporis

863 930 1281 971 motu,subsilire.—Hz'c]
1327 931 1368 961 Id
1397 936 1461 967 est,
1491 932 1568 961 Hoc

863 983 937 1014 loco
956 984 1009 1013 vel
1035 981 1308 1021 tunm—Videas]
1347 983 1451 1015 Quasi
1480 982 1574 1013 fruc-

865 1038 934 1064 tum
966 1039 1001 1064 et
1027 1032 1188 1064 effectum
1215 1033 1386 1064 libidinosi
1413 1034 1571 1064 carminis

862 1084 1044 1115 libidinose
1059 1084 1378 1124 recitati.—Neque,
1391 1084 1461 1124 aisa]
1487 1085 1573 1116 Per-

863 1135 1002 1175 stringit
1040 1135 1233 1171 obscoenos.»
1259 1134 1414 1174 corporis
1453 1138 1574 1173 motus,

864 1191 984 1216 contra
1008 1185 1113 1216 bonos
1138 1194 1258 1224 moros,
1290 1190 1325 1216 et
1353 1186 1572 1217 severitatem

863 1236 1194 1276 majorum.—Neq1te
1207 1246 1289 1274 voce,
1302 1234 1370 1274 iffa]
1406 1235 1472 1266 Sed
1488 1245 1571 1268 voce

865 1287 1023 1325 tremula,
1038 1285 1205 1325 faeminea,
1221 1285 1406 1325 impudica,
1430 1285 1501 1315 viro
1517 1285 1574 1315 lio—

862 1340 960 1367 nesto
990 1341 1026 1367 et
1054 1336 1206 1366 Romano
1237 1335 1386 1375 indigna.
1443 1336 1498 1366 De
1517 1344 1571 1366 ac-

863 1386 1063 1417 clamatione
1078 1385 1245 1425 intellige.
1270 1384 1418 1416 Luln'nns.

905 1439 946 1467 20
973 1437 1133 1475 Ingentes,
1145 1435 1215 1475 ξω]
1252 1435 1294 1466 Id
1311 1440 1375 1474 est,
1390 1434 1572 1476 Principes

864 1490 900 1517 et
926 1486 1055 1517 nobiles
1081 1487 1251 1517 Romanos
1274 1496 1405 1526 magnae
1424 1486 1570 1517 auctori-

864 1537 947 1568 tatis
971 1541 1005 1568 ct
1027 1536 1174 1574 honoris,
1200 1536 1274 1566 illos
1292 1535 1408 1566 videas
1426 1535 1568 1566 libidine

864 1587 1047 1628 trepidare,
1073 1592 1109 1618 et
1134 1586 1309 1617 obscoenos
1329 1590 1440 1616 motus
1457 1585 1570 1616 edere.

863 1638 1093 1679 ——Trepidare]
1130 1638 1267 1668 Venere
1297 1634 1508 1675 inflammari,
1531 1635 1569 1666 li-

865 1689 980 1720 bidine
1010 1688 1150 1727 irritari,
1183 1687 1381 1727 turpissimo
1413 1687 1569 1727 corporis

863 1745 961 1779 gestu
988 1750 1058 1781 prae
1085 1738 1236 1770 libidinis
1260 1738 1382 1768 ardore
1399 1737 1567 1769 subsilire.

863 1791 1014 1821 Lubinus.
1063 1789 1233 1829 Trepidam-e
1261 1787 1316 1818 hie
1342 1787 1385 1818 de
1415 1787 1476 1825 his,
1509 1787 1567 1828 qui

863 1841 986 1871 laetitia
1012 1841 1091 1871 elati
1122 1839 1286 1879 gestiunt,
1320 1841 1355 1867 et
1382 1837 1573 1869 subsiliunt.

866 1891 1047 1931 Trepidium
1063 1900 1123 1931 pro
1134 1888 1282 1929 tripudio
1292 1897 1426 1929 quoque
1436 1887 1553 1919 dixere
1566 1901 1575 1927 ;

862 1941 939 1972 hinc
958 1940 1148 1982 Trepidiarii
1164 1940 1232 1980 equi
1247 1938 1408 1978 Vegetio,
1429 1938 1486 1978 qui
1504 1942 1573 1969 tre-

863 1992 982 2032 pidant
1019 1992 1072 2022 vel
1109 1990 1297 2032 tripedaut.
1345 1988 1572 2019 Salmasius.—

865 2043 968 2082 Trtos]
1009 2042 1148 2072 Nobiles
1164 2040 1476 2072 Romanos.—('um
1499 2049 1568 2069 car-

863 2094 961 2130 mina,
977 2092 1045 2133 spx]
1097 2092 1136 2122 Id
1163 2096 1228 2129 est,
1256 2091 1341 2122 Cum
1366 2089 1493 2120 lasciva
1516 2089 1573 2121 illa

864 2144 1014 2174 carmina
1031 2146 1066 2173 et
1089 2141 1189 2173 foedae
1206 2151 1305 2172 voces
1323 2139 1503 2171 interiores
1519 2149 1572 2170 re-

865 2204 942 2224 num
960 2203 1111 2224 recessus
1127 2192 1376 2233 ingrediuntur,
1396 2189 1439 2220 ad
1456 2189 1573 2220 intima

863 2244 1013 2274 libidinis
1037 2243 1131 2274 adita
1155 2245 1350 2283 penetrant,
1376 2244 1412 2271 et
1442 2239 1500 2269 illa
1524 2239 1572 2269 in-

865 2294 1032 2325 cendunt:
1064 2295 1135 2324 haec
1157 2293 1245 2323 euim
1262 2292 1310 2322 vis
1327 2295 1380 2322 est
1397 2290 1571 2322 carminis.

864 2343 1073 2383 Ἠσανιιιίηιι]
1120 2344 1262 2374 Lasciva
1291 2347 1327 2372 et
1352 2341 1570 2372 obscoena.—-

865 2393 1031 2434 Lumlmm]
1072 2395 1182 2424 Renes
1208 2393 1265 2434 qui
1289 2393 1323 2423 in
1349 2391 1485 2429 lumbis,
1510 2392 1569 2432 qui

864 2445 1015 2475 libidinis
1041 2449 1076 2475 et
1098 2444 1240 2475 Veneris
1257 2444 1368 2483 sedes,
1384 2448 1419 2473 et
1436 2441 1572 2472 officina

865 2495 1055 2536 σπέρματος.
1089 2494 1204 2526 Lubin.

907 2550 945 2578 21
966 2546 1101 2586 Etssqa]
1124 2545 1348 2577 Inlibidiuem
1362 2542 1568 2573 excitantur.

863 2598 1057 2630 Juvenalis:
1092 2599 1102 2614 ⁴
1118 2596 1218 2630 Quod
1247 2595 1335 2625 enim
1351 2602 1416 2622 nou
1433 2589 1570 2621 excitat

865 2648 991 2688 inguen
1013 2648 1092 2678 Vox
1108 2646 1246 2683 blanda,
1267 2648 1302 2674 et
1326 2640 1488 2681 nequam?
1519 2638 1569 2670 di-

866 2698 954 2739 gitos
983 2698 1108 2729 habet.’
1150 2696 1220 2727 Vet.
1238 2691 1401 2724 Scin-Et
1428 2689 1557 2721 tremulo

877 138 981 169 ΕΔΤ.
1004 138 1036 168 1.
