1888 3032
258 79 344 122 122

759 94 805 123 Α.
840 92 1001 125 ΡΕΠΞΙῙ
1038 96 1209 129 PLACCJ

258 187 403 229 Parca
425 191 552 229 tenax
577 189 685 237 veri,
709 202 784 229 seu
804 194 906 230 nata
926 190 1128 234 fidelibus
1147 194 1256 237 hora

259 253 432 296 Dividit
452 256 494 295 in
516 255 728 296 Geminos
751 258 989 299 concordia
1009 259 1103 301 fata
1124 261 1321 314 duorum,

259 321 577 375 Saturnumque
597 337 774 376 gravem
792 329 940 367 nostro
961 327 1075 369 Jove
1095 329 1331 383 frangimus
1351 343 1451 376 una.

1666 337 1722 380 50

260 388 428 430 Nescio
449 392 568 443 quod
591 396 709 434 certe
728 397 810 444 cst,
833 394 952 448 quod
973 409 1040 436 me
1062 397 1141 438 tibi
1162 402 1389 454 temperat,
1412 404 1590 444 astrum.

246 547 397 588 fidelibus
413 554 521 581 exorta
534 552 676 591 partitur
691 554 723 584 in
739 555 814 585 duos
827 557 1029 594 congruentia
1041 557 1235 596 geminorum
1252 559 1345 597 sata:
1369 564 1398 592 et
1418 562 1589 601 malignum
1610 562 1672 593 Sat
1672 572 1721 593 ῑ-ιν

256 598 329 621 num
342 592 464 631 pariter
479 597 583 625 nostro
597 597 677 627 Jove
690 601 906 637 temperamus.
952 600 1011 630 Est
1025 600 1166 640 profecto
1184 604 1284 633 nescio
1307 606 1385 643 quod
1399 605 1495 645 sidus,
1510 606 1588 645 quod
1603 616 1650 636 me
1664 605 1722 636 tibi

873 705 990 716 eeeeee

255 775 419 806 nonnulli.
447 770 705 810 &mozellam—49
720 779 813 818 sacta
827 782 895 814 Ms.
912 782 990 816 Gal.

992 706 1108 718 aeaeaeaeaeae

918 876 1058 907 NOTAE

296 939 339 967 48
359 937 458 969 Parca
475 943 571 972 tenna?
586 942 668 982 veri]
693 943 814 974 Fatum
836 944 962 975 incluc-

255 987 378 1019 tabile:
395 988 646 1023 indeclinabilis
665 1003 776 1024 reruni
794 995 910 1034 series,
925 999 963 1026 ut

254 1037 303 1069 ait
319 1038 536 1081 Chrysippus.
574 1044 660 1074 Dete
677 1043 824 1076 fatorum
842 1055 861 1076 a
876 1047 964 1076 Ροδ-

256 1087 298 1118 tis
330 1088 505 1129 finguntur
535 1102 669 1123 sorores
706 1099 789 1130 tres,
827 1095 964 1133 Clotho,

257 1139 427 1180 Lachesis,
448 1140 612 1183 Atropos.
647 1145 655 1160 ‘
672 1144 788 1175 Prima
805 1145 961 1185 orditur,'

253 1190 364 1231 inquit
380 1191 551 1233 Sidonius,
574 1194 582 1209 ‘
597 1195 746 1225 secunda
775 1196 876 1235 texit,
895 1201 961 1227 ter-

255 1241 304 1271 tia
333 1241 431 1274 finit!
490 1244 613 1284 Virgil.
646 1245 721 1276 Ecl.
753 1255 804 1277 1v.
841 1247 961 1278 ‘Talia

254 1293 367 1333 saecla,
393 1293 460 1325 suis
491 1293 665 1335 dixerunt,
698 1297 841 1337 currite,
879 1296 962 1328 fusis

255 1345 452 1377 Concordes
481 1347 596 1378 stabili
626 1347 776 1380 fatorum
811 1350 962 1381 Numine

254 1396 402 1428 Parcae.'

297 1446 359 1477 Seu
375 1452 450 1479 nata
463 1449 613 1490 fidelibus
638 1450 728 1490 liora]
773 1451 869 1482 Hora
895 1462 961 1493 qua

255 1495 375 1528 fideles
414 1500 513 1530 amici
552 1506 750 1542 nascuntur,
784 1503 963 1544 aequaliter

254 1547 352 1592 nobis
372 1550 522 1589 partitur
537 1552 662 1583 onmia.

296 1600 340 1628 49
365 1600 527 1640 Geminos]
553 1601 680 1632 Gemini
697 1604 821 1634 Castor
834 1608 869 1635 et
884 1605 962 1637 Pol-

253 1649 325 1688 lux,
354 1659 436 1689 quos
468 1660 587 1690 magna
614 1653 799 1684 concordia
827 1655 963 1693 vixisse,

255 1707 495 1741 regnasseque,
520 1705 555 1731 et
582 1702 673 1733 inter
697 1703 810 1734 sidera
838 1705 963 1736 relatos

252 1747 469 1781 fabulantur.
513 1751 622 1783 Aiunt
652 1763 752 1793 porro
789 1753 963 1796 Astrologi

255 1799 319 1830 sub
337 1800 491 1832 Geminis
520 1806 555 1833 et
578 1802 682 1833 Libra
707 1809 805 1835 natos
835 1806 962 1837 amicos

253 1849 340 1889 fien',
355 1856 390 1881 et
406 1852 600 1883 consentire
616 1853 649 1883 in
667 1854 789 1885 studiis
806 1860 842 1886 et
859 1854 961 1887 affec-

254 1899 417 1931 tionibus.
443 1901 564 1934 Manil.
581 1903 603 1934 l.
620 1912 660 1934 11.
679 1903 724 1934 de
742 1904 895 1936 Geminis
913 1907 960 1937 sic

253 1950 369 1991 habet,
393 1952 564 1993 ‘Magnus
591 1955 658 1986 erit
686 1956 839 1988 Geminis
867 1967 961 1988 amor

254 2006 292 2032 et
307 2003 489 2034 concordia
504 2004 655 2044 duplex.'
671 2006 726 2037 De
744 2007 848 2038 Libra
866 2018 959 2047 vero,

253 2052 337 2084 ibid.
375 2054 564 2096 ‘Quosque
594 2056 728 2088 dabunt
760 2059 867 2089 chela:
908 2059 960 2101 (id

254 2107 320 2143 est,
331 2103 445 2145 Libra)
473 2111 508 2136 et
534 2116 617 2146 quos
642 2107 702 2138 dat
725 2108 895 2149 Aquarius
909 2120 962 2141 or-

254 2158 321 2194 tus,
356 2155 469 2186 Unum
497 2162 618 2196 pectus
646 2158 783 2199 habent,
810 2158 959 2201 fideique

253 2204 427 2237 immobile
443 2207 616 2238 vinclum.'
664 2210 707 2240 Et
732 2210 752 2240 l.
781 2219 815 2240 v.
841 2213 849 2228 ⁴
865 2211 959 2242 Felix

255 2260 390 2296 aequato
407 2257 541 2297 genitus
558 2258 620 2289 sub
639 2259 789 2299 pondere
806 2261 938 2293 Librae?

298 2306 453 2346 Duorum]
500 2309 645 2341 Quidam
662 2306 789 2351 legunt,
811 2312 961 2351 Deorum,

254 2354 387 2386 scilieet
401 2356 553 2388 Castoris
570 2363 604 2389 et
621 2360 785 2393 Pollucis.
822 2362 961 2393 Utrovis

253 2404 356 2436 modo
372 2405 477 2445 legas,
492 2408 633 2445 perinde
651 2415 712 2440 cst.

299 2457 341 2486 50
365 2456 593 2496 Saturnumque
606 2459 749 2498 gravem]
795 2460 960 2492 Infestum

256 2505 347 2538 sidus
363 2510 399 2537 et
422 2506 560 2537 noxium
576 2507 619 2538 ob
636 2507 873 2549 frigiditatem,
897 2511 960 2541 sic-

256 2557 408 2597 citatem,
423 2562 458 2589 et
473 2558 683 2589 tarditatem.
730 2559 854 2592 Horat.
871 2561 893 2591 l.
918 2571 960 2593 ιι.

253 2607 327 2642 Od.
346 2610 396 2638 17.
420 2607 534 2638 citatis
545 2608 637 2648 jam:
663 2610 671 2625 ‘
684 2609 730 2640 're
747 2610 843 2642 Jovis
856 2611 960 2652 impio

255 2656 383 2690 Tutela
413 2658 565 2698 Saturno
596 2657 766 2701 refulgens
798 2661 960 2703 Eripuit.’

1018 946 1220 987 Propertius
1245 947 1265 979 1.
1293 955 1345 979 1v.
1373 948 1471 989 Eleg.
1499 951 1529 979 1.
1553 948 1723 982 ‘Felices-

1018 1008 1083 1038 que
1099 998 1195 1030 Jovis
1211 999 1340 1038 stellas,
1363 999 1553 1040 Martisque
1576 1002 1724 1041 rapacis,

1018 1049 1063 1078 Et
1078 1058 1179 1088 grave
1207 1049 1344 1081 Saturni
1373 1050 1465 1082 sidus
1493 1051 1527 1081 in
1553 1061 1651 1082 omne
1668 1062 1723 1083 ca-

1018 1099 1105 1138 put.y
1149 1100 1310 1131 Juvenal.
1327 1101 1397 1131 Sat.
1421 1109 1473 1131 vl.
1495 1102 1504 1118 ⁴
1520 1101 1612 1135 Quid
1630 1102 1723 1133 sidus

1019 1149 1115 1180 triste
1131 1150 1280 1181 minetur
1304 1151 1463 1182 Saturni!

1061 1199 1179 1230 Nostro
1195 1201 1274 1231 Jove
1292 1201 1477 1241 frangimus
1503 1203 1579 1242 una]
1625 1203 1722 1235 Jovis

1017 1249 1109 1281 sidus
1128 1251 1269 1281 amicum
1300 1256 1334 1281 ct
1362 1252 1549 1292 propitium
1567 1252 1609 1283 ob
1626 1263 1721 1284 snam

1018 1300 1232 1340 temperiem.
1258 1301 1348 1331 Plin.
1378 1310 1418 1332 1¹.
1447 1304 1478 1332 8.
1502 1302 1662 1332 ‘Saturni
1681 1303 1724 1333 si-

1017 1349 1079 1380 dus
1097 1351 1218 1390 gelidae
1243 1361 1283 1381 ac
1309 1351 1449 1391 rigentis
1475 1351 1631 1383 naturae.’
1676 1353 1724 1384 Et

1016 1401 1117 1440 paulo
1143 1406 1221 1441 post
1248 1401 1289 1431 de
1316 1401 1404 1433 Jove
1428 1402 1487 1442 ait,
1510 1404 1518 1419 ‘
1533 1403 1656 1434 Martis
1674 1413 1725 1434 ar-

1017 1450 1100 1481 dore
1117 1451 1233 1491 nimio,
1247 1455 1283 1482 et
1302 1453 1413 1491 rigore
1441 1453 1591 1492 Saturni,
1618 1453 1722 1485 inter·

1010 1501 1144 1541 jectum
1181 1502 1357 1541 ambobus,
1386 1513 1429 1533 ex
1460 1508 1605 1544 utroque
1638 1509 1722 1536 tem-

1018 1552 1130 1591 perari
1164 1552 1299 1591 Jovem,
1332 1553 1585 1595 salutaremque
1622 1554 1720 1586 fieri.’

1018 1602 1176 1633 Macrob.
1196 1602 1237 1633 de
1254 1603 1367 1634 Somn.
1384 1603 1474 1644 Scip.
1490 1613 1515 1634 1.
1535 1607 1586 1634 19.
1615 1604 1723 1636 inves-

1017 1652 1105 1692 rigat
1135 1662 1195 1683 cur
1222 1653 1346 1683 Martis
1376 1657 1410 1684 et
1445 1654 1583 1685 Saturni
1612 1655 1721 1687 stellae

1017 1703 1128 1733 noxiae
1156 1703 1315 1734 dicantur
1340 1707 1376 1734 et
1402 1704 1586 1744 maleficae;
1612 1714 1673 1736 cur
1702 1715 1720 1737 e

1018 1753 1192 1784 contrario
1223 1764 1346 1794 magna
1375 1755 1472 1786 Jovis
1502 1765 1541 1786 ac
1576 1755 1721 1787 Veneris

1018 1801 1208 1842 benignitas
1225 1803 1316 1834 inter
1333 1803 1576 1836 Genethliacos
1601 1805 1723 1836 habea-

1016 1858 1093 1884 tur:
1118 1859 1153 1884 et
1176 1854 1342 1885 rationem
1368 1854 1468 1886 affert
1492 1855 1677 1886 deductam
1702 1866 1721 1887 e

1015 1905 1177 1943 numeris,
1210 1915 1312 1946 quam
1343 1906 1432 1946 apud
1467 1916 1570 1936 unum
1606 1907 1721 1938 Ptole-

1014 1965 1137 1986 maeum
1154 1956 1296 1996 reperiri
1313 1955 1461 1987 affirmat
1474 1956 1613 1988 ibidem.

1057 2006 1263 2045 Frangimus]
1295 2006 1467 2046 Beuignus
1488 2006 1585 2038 Jovis
1603 2016 1722 2048 aspec-

1014 2060 1069 2087 tus
1094 2056 1218 2087 avertit
1244 2065 1283 2086 ae
1312 2056 1454 2087 discutit
1470 2057 1719 2098 malignitatem

1013 2107 1149 2137 Saturni
1167 2106 1246 2137 alias
1264 2107 1360 2137 valde
1378 2107 1539 2138 nocituri.

1058 2160 1095 2187 51
1118 2157 1231 2187 Nescio
1247 2158 1326 2197 quod
1341 2161 1424 2189 certe
1439 2162 1496 2198 est,
1508 2158 1578 2198 dc]
1604 2159 1721 2192 Quod-

1015 2216 1159 2248 cumque
1177 2207 1312 2238 tandem
1339 2208 1383 2239 sit
1406 2219 1423 2239 e
1446 2208 1613 2241 sideribus
1639 2210 1721 2240 ami-

1016 2259 1185 2298 cantibus,
1207 2259 1297 2299 quod
1322 2265 1445 2290 nostrae
1471 2259 1612 2300 praefuit
1634 2261 1721 2292 nati-

1016 2309 1130 2348 vitati,
1169 2310 1318 2350 vit-‹eque
1358 2315 1483 2341 nostrae
1527 2314 1641 2350 partes
1678 2320 1719 2342 ac

1017 2364 1172 2400 tempora
1210 2360 1332 2390 similia
1366 2359 1463 2399 facit,
1502 2366 1632 2391 certum
1665 2365 1719 2391 est

1017 2410 1152 2450 aliquod
1169 2419 1211 2441 ex
1229 2410 1295 2441 illis
1312 2410 1406 2441 nobis
1423 2409 1602 2449 affulsisse,
1618 2409 1660 2440 ab
1677 2419 1718 2440 eo

1015 2469 1075 2489 nos
1093 2461 1175 2499 regi,
1193 2461 1337 2490 alterum
1361 2460 1459 2490 alteri
1486 2461 1720 2501 attemperari,

1016 2513 1052 2538 et
1066 2507 1141 2538 fieri
1158 2519 1217 2539 nos
1230 2519 1291 2549 per
1303 2509 1386 2540 illud
1400 2510 1435 2540 in
1449 2509 1602 2541 omuibus
1617 2510 1721 2541 simil<

1015 2559 1112 2590 limos
1141 2564 1176 2590 et
1199 2560 1505 2601 conjunctissimos.
1549 2562 1633 2592 Vult
1655 2563 1720 2604 Ca·v

1015 2610 1182 2641 saubonus
1211 2615 1361 2641 mentem
1391 2621 1459 2642 non
1491 2621 1561 2642 esse
1594 2612 1720 2653 Persii,

1014 2661 1236 2704 horoscopum
1254 2661 1397 2694 eundem
1415 2661 1479 2705 ipsi
1503 2666 1538 2694 et
1564 2662 1718 2697 Cornuto
