<?xml version="1.0" encoding="UTF-8"?>
<!DOCTYPE html PUBLIC "-//W3C//DTD XHTML 1.0 Transitional//EN"
    "http://www.w3.org/TR/xhtml1/DTD/xhtml1-transitional.dtd">
<html xmlns="http://www.w3.org/1999/xhtml" xml:lang="en" lang="en">
 <head>
  <title>
</title>
<meta http-equiv="Content-Type" content="text/html;charset=utf-8" />
  <meta name='ocr-system' content='tesseract 3.04.00' />
  <meta name='ocr-capabilities' content='ocr_page ocr_carea ocr_par ocr_line ocrx_word'/>
</head>
<body>
  <div class='ocr_page' id='page_1' title='image "./operaomnia00persuoft_0033.png"; bbox 0 0 1888 3032; ppageno 0'>
   <div class='ocr_carea' id='block_1_1' title="bbox 582 594 1198 646">
    <p class='ocr_par' dir='ltr' id='par_1_1' title="bbox 582 594 1198 646">
     <span class='ocr_line' id='line_1_1' title="bbox 582 594 1198 646; baseline 0.008 -5"><span class='ocrx_word' id='word_1_1' title='bbox 582 596 651 641; x_wconf 90' lang='lat' dir='ltr'>A.</span> <span class='ocrx_word' id='word_1_2' title='bbox 684 594 917 644; x_wconf 83' lang='lat' dir='ltr'><strong>PERSII</strong></span> <span class='ocrx_word' id='word_1_3' title='bbox 948 595 1198 646; x_wconf 89' lang='lat' dir='ltr'><strong>FLACCI</strong></span> 
     </span>
    </p>
   </div>
   <div class='ocr_carea' id='block_1_2' title="bbox 771 1046 1005 1058">
    <p class='ocr_par' dir='ltr' id='par_1_2' title="bbox 771 1046 1005 1058">
     <span class='ocr_line' id='line_1_2' title="bbox 771 1046 1005 1058; baseline 0 -1"><span class='ocrx_word' id='word_1_4' title='bbox 771 1046 1005 1058; x_wconf 63' lang='lat' dir='ltr'>eeeeeeeeeee</span> 
     </span>
    </p>
   </div>
   <div class='ocr_carea' id='block_1_3' title="bbox 638 1180 1121 1224">
    <p class='ocr_par' dir='ltr' id='par_1_3' title="bbox 638 1180 1121 1224">
     <span class='ocr_line' id='line_1_3' title="bbox 638 1180 1121 1224; baseline 0.002 -3"><span class='ocrx_word' id='word_1_5' title='bbox 638 1180 1121 1224; x_wconf 87' lang='lat' dir='ltr'><strong>PROLOGUS.</strong></span> 
     </span>
    </p>
   </div>
   <div class='ocr_carea' id='block_1_4' title="bbox 697 1350 1060 1386">
    <p class='ocr_par' dir='ltr' id='par_1_4' title="bbox 697 1350 1060 1386">
     <span class='ocr_line' id='line_1_4' title="bbox 697 1350 1060 1386; baseline 0.006 -3"><span class='ocrx_word' id='word_1_6' title='bbox 697 1350 1060 1386; x_wconf 84' lang='lat' dir='ltr'><strong>ARGUMENTUM.</strong></span> 
     </span>
    </p>
   </div>
   <div class='ocr_carea' id='block_1_5' title="bbox 149 1431 1621 2170">
    <p class='ocr_par' dir='ltr' id='par_1_5' title="bbox 149 1431 1621 2170">
     <span class='ocr_line' id='line_1_5' title="bbox 195 1431 1619 1476; baseline 0.003 -12"><span class='ocrx_word' id='word_1_7' title='bbox 195 1432 342 1465; x_wconf 49' lang='lat' dir='ltr'>Pousis</span> <span class='ocrx_word' id='word_1_8' title='bbox 368 1434 439 1473; x_wconf 92' lang='lat' dir='ltr'>jam</span> <span class='ocrx_word' id='word_1_9' title='bbox 469 1431 582 1463; x_wconf 88' lang='lat' dir='ltr'>Persii</span> <span class='ocrx_word' id='word_1_10' title='bbox 612 1435 717 1462; x_wconf 82' lang='lat' dir='ltr'>aetate</span> <span class='ocrx_word' id='word_1_11' title='bbox 742 1441 838 1463; x_wconf 90' lang='lat' dir='ltr'>more</span> <span class='ocrx_word' id='word_1_12' title='bbox 861 1436 937 1463; x_wconf 87' lang='lat' dir='ltr'>erat</span> <span class='ocrx_word' id='word_1_13' title='bbox 952 1436 1144 1473; x_wconf 87' lang='lat' dir='ltr'>receptum,</span> <span class='ocrx_word' id='word_1_14' title='bbox 1159 1433 1326 1474; x_wconf 81' lang='lat' dir='ltr'>peculiari</span> <span class='ocrx_word' id='word_1_15' title='bbox 1342 1433 1454 1476; x_wconf 85' lang='lat' dir='ltr'>aliquo</span> <span class='ocrx_word' id='word_1_16' title='bbox 1469 1435 1619 1468; x_wconf 77' lang='lat' dir='ltr'>carmine</span> 
     </span>
     <span class='ocr_line' id='line_1_6' title="bbox 150 1485 1620 1529; baseline 0.002 -11"><span class='ocrx_word' id='word_1_17' title='bbox 150 1487 292 1529; x_wconf 83' lang='lat' dir='ltr'>reliquis</span> <span class='ocrx_word' id='word_1_18' title='bbox 317 1485 520 1518; x_wconf 86' lang='lat' dir='ltr'><strong>carminibus</strong></span> <span class='ocrx_word' id='word_1_19' title='bbox 545 1485 749 1527; x_wconf 64' lang='lat' dir='ltr'>praeludere,</span> <span class='ocrx_word' id='word_1_20' title='bbox 763 1486 917 1526; x_wconf 89' lang='lat' dir='ltr'>illudque</span> <span class='ocrx_word' id='word_1_21' title='bbox 931 1486 1063 1517; x_wconf 88' lang='lat' dir='ltr'>diverso</span> <span class='ocrx_word' id='word_1_22' title='bbox 1077 1487 1179 1517; x_wconf 89' lang='lat' dir='ltr'>metri</span> <span class='ocrx_word' id='word_1_23' title='bbox 1203 1497 1330 1527; x_wconf 82' lang='lat' dir='ltr'>genere</span> <span class='ocrx_word' id='word_1_24' title='bbox 1353 1489 1540 1520; x_wconf 86' lang='lat' dir='ltr'>enuntiare.</span> <span class='ocrx_word' id='word_1_25' title='bbox 1587 1490 1620 1521; x_wconf 91' lang='lat' dir='ltr'><strong>A</strong></span> 
     </span>
     <span class='ocr_line' id='line_1_7' title="bbox 151 1538 1620 1582; baseline 0.001 -11"><span class='ocrx_word' id='word_1_26' title='bbox 151 1541 264 1581; x_wconf 72' lang='lat' dir='ltr'>poetis</span> <span class='ocrx_word' id='word_1_27' title='bbox 282 1539 400 1570; x_wconf 87' lang='lat' dir='ltr'>Persio</span> <span class='ocrx_word' id='word_1_28' title='bbox 416 1539 662 1570; x_wconf 79' lang='lat' dir='ltr'>recentioribus</span> <span class='ocrx_word' id='word_1_29' title='bbox 683 1538 759 1569; x_wconf 78' lang='lat' dir='ltr'>haec</span> <span class='ocrx_word' id='word_1_30' title='bbox 786 1539 871 1570; x_wconf 87' lang='lat' dir='ltr'>ratio</span> <span class='ocrx_word' id='word_1_31' title='bbox 889 1539 996 1579; x_wconf 87' lang='lat' dir='ltr'>magis</span> <span class='ocrx_word' id='word_1_32' title='bbox 1013 1540 1117 1571; x_wconf 85' lang='lat' dir='ltr'>etiam</span> <span class='ocrx_word' id='word_1_33' title='bbox 1133 1539 1355 1582; x_wconf 86' lang='lat' dir='ltr'>frequentata</span> <span class='ocrx_word' id='word_1_34' title='bbox 1371 1550 1444 1572; x_wconf 87' lang='lat' dir='ltr'>esse</span> <span class='ocrx_word' id='word_1_35' title='bbox 1461 1542 1620 1581; x_wconf 82' lang='lat' dir='ltr'>videtur3</span> 
     </span>
     <span class='ocr_line' id='line_1_8' title="bbox 151 1592 1620 1636; baseline 0.002 -12"><span class='ocrx_word' id='word_1_36' title='bbox 151 1593 185 1624; x_wconf 90' lang='lat' dir='ltr'>in</span> <span class='ocrx_word' id='word_1_37' title='bbox 204 1593 317 1634; x_wconf 78' lang='lat' dir='ltr'>primis</span> <span class='ocrx_word' id='word_1_38' title='bbox 335 1603 409 1624; x_wconf 88' lang='lat' dir='ltr'>eam</span> <span class='ocrx_word' id='word_1_39' title='bbox 426 1592 580 1624; x_wconf 86' lang='lat' dir='ltr'>adhibuit</span> <span class='ocrx_word' id='word_1_40' title='bbox 594 1592 814 1624; x_wconf 83' lang='lat' dir='ltr'>Claudianus.</span> <span class='ocrx_word' id='word_1_41' title='bbox 859 1593 1021 1633; x_wconf 85' lang='lat' dir='ltr'>Fuerunt,</span> <span class='ocrx_word' id='word_1_42' title='bbox 1038 1593 1096 1634; x_wconf 93' lang='lat' dir='ltr'>qui</span> <span class='ocrx_word' id='word_1_43' title='bbox 1114 1598 1320 1633; x_wconf 82' lang='lat' dir='ltr'><strong>statuerent,</strong></span> <span class='ocrx_word' id='word_1_44' title='bbox 1336 1594 1425 1626; x_wconf 88' lang='lat' dir='ltr'>hunc</span> <span class='ocrx_word' id='word_1_45' title='bbox 1443 1596 1620 1636; x_wconf 87' lang='lat' dir='ltr'>prologum</span> 
     </span>
     <span class='ocr_line' id='line_1_9' title="bbox 151 1645 1621 1689; baseline 0.003 -12"><span class='ocrx_word' id='word_1_46' title='bbox 151 1646 194 1678; x_wconf 86' lang='lat' dir='ltr'>ad</span> <span class='ocrx_word' id='word_1_47' title='bbox 212 1647 354 1688; x_wconf 85' lang='lat' dir='ltr'><strong>primam</strong></span> <span class='ocrx_word' id='word_1_48' title='bbox 377 1646 515 1678; x_wconf 86' lang='lat' dir='ltr'>satiram</span> <span class='ocrx_word' id='word_1_49' title='bbox 544 1646 729 1687; x_wconf 83' lang='lat' dir='ltr'>pertinere,</span> <span class='ocrx_word' id='word_1_50' title='bbox 754 1645 790 1677; x_wconf 88' lang='lat' dir='ltr'>in</span> <span class='ocrx_word' id='word_1_51' title='bbox 814 1656 880 1687; x_wconf 90' lang='lat' dir='ltr'>quo</span> <span class='ocrx_word' id='word_1_52' title='bbox 901 1646 982 1688; x_wconf 89' lang='lat' dir='ltr'>quid</span> <span class='ocrx_word' id='word_1_53' title='bbox 1009 1647 1119 1678; x_wconf 84' lang='lat' dir='ltr'>secuti</span> <span class='ocrx_word' id='word_1_54' title='bbox 1145 1647 1225 1687; x_wconf 84' lang='lat' dir='ltr'>sint,</span> <span class='ocrx_word' id='word_1_55' title='bbox 1242 1648 1399 1689; x_wconf 88' lang='lat' dir='ltr'>equidem</span> <span class='ocrx_word' id='word_1_56' title='bbox 1418 1649 1538 1680; x_wconf 85' lang='lat' dir='ltr'>videre</span> <span class='ocrx_word' id='word_1_57' title='bbox 1553 1659 1621 1681; x_wconf 87' lang='lat' dir='ltr'>non</span> 
     </span>
     <span class='ocr_line' id='line_1_10' title="bbox 150 1700 1620 1743; baseline 0.001 -11"><span class='ocrx_word' id='word_1_58' title='bbox 150 1710 298 1742; x_wconf 82' lang='lat' dir='ltr'>possum.</span> <span class='ocrx_word' id='word_1_59' title='bbox 345 1701 508 1732; x_wconf 87' lang='lat' dir='ltr'>Ceterum</span> <span class='ocrx_word' id='word_1_60' title='bbox 531 1700 734 1731; x_wconf 80' lang='lat' dir='ltr'>sententiam</span> <span class='ocrx_word' id='word_1_61' title='bbox 758 1701 892 1741; x_wconf 76' lang='lat' dir='ltr'>prologi</span> <span class='ocrx_word' id='word_1_62' title='bbox 916 1700 1049 1733; x_wconf 81' lang='lat' dir='ltr'>ratione</span> <span class='ocrx_word' id='word_1_63' title='bbox 1074 1702 1206 1742; x_wconf 86' lang='lat' dir='ltr'>vulgari</span> <span class='ocrx_word' id='word_1_64' title='bbox 1228 1711 1425 1743; x_wconf 79' lang='lat' dir='ltr'>expressam</span> <span class='ocrx_word' id='word_1_65' title='bbox 1439 1703 1526 1734; x_wconf 90' lang='lat' dir='ltr'>hanc</span> <span class='ocrx_word' id='word_1_66' title='bbox 1543 1712 1620 1735; x_wconf 86' lang='lat' dir='ltr'>esse</span> 
     </span>
     <span class='ocr_line' id='line_1_11' title="bbox 151 1752 1619 1797; baseline 0.002 -11"><span class='ocrx_word' id='word_1_67' title='bbox 151 1754 327 1786; x_wconf 82' lang='lat' dir='ltr'>existimo:</span> <span class='ocrx_word' id='word_1_68' title='bbox 353 1764 543 1796; x_wconf 88' lang='lat' dir='ltr'>quanquam</span> <span class='ocrx_word' id='word_1_69' title='bbox 561 1754 643 1785; x_wconf 89' lang='lat' dir='ltr'>talia</span> <span class='ocrx_word' id='word_1_70' title='bbox 665 1754 707 1784; x_wconf 89' lang='lat' dir='ltr'>de</span> <span class='ocrx_word' id='word_1_71' title='bbox 730 1764 783 1784; x_wconf 91' lang='lat' dir='ltr'>me</span> <span class='ocrx_word' id='word_1_72' title='bbox 801 1752 989 1794; x_wconf 75' lang='lat' dir='ltr'>praedicare</span> <span class='ocrx_word' id='word_1_73' title='bbox 1005 1763 1070 1785; x_wconf 90' lang='lat' dir='ltr'>non</span> <span class='ocrx_word' id='word_1_74' title='bbox 1087 1764 1236 1794; x_wconf 83' lang='lat' dir='ltr'>possum,</span> <span class='ocrx_word' id='word_1_75' title='bbox 1252 1755 1365 1796; x_wconf 87' lang='lat' dir='ltr'>qualia</span> <span class='ocrx_word' id='word_1_76' title='bbox 1380 1756 1490 1787; x_wconf 78' lang='lat' dir='ltr'>nostri</span> <span class='ocrx_word' id='word_1_77' title='bbox 1504 1756 1619 1797; x_wconf 77' lang='lat' dir='ltr'>poe&#39;tae</span> 
     </span>
     <span class='ocr_line' id='line_1_12' title="bbox 150 1807 1617 1850; baseline 0.001 -11"><span class='ocrx_word' id='word_1_78' title='bbox 150 1808 195 1839; x_wconf 90' lang='lat' dir='ltr'>de</span> <span class='ocrx_word' id='word_1_79' title='bbox 209 1817 245 1839; x_wconf 89' lang='lat' dir='ltr'>se</span> <span class='ocrx_word' id='word_1_80' title='bbox 262 1808 467 1849; x_wconf 86' lang='lat' dir='ltr'>praedicant,</span> <span class='ocrx_word' id='word_1_81' title='bbox 481 1817 591 1849; x_wconf 90' lang='lat' dir='ltr'>neque</span> <span class='ocrx_word' id='word_1_82' title='bbox 615 1808 683 1838; x_wconf 91' lang='lat' dir='ltr'>ullo</span> <span class='ocrx_word' id='word_1_83' title='bbox 707 1807 881 1838; x_wconf 87' lang='lat' dir='ltr'>Musarum</span> <span class='ocrx_word' id='word_1_84' title='bbox 909 1808 1114 1839; x_wconf 88' lang='lat' dir='ltr'>commercio</span> <span class='ocrx_word' id='word_1_85' title='bbox 1132 1818 1211 1839; x_wconf 84' lang='lat' dir='ltr'>usus</span> <span class='ocrx_word' id='word_1_86' title='bbox 1229 1818 1314 1848; x_wconf 88' lang='lat' dir='ltr'>sum,</span> <span class='ocrx_word' id='word_1_87' title='bbox 1331 1819 1397 1850; x_wconf 90' lang='lat' dir='ltr'>quo</span> <span class='ocrx_word' id='word_1_88' title='bbox 1414 1809 1463 1840; x_wconf 94' lang='lat' dir='ltr'>illi</span> <span class='ocrx_word' id='word_1_89' title='bbox 1487 1819 1564 1841; x_wconf 91' lang='lat' dir='ltr'>usos</span> <span class='ocrx_word' id='word_1_90' title='bbox 1581 1819 1617 1842; x_wconf 90' lang='lat' dir='ltr'>se</span> 
     </span>
     <span class='ocr_line' id='line_1_13' title="bbox 150 1861 1616 1903; baseline 0.002 -12"><span class='ocrx_word' id='word_1_91' title='bbox 150 1870 225 1892; x_wconf 87' lang='lat' dir='ltr'>esse</span> <span class='ocrx_word' id='word_1_92' title='bbox 243 1861 444 1902; x_wconf 81' lang='lat' dir='ltr'>gloriantur,</span> <span class='ocrx_word' id='word_1_93' title='bbox 460 1870 543 1902; x_wconf 88' lang='lat' dir='ltr'>quos</span> <span class='ocrx_word' id='word_1_94' title='bbox 559 1866 676 1892; x_wconf 86' lang='lat' dir='ltr'>nostra</span> <span class='ocrx_word' id='word_1_95' title='bbox 691 1865 775 1892; x_wconf 81' lang='lat' dir='ltr'>aetas</span> <span class='ocrx_word' id='word_1_96' title='bbox 790 1865 972 1902; x_wconf 85' lang='lat' dir='ltr'>tantopere</span> <span class='ocrx_word' id='word_1_97' title='bbox 996 1862 1211 1902; x_wconf 79' lang='lat' dir='ltr'>amplexatur</span> <span class='ocrx_word' id='word_1_98' title='bbox 1237 1867 1273 1893; x_wconf 92' lang='lat' dir='ltr'>et</span> <span class='ocrx_word' id='word_1_99' title='bbox 1299 1862 1333 1893; x_wconf 83' lang='lat' dir='ltr'>in</span> <span class='ocrx_word' id='word_1_100' title='bbox 1355 1863 1465 1903; x_wconf 87' lang='lat' dir='ltr'>pretio</span> <span class='ocrx_word' id='word_1_101' title='bbox 1492 1863 1616 1894; x_wconf 85' lang='lat' dir='ltr'>habet:</span> 
     </span>
     <span class='ocr_line' id='line_1_14' title="bbox 150 1914 1619 1956; baseline 0.001 -10"><span class='ocrx_word' id='word_1_102' title='bbox 150 1920 264 1946; x_wconf 86' lang='lat' dir='ltr'>tamen</span> <span class='ocrx_word' id='word_1_103' title='bbox 281 1924 416 1946; x_wconf 85' lang='lat' dir='ltr'>carmen</span> <span class='ocrx_word' id='word_1_104' title='bbox 432 1924 544 1945; x_wconf 89' lang='lat' dir='ltr'>meum</span> <span class='ocrx_word' id='word_1_105' title='bbox 560 1915 693 1945; x_wconf 88' lang='lat' dir='ltr'>illorum</span> <span class='ocrx_word' id='word_1_106' title='bbox 719 1915 823 1945; x_wconf 85' lang='lat' dir='ltr'>sacris</span> <span class='ocrx_word' id='word_1_107' title='bbox 846 1914 988 1956; x_wconf 82' lang='lat' dir='ltr'>(divinis</span> <span class='ocrx_word' id='word_1_108' title='bbox 1009 1916 1076 1946; x_wconf 83' lang='lat' dir='ltr'>illis</span> <span class='ocrx_word' id='word_1_109' title='bbox 1100 1914 1325 1955; x_wconf 85' lang='lat' dir='ltr'>carminibus)</span> <span class='ocrx_word' id='word_1_110' title='bbox 1348 1915 1473 1946; x_wconf 86' lang='lat' dir='ltr'>addere</span> <span class='ocrx_word' id='word_1_111' title='bbox 1495 1916 1619 1948; x_wconf 85' lang='lat' dir='ltr'>audeo.</span> 
     </span>
     <span class='ocr_line' id='line_1_15' title="bbox 149 1967 1618 2010; baseline 0.001 -10"><span class='ocrx_word' id='word_1_112' title='bbox 149 1968 274 2000; x_wconf 88' lang='lat' dir='ltr'>Potest</span> <span class='ocrx_word' id='word_1_113' title='bbox 291 1968 378 1999; x_wconf 91' lang='lat' dir='ltr'>enim</span> <span class='ocrx_word' id='word_1_114' title='bbox 392 1967 479 2008; x_wconf 89' lang='lat' dir='ltr'>fieri,</span> <span class='ocrx_word' id='word_1_115' title='bbox 495 1968 778 2009; x_wconf 85' lang='lat' dir='ltr'>quemadmodum</span> <span class='ocrx_word' id='word_1_116' title='bbox 792 1978 870 2000; x_wconf 77' lang='lat' dir='ltr'>usus</span> <span class='ocrx_word' id='word_1_117' title='bbox 886 1969 998 2008; x_wconf 85' lang='lat' dir='ltr'>docet,</span> <span class='ocrx_word' id='word_1_118' title='bbox 1014 1973 1053 1999; x_wconf 89' lang='lat' dir='ltr'>ut</span> <span class='ocrx_word' id='word_1_119' title='bbox 1062 1969 1183 2010; x_wconf 85' lang='lat' dir='ltr'>aliquis</span> <span class='ocrx_word' id='word_1_120' title='bbox 1200 1967 1348 1999; x_wconf 85' lang='lat' dir='ltr'>carmina</span> <span class='ocrx_word' id='word_1_121' title='bbox 1361 1968 1500 2008; x_wconf 85' lang='lat' dir='ltr'>scribat,</span> <span class='ocrx_word' id='word_1_122' title='bbox 1516 1969 1618 2010; x_wconf 86' lang='lat' dir='ltr'>longe</span> 
     </span>
     <span class='ocr_line' id='line_1_16' title="bbox 151 2020 1617 2064; baseline 0.001 -12"><span class='ocrx_word' id='word_1_123' title='bbox 151 2022 217 2052; x_wconf 81' lang='lat' dir='ltr'>alia</span> <span class='ocrx_word' id='word_1_124' title='bbox 231 2031 394 2063; x_wconf 79' lang='lat' dir='ltr'>re‚quam</span> <span class='ocrx_word' id='word_1_125' title='bbox 411 2030 430 2051; x_wconf 81' lang='lat' dir='ltr'>a</span> <span class='ocrx_word' id='word_1_126' title='bbox 455 2021 562 2052; x_wconf 79' lang='lat' dir='ltr'>Musis</span> <span class='ocrx_word' id='word_1_127' title='bbox 587 2021 790 2060; x_wconf 84' lang='lat' dir='ltr'>instinctus3</span> <span class='ocrx_word' id='word_1_128' title='bbox 814 2031 891 2052; x_wconf 81' lang='lat' dir='ltr'>narn</span> <span class='ocrx_word' id='word_1_129' title='bbox 913 2020 1033 2059; x_wconf 82' lang='lat' dir='ltr'>fames,</span> <span class='ocrx_word' id='word_1_130' title='bbox 1062 2027 1100 2053; x_wconf 88' lang='lat' dir='ltr'>ut</span> <span class='ocrx_word' id='word_1_131' title='bbox 1121 2022 1185 2053; x_wconf 87' lang='lat' dir='ltr'>hoc</span> <span class='ocrx_word' id='word_1_132' title='bbox 1210 2026 1297 2063; x_wconf 83' lang='lat' dir='ltr'>utar,</span> <span class='ocrx_word' id='word_1_133' title='bbox 1321 2032 1400 2064; x_wconf 83' lang='lat' dir='ltr'>quae</span> <span class='ocrx_word' id='word_1_134' title='bbox 1422 2032 1500 2054; x_wconf 87' lang='lat' dir='ltr'>aves</span> <span class='ocrx_word' id='word_1_135' title='bbox 1527 2022 1617 2063; x_wconf 84' lang='lat' dir='ltr'>ipsas</span> 
     </span>
     <span class='ocr_line' id='line_1_17' title="bbox 150 2074 1618 2118; baseline 0.002 -13"><span class='ocrx_word' id='word_1_136' title='bbox 150 2075 327 2106; x_wconf 82' lang='lat' dir='ltr'>humanam</span> <span class='ocrx_word' id='word_1_137' title='bbox 343 2084 463 2106; x_wconf 89' lang='lat' dir='ltr'>vocem</span> <span class='ocrx_word' id='word_1_138' title='bbox 479 2075 606 2106; x_wconf 88' lang='lat' dir='ltr'>imitari</span> <span class='ocrx_word' id='word_1_139' title='bbox 621 2075 735 2115; x_wconf 88' lang='lat' dir='ltr'>docet,</span> <span class='ocrx_word' id='word_1_140' title='bbox 750 2075 853 2106; x_wconf 86' lang='lat' dir='ltr'>mirus</span> <span class='ocrx_word' id='word_1_141' title='bbox 876 2080 931 2107; x_wconf 90' lang='lat' dir='ltr'>est</span> <span class='ocrx_word' id='word_1_142' title='bbox 947 2074 1087 2118; x_wconf 82' lang='lat' dir='ltr'>artifex,</span> <span class='ocrx_word' id='word_1_143' title='bbox 1098 2081 1135 2108; x_wconf 92' lang='lat' dir='ltr'>et</span> <span class='ocrx_word' id='word_1_144' title='bbox 1149 2076 1221 2107; x_wconf 80' lang='lat' dir='ltr'>auri</span> <span class='ocrx_word' id='word_1_145' title='bbox 1237 2086 1316 2117; x_wconf 87' lang='lat' dir='ltr'>spes</span> <span class='ocrx_word' id='word_1_146' title='bbox 1334 2086 1402 2108; x_wconf 88' lang='lat' dir='ltr'>non</span> <span class='ocrx_word' id='word_1_147' title='bbox 1418 2076 1487 2108; x_wconf 86' lang='lat' dir='ltr'>dici</span> <span class='ocrx_word' id='word_1_148' title='bbox 1502 2079 1618 2118; x_wconf 84' lang='lat' dir='ltr'>potest</span> 
     </span>
     <span class='ocr_line' id='line_1_18' title="bbox 151 2128 1010 2170; baseline 0.001 -11"><span class='ocrx_word' id='word_1_149' title='bbox 151 2137 255 2170; x_wconf 81' lang='lat' dir='ltr'>quam</span> <span class='ocrx_word' id='word_1_150' title='bbox 270 2129 453 2169; x_wconf 82' lang='lat' dir='ltr'>praeelaros</span> <span class='ocrx_word' id='word_1_151' title='bbox 469 2138 587 2160; x_wconf 79' lang='lat' dir='ltr'>versus</span> <span class='ocrx_word' id='word_1_152' title='bbox 601 2128 775 2160; x_wconf 82' lang='lat' dir='ltr'>interdum</span> <span class='ocrx_word' id='word_1_153' title='bbox 789 2133 1010 2170; x_wconf 84' lang='lat' dir='ltr'>extorqueat.</span> 
     </span>
    </p>
   </div>
   <div class='ocr_carea' id='block_1_6' title="bbox 322 2311 1149 2382">
    <p class='ocr_par' dir='ltr' id='par_1_6' title="bbox 322 2311 1149 2382">
     <span class='ocr_line' id='line_1_19' title="bbox 322 2311 1149 2382; baseline 0.001 -14"><span class='ocrx_word' id='word_1_154' title='bbox 322 2311 451 2370; x_wconf 70' lang='lat' dir='ltr'>Nssc</span> <span class='ocrx_word' id='word_1_155' title='bbox 472 2327 591 2369; x_wconf 84' lang='lat' dir='ltr'>fonte</span> <span class='ocrx_word' id='word_1_156' title='bbox 610 2328 735 2369; x_wconf 83' lang='lat' dir='ltr'>labra</span> <span class='ocrx_word' id='word_1_157' title='bbox 753 2328 898 2382; x_wconf 85' lang='lat' dir='ltr'>prolui</span> <span class='ocrx_word' id='word_1_158' title='bbox 917 2328 1149 2379; x_wconf 83' lang='lat' dir='ltr'>caballino,</span> 
     </span>
    </p>
   </div>
   <div class='ocr_carea' id='block_1_7' title="bbox 194 2437 1615 2553">
    <p class='ocr_par' dir='ltr' id='par_1_7' title="bbox 194 2437 1615 2553">
     <span class='ocr_line' id='line_1_20' title="bbox 194 2437 1615 2482; baseline -0.002 -9"><span class='ocrx_word' id='word_1_159' title='bbox 194 2440 302 2482; x_wconf 76' lang='lat' dir='ltr'>Neque</span> <span class='ocrx_word' id='word_1_160' title='bbox 316 2439 453 2472; x_wconf 60' lang='lat' dir='ltr'>inmersi</span> <span class='ocrx_word' id='word_1_161' title='bbox 476 2438 560 2471; x_wconf 77' lang='lat' dir='ltr'>labia</span> <span class='ocrx_word' id='word_1_162' title='bbox 584 2439 619 2470; x_wconf 86' lang='lat' dir='ltr'>in</span> <span class='ocrx_word' id='word_1_163' title='bbox 636 2438 729 2478; x_wconf 82' lang='lat' dir='ltr'>sonte</span> <span class='ocrx_word' id='word_1_164' title='bbox 751 2439 872 2480; x_wconf 80' lang='lat' dir='ltr'>equino,</span> <span class='ocrx_word' id='word_1_165' title='bbox 897 2448 991 2480; x_wconf 79' lang='lat' dir='ltr'>neque</span> <span class='ocrx_word' id='word_1_166' title='bbox 1013 2439 1157 2470; x_wconf 83' lang='lat' dir='ltr'>recordor</span> <span class='ocrx_word' id='word_1_167' title='bbox 1171 2447 1227 2470; x_wconf 84' lang='lat' dir='ltr'>me</span> <span class='ocrx_word' id='word_1_168' title='bbox 1243 2437 1436 2469; x_wconf 77' lang='lat' dir='ltr'>indormiisse</span> <span class='ocrx_word' id='word_1_169' title='bbox 1449 2438 1483 2469; x_wconf 83' lang='lat' dir='ltr'>in</span> <span class='ocrx_word' id='word_1_170' title='bbox 1498 2443 1615 2470; x_wconf 85' lang='lat' dir='ltr'>monte</span> 
     </span>
     <span class='ocr_line' id='line_1_21' title="bbox 807 2519 947 2553; baseline 0.014 -2"><span class='ocrx_word' id='word_1_171' title='bbox 807 2519 947 2553; x_wconf 84' lang='lat' dir='ltr'><strong>NOTAE</strong></span> 
     </span>
    </p>
   </div>
   <div class='ocr_carea' id='block_1_8' title="bbox 153 2592 1615 2741">
    <p class='ocr_par' dir='ltr' id='par_1_8' title="bbox 153 2592 1615 2741">
     <span class='ocr_line' id='line_1_22' title="bbox 195 2592 1614 2636; baseline -0.003 -7"><span class='ocrx_word' id='word_1_172' title='bbox 195 2600 214 2629; x_wconf 83' lang='lat'>1</span> <span class='ocrx_word' id='word_1_173' title='bbox 239 2598 306 2629; x_wconf 75' lang='lat' dir='ltr'>Nec</span> <span class='ocrx_word' id='word_1_174' title='bbox 320 2597 413 2636; x_wconf 76' lang='lat' dir='ltr'>fonte</span> <span class='ocrx_word' id='word_1_175' title='bbox 431 2595 519 2627; x_wconf 75' lang='lat' dir='ltr'>labra</span> <span class='ocrx_word' id='word_1_176' title='bbox 536 2595 653 2636; x_wconf 81' lang='lat' dir='ltr'>prolui,</span> <span class='ocrx_word' id='word_1_177' title='bbox 679 2595 749 2636; x_wconf 57' lang='lat' dir='ltr'>lym]</span> <span class='ocrx_word' id='word_1_178' title='bbox 773 2595 854 2626; x_wconf 87' lang='lat' dir='ltr'>Irri-</span> <span class='ocrx_word' id='word_1_179' title='bbox 909 2595 978 2626; x_wconf 89' lang='lat' dir='ltr'>line</span> <span class='ocrx_word' id='word_1_180' title='bbox 995 2598 1032 2626; x_wconf 90' lang='lat' dir='ltr'>et</span> <span class='ocrx_word' id='word_1_181' title='bbox 1046 2594 1168 2634; x_wconf 85' lang='lat' dir='ltr'>Musis,</span> <span class='ocrx_word' id='word_1_182' title='bbox 1182 2593 1309 2625; x_wconf 84' lang='lat' dir='ltr'>imitari</span> <span class='ocrx_word' id='word_1_183' title='bbox 1325 2593 1477 2625; x_wconf 80' lang='lat' dir='ltr'>volentes</span> <span class='ocrx_word' id='word_1_184' title='bbox 1493 2592 1614 2625; x_wconf 85' lang='lat' dir='ltr'>Hesio-</span> 
     </span>
     <span class='ocr_line' id='line_1_23' title="bbox 153 2642 1613 2687; baseline -0.003 -8"><span class='ocrx_word' id='word_1_185' title='bbox 153 2644 215 2679; x_wconf 78' lang='lat' dir='ltr'>det</span> <span class='ocrx_word' id='word_1_186' title='bbox 228 2648 368 2679; x_wconf 86' lang='lat' dir='ltr'>Persius</span> <span class='ocrx_word' id='word_1_187' title='bbox 392 2648 581 2679; x_wconf 84' lang='lat' dir='ltr'>vanitatem</span> <span class='ocrx_word' id='word_1_188' title='bbox 604 2656 719 2687; x_wconf 78' lang='lat' dir='ltr'>eorum</span> <span class='ocrx_word' id='word_1_189' title='bbox 734 2646 857 2677; x_wconf 71' lang='lat' dir='ltr'>Poeta·</span> <span class='ocrx_word' id='word_1_190' title='bbox 911 2645 1004 2684; x_wconf 88' lang='lat' dir='ltr'>dum,</span> <span class='ocrx_word' id='word_1_191' title='bbox 1019 2644 1077 2686; x_wconf 90' lang='lat' dir='ltr'>qui</span> <span class='ocrx_word' id='word_1_192' title='bbox 1100 2644 1306 2684; x_wconf 79' lang='lat' dir='ltr'>Tbeogoniae</span> <span class='ocrx_word' id='word_1_193' title='bbox 1334 2642 1431 2672; x_wconf 92' lang='lat' dir='ltr'>initio</span> <span class='ocrx_word' id='word_1_194' title='bbox 1460 2642 1508 2673; x_wconf 90' lang='lat' dir='ltr'>ait</span> <span class='ocrx_word' id='word_1_195' title='bbox 1532 2652 1568 2675; x_wconf 84' lang='lat' dir='ltr'>se</span> <span class='ocrx_word' id='word_1_196' title='bbox 1592 2653 1613 2675; x_wconf 84' lang='lat' dir='ltr'>a</span> 
     </span>
     <span class='ocr_line' id='line_1_24' title="bbox 156 2692 1615 2741; baseline -0.003 -11"><span class='ocrx_word' id='word_1_197' title='bbox 156 2706 243 2739; x_wconf 81' lang='lat' dir='ltr'>rum,</span> <span class='ocrx_word' id='word_1_198' title='bbox 255 2698 313 2741; x_wconf 82' lang='lat' dir='ltr'>qui</span> <span class='ocrx_word' id='word_1_199' title='bbox 327 2707 398 2730; x_wconf 79' lang='lat' dir='ltr'>sese</span> <span class='ocrx_word' id='word_1_200' title='bbox 408 2698 543 2740; x_wconf 84' lang='lat' dir='ltr'>jactant</span> <span class='ocrx_word' id='word_1_201' title='bbox 554 2696 687 2730; x_wconf 86' lang='lat' dir='ltr'>afflatos</span> <span class='ocrx_word' id='word_1_202' title='bbox 699 2697 743 2730; x_wconf 85' lang='lat' dir='ltr'>ab</span> <span class='ocrx_word' id='word_1_203' title='bbox 758 2696 860 2740; x_wconf 82' lang='lat' dir='ltr'>Apol·</span> <span class='ocrx_word' id='word_1_204' title='bbox 914 2695 1021 2727; x_wconf 85' lang='lat' dir='ltr'>Musis</span> <span class='ocrx_word' id='word_1_205' title='bbox 1037 2695 1151 2728; x_wconf 82' lang='lat' dir='ltr'>divina</span> <span class='ocrx_word' id='word_1_206' title='bbox 1166 2692 1310 2726; x_wconf 87' lang='lat' dir='ltr'>canendi</span> <span class='ocrx_word' id='word_1_207' title='bbox 1327 2692 1495 2726; x_wconf 82' lang='lat' dir='ltr'>facultate</span> <span class='ocrx_word' id='word_1_208' title='bbox 1511 2693 1615 2726; x_wconf 80' lang='lat' dir='ltr'>dona·</span> 
     </span>
    </p>
   </div>
  </div>
 </body>
</html>
