1888 3032
679 165 704 196 1³
715 163 843 195 [insu

143 261 284 293 beatum
305 259 449 300 jactitet
465 270 473 298 ;
496 258 555 290 ubi
572 267 593 290 a
615 261 761 299 praetore
778 267 847 289 ma-

141 309 309 344 numissus
323 313 386 340 est.
411 308 640 351 Apparebant
655 309 744 340 enim
753 308 847 339 Prae-

141 361 210 393 tori
232 364 264 392 6.
280 360 527 399 lictores-Au,
547 359 615 399 tifex]
650 359 689 391 Id
718 364 780 399 est,
806 359 845 390 In

140 421 182 444 eo
212 411 351 443 beatum
383 405 562 451 praedicat,
597 410 686 450 quod
714 408 846 440 festuca

139 462 196 493 vel
212 461 308 501 virga
331 461 498 501 praetoris,
513 460 617 501 ipsius
644 463 749 499 caput
772 464 845 489 tan-

142 510 205 552 git.
230 512 330 542 Idem.

185 564 248 592 176
270 562 343 600 Jus,
358 559 428 601 ἔξω]
466 559 598 591 Probat
615 558 758 590 ulterius
777 559 845 590 Da-

140 621 230 643 mam
253 621 321 642 non
349 621 422 642 esse
449 610 593 641 liberum
617 619 659 640 ex
683 609 846 650 adjuncta

142 661 349 694 ambitione:
386 660 476 702 quod
511 661 571 691 illa
606 660 762 700 ducatur,
804 670 843 693 ac

142 712 285 753 proinde
313 711 400 742 liber
423 721 497 742 esse
523 711 845 753 nequeat.—-Palpo]

141 761 332 793 Auferendi
345 771 454 802 casus,
465 771 531 792 non
545 761 752 793 nominandi.
783 762 846 792 Est

142 816 257 843 autem
274 813 393 852 Palpus
417 821 437 842 a
460 811 644 852 palpando.
690 811 758 842 Hic
785 821 845 852 pro

141 862 317 894 blanditiis
335 867 371 894 et
393 862 564 894 illecebris
590 862 746 903 ponitur;
775 862 846 903 qui-

142 913 206 945 bus
232 913 383 944 homines
400 913 443 944 ad
470 913 613 944 honores
637 913 844 944 alliciuntur.

139 963 256 995 Lubin.
303 964 372 995 Pro
402 964 500 1004 tollit,
524 964 580 995 alii
610 964 691 995 libri
718 964 847 995 habent

102 1034 105 1037 -
139 1015 243 1046 ducit.-
266 1024 330 1046 nec
353 1015 440 1045 male
467 1015 593 1045 ducere
616 1024 693 1045 eum
720 1014 846 1045 dicitur

141 1064 292 1106 ambitio,
309 1065 366 1106 qui
389 1065 460 1106 ejus
485 1074 588 1096 causa
604 1064 690 1096 facit
707 1064 818 1096 omnia
835 1074 845 1103 ;

141 1124 180 1146 ac
203 1114 294 1146 forte
324 1115 365 1146 ad
388 1116 514 1147 amicos
540 1115 746 1147 deductores
769 1125 847 1146 cau-

140 1165 331 1197 didatorum
363 1167 528 1206 respexit.
565 1167 848 1198 casana—Hion-

140 1215 219 1255 tcm]
265 1218 372 1250 Quasi
407 1217 544 1249 honoris
580 1216 727 1248 avidum.
783 1217 846 1248 Lu·

141 1265 205 1297 bin.

184 1317 245 1347 177
272 1316 416 1357 cretata]
440 1317 645 1350 Candidata.
680 1318 771 1349 Nam
788 1318 847 1359 qui

138 1366 282 1398 honores
307 1368 519 1408 aspirabant,
540 1368 717 1400 candidati
739 1373 775 1400 et
800 1370 846 1400 al-

142 1417 192 1449 bis
211 1419 433 1460 candidisque
451 1420 602 1451 vestibus
626 1420 846 1452 incedebant.

140 1468 425 1509 Lubin.——Vigila,
454 1470 523 1510 ξω]
573 1471 677 1502 Ludis
707 1471 847 1502 Florali-

141 1518 203 1549 bus
233 1518 345 1549 omnia
375 1519 505 1550 semina
534 1521 783 1561 spargebantur
812 1521 846 1552 in

141 1567 318 1608 populum,
335 1573 373 1599 ut
399 1569 512 1600 Tellus
533 1570 628 1602 velut
651 1571 847 1602 muneribus

140 1617 208 1648 suis
239 1618 448 1658 placaretur.
486 1620 641 1653 Vet.Sch.
694 1622 847 1653 Maxime

140 1673 282 1710 propter
322 1669 434 1701 officia
469 1672 725 1712 salutationum,
763 1682 848 1714 quas

140 1723 220 1751 ante
248 1719 434 1752 diluculum
458 1721 679 1753 inchoabant.
720 1724 777 1754 De
799 1724 847 1755 la-

139 1770 223 1802 bore
239 1774 276 1802 et
298 1771 423 1811 vigiliis
450 1772 711 1804 candidatorum
740 1774 848 1804 multa

142 1820 264 1852 Cicero
285 1821 387 1852 variis
409 1822 504 1853 locis.
532 1823 664 1855 Casaub.
709 1823 778 1854 Vel
800 1824 849 1854 ita

141 1870 239 1909 dicit,
255 1870 335 1911 quia
361 1870 500 1901 ambitio
524 1871 692 1913 hominem
707 1881 774 1902 non
802 1871 849 1903 fa-

141 1921 207 1952 cile
235 1921 317 1952 sinit
346 1922 637 1962 quiescere.——Et‚
657 1923 728 1964 φὴ]
755 1923 849 1954 Sole-

143 1971 228 2003 bant
250 1973 423 2004 ambitiosi
436 1974 536 2013 ludis,
553 1974 849 2014 viscerationibus,

142 2022 336 2064 congiariis,
380 2028 414 2054 et
448 2024 700 2065 largitionibus,
732 2025 848 2066 populi

143 2073 285 2114 gratiam
303 2079 456 2115 captare.
480 2075 596 2106 Lubin.

188 2125 250 2154 178
274 2124 423 2162 Rixanti,
448 2125 518 2165 ξω]
548 2125 590 2156 In
616 2125 770 2166 legendis
801 2125 848 2156 le-

143 2173 333 2215 guminibus
361 2175 452 2205 inter
479 2185 515 2206 se
541 2175 681 2216 rixanti,
707 2181 848 2207 conten·

143 2222 253 2263 denti,
285 2227 320 2254 et
344 2224 709 2265 litiganti.—Floralia]
747 2226 849 2257 Festa

142 2274 177 2306 in
205 2275 367 2307 honorem
399 2275 508 2306 Florae
535 2276 728 2308 meretricis
754 2277 849 2308 insti-

143 2328 231 2365 tuta,
245 2325 414 2365 obscoena,
431 2329 467 2356 ct
487 2325 635 2357 infanda.
681 2327 767 2358 Erat
790 2337 848 2358 au·

144 2380 212 2406 tem
230 2376 326 2407 Flora
352 2377 441 2417 Dea,
464 2387 538 2418 quae
552 2376 690 2409 floribus
707 2382 848 2419 praeest,

144 2429 181 2458 et
210 2425 439 2466 leguminibus
467 2427 602 2458 colitur.
661 2428 718 2459 De
754 2428 849 2468 cujus

144 2475 311 2507 obscoenis
328 2476 431 2507 sacris
458 2477 536 2508 vide
559 2478 720 2509 Lactant.
747 2487 772 2510 1.
794 2481 849 2510 20.

144 2525 256 2558 Lubin.
300 2526 369 2558 Sed
394 2527 448 2559 hic
470 2527 709 2569 intelliguntur
733 2538 848 2561 omnes

144 2577 301 2610 ludorum
323 2580 468 2620 species,
492 2590 574 2621 quos
603 2580 751 2612 edebant
774 2581 849 2612 Ma-

145 2628 323 2669 gistratus,
337 2631 539 2670 popularem
551 2632 697 2672 gratiam
709 2636 849 2673 captan-

148 2683 213 2712 tes.
244 2679 377 2710 Casaub.

190 2730 253 2760 179
274 2727 396 2768 Aprici,
415 2729 488 2769 ξω]
540 2729 662 2763 Solent
687 2740 784 2763 senes
812 2730 848 2762 in

233 2781 349 2823 Delph.
363 2783 394 2812 et
413 2781 490 2813 Var.
507 2783 593 2814 Clas.

1515 151 1602 196 ‘273

897 257 969 289 sole
984 257 1124 290 hiberno
1140 257 1334 298 apricantes
1349 256 1401 290 καὶ
1413 256 1603 298 εῖληθεροῦν·

894 319 946 338 τες
961 308 1051 339 circa
1064 307 1241 340 meridiem
1254 308 1429 348 calidiore,
1442 308 1484 341 dc
1501 307 1602 349 nugis

895 359 959 389 lioc
975 369 1079 399 genus
1103 359 1254 399 garrire:
1279 360 1369 391 unde
1398 360 1603 392 Graecorum

896 411 1111 450 proverbium
1125 410 1333 451 μεσημβρινὸς
1346 412 1451 452 λῆρος.
1469 409 1605 442 Casaub.

898 460 1030 491 Turneb.
1049 469 1109 492 xx.
1128 463 1302 502 1.—Quid,
1318 460 1385 502 δῖα]
1414 463 1525 495 Quam
1541 470 1602 502 po-

896 511 975 550 pulo
1003 511 1153 551 placere,
1179 516 1213 542 et
1246 513 1279 543 iu
1312 512 1535 544 admiratione
1565 514 1603 544 et

896 561 1004 601 gratia
1017 571 1100 592 esse.
1120 561 1270 593 Ironice.
1296 562 1409 593 Lubin.

939 613 1001 641 180
1025 610 1176 651 Herodis,
1203 613 1272 654 Sym]
1323 612 1481 644 Herodes
1511 611 1604 653 apud

894 661 1033 694 Judaeos
1058 663 1214 703 regnavit
1234 664 1444 704 temporibus
1469 662 1604 704 Augus·

897 712 934 751 ti,
948 712 980 742 in
997 712 1152 752 partibus
1164 713 1282 753 Syriae.
1320 713 1508 744 Herodiani
1520 722 1604 755 ergo

896 762 985 794 diem
1003 764 1151 793 natalem
1177 763 1326 794 Herodis
1350 763 1547 804 observant,
1563 768 1604 796 ut

896 814 999 845 etiam
1015 813 1183 845 Sabbata:
1210 824 1276 855 quo
1300 814 1354 845 die
1371 815 1526 844 lucernas
1549 823 1604 845 ac-

896 873 1027 902 censas,
1041 868 1076 894 et
1089 863 1186 894 violis
1203 869 1382 894 coronatas
1398 864 1431 893 in
1444 863 1604 895 fenestris

898 918 1041 955 ponunt.
1071 915 1140 945 Vet.
1153 914 1414 945 Sem—Herodis
1425 914 1503 954 dies]
1520 914 1605 945 Per-

882 163 988 197 SAT.
1020 162 1066 194 V.

898 966 966 997 sius
995 965 1037 996 de
1067 965 1313 1006 superstitione
1336 965 1391 996 liic
1416 975 1532 1006 agens,
1547 974 1605 996 ex-

897 1016 1009 1057 empla
1049 1016 1147 1056 ponit
1177 1025 1293 1046 eorum
1324 1015 1509 1053 hominum,
1546 1014 1605 1056 qui

895 1066 1050 1099 judaicis
1066 1070 1126 1097 aut
1144 1065 1303 1097 Asiaticis
1329 1070 1365 1097 et
1387 1065 1603 1106 AEgyptiacis

896 1117 1014 1148 ritibus
1032 1118 1149 1148 Romae
1168 1119 1368 1153 uterentur3
1389 1115 1537 1148 ,Iudaica
1550 1124 1605 1146 re-

897 1168 978 1209 ligio
1015 1169 1133 1198 Romae
1173 1167 1353 1207 peregrina
1388 1166 1605 1205 censebatur,

896 1218 973 1249 solis
993 1218 1123 1250 Judaeis
1146 1218 1264 1249 urbem
1287 1217 1512 1248 incolentibus
1528 1226 1607 1258 per-

895 1269 1009 1300 missa.
1054 1269 1194 1300 Herodis
1216 1268 1293 1307 dies,
1321 1272 1401 1299 sunt
1425 1267 1497 1298 dies
1521 1276 1604 1309 quos

896 1318 981 1350 colit
993 1319 1137 1359 populus
1161 1319 1218 1360 qui
1235 1318 1366 1349 Herodi
1384 1317 1520 1358 paruit:
1545 1317 1617 1355 δυο,

896 1368 962 1400 daei
986 1378 1120 1409 nempe.
1165 1368 1233 1399 Sed
1264 1372 1407 1409 praestat
1438 1367 1606 1408 interpre-

897 1420 963 1451 tari
993 1420 1036 1451 de
1075 1419 1212 1460 propria
1240 1419 1374 1450 illorum
1405 1417 1606 1450 Judaeorum

898 1475 1005 1510 secta,
1021 1471 1078 1511 qui
1101 1470 1144 1501 ab
1161 1469 1301 1501 Herode
1319 1479 1452 1509 magno,
1469 1468 1604 1509 pridem

898 1521 970 1551 vita
995 1519 1176 1560 defuncto,
1193 1519 1380 1551 Herodiani
1403 1523 1482 1551 sunt
1505 1519 1604 1559 dicti,

900 1570 957 1611 qui
983 1570 1157 1602 Herodem
1181 1580 1242 1611 pro
1267 1570 1403 1602 Christo
1430 1569 1605 1602 colebant.

898 1622 978 1653 Dies
991 1631 1073 1662 ergo
1099 1621 1252 1661 Herodis,
1281 1621 1435 1662 appellat
1456 1621 1606 1652 natalem

899 1673 989 1704 diem
1008 1673 1170 1714 Herodis,
1196 1684 1263 1705 non
1287 1673 1425 1714 quidem
1442 1682 1535 1703 verae
1551 1683 1606 1711 ’γε-

899 1722 1020 1764 νέσεως,
1046 1724 1106 1755 sed
1130 1724 1282 1765 suscepti
1307 1724 1401 1765 regni
1428 1723 1518 1764 apud
1545 1723 1607 1756 Ju-

899 1774 1011 1805 daeos:
1050 1784 1127 1805 nam
1153 1778 1189 1806 et
1216 1774 1265 1805 illi
1293 1774 1365 1805 dies
1392 1774 1605 1804 vocabantur

898 1825 1042 1855 natales.
1069 1824 1420 1864 Casaub.—-Unctaque,
1435 1823 1503 1864 ⁸5⁶]
1529 1823 1605 1854 Μο-

899 1875 978 1906 dum
994 1876 1156 1915 ostendit,
1173 1885 1238 1917 quo
1254 1876 1311 1906 ille
1335 1875 1409 1906 dies
1423 1875 1466 1906 ab
1494 1874 1606 1905 Hero-

900 1924 1008 1956 dianis
1021 1925 1205 1956 colebatur.
1250 1925 1410 1957 Omnium
1423 1934 1510 1965 pene
1524 1932 1606 1964 gen-

899 1975 984 2005 tium
1007 1975 1192 2006 communis
1208 1974 1274 2007 fuit
1298 1975 1395 2015 ritus,
1422 1974 1465 2005 ad
1488 1973 1605 2015 gaudii

898 2023 1176 2064 significationem
1198 2025 1303 2064 ignem
1326 2026 1507 2056 accendere:
1539 2033 1605 2055 nec

899 2075 1006 2106 solum
1019 2075 1055 2106 in
1068 2075 1202 2115 templis
1217 2075 1343 2106 lumina
1356 2074 1606 2115 accendebant,

899 2124 958 2155 sed
987 2124 1092 2156 etiam
1108 2124 1198 2155 domi
1225 2124 1369 2166 quisque
1393 2134 1475 2164 suae,
1495 2133 1605 2165 eaque

892 2175 1008 2216 januis
1024 2185 1063 2207 ac
1079 2174 1239 2207 fenestris
1256 2175 1507 2216 appendebant.
1542 2175 1604 2205 Ca-

897 2225 985 2256 saub.
1018 2225 1153 2257 Turneb.
1176 2233 1273 2256 xxn.
1298 2228 1349 2257 12.
1398 2226 1500 2256 Uncta
1523 2233 1604 2265 ergo

899 2275 984 2306 dicit
999 2275 1041 2306 ob
1058 2275 1183 2312 oleum,
1200 2275 1291 2316 quod
1315 2285 1358 2306 ex
1379 2274 1527 2306 lucernis
1549 2284 1607 2305 ex·

900 2326 1038 2357 udabat.
1071 2326 1186 2357 Lubin.

947 2379 1004 2407 181
1029 2375 1215 2417 Dispositae]
1250 2376 1291 2407 In
1314 2375 1466 2408 fenestra
1484 2375 1605 2408 ordine

899 2426 1034 2467 positae,
1061 2431 1097 2458 et
1118 2426 1514 2467 ordinatae.—Pinguem]
1541 2427 1607 2458 Lu·

899 2485 974 2507 cem
989 2486 1066 2508 cum
1083 2477 1201 2517 pingui
1213 2477 1339 2509 nebula
1351 2482 1409 2509 aut
1421 2476 1514 2508 fumo
1525 2475 1606 2508 emi·

897 2527 1230 2569 serint.——Vomuere]
1257 2527 1340 2568 Pro,
1355 2528 1517 2559 Emisere.

944 2579 1005 2609 182
1028 2578 1208 2618 Ρονίαηίεε,
1245 2577 1313 2618 ξω]
1357 2576 1472 2608 Graeci
1500 2574 1604 2615 scrip-

900 2631 992 2660 tores
1005 2628 1256 2660 celebrationes
1281 2627 1348 2657 diei
1371 2626 1453 2657 festi
1473 2624 1602 2655 duabus

901 2679 1042 2710 vocibus
1073 2679 1251 2719 designare
1281 2677 1402 2716 solent,
1431 2673 1511 2715 φωσὶ
1551 2672 1604 2706 καὶ

901 2729 1132 2771 στεφανώμασι,
1141 2727 1322 2760 luminibus
1337 2730 1373 2759 et
1387 2734 1603 2760 coronamen-

843 2782 936 2816 Pers.
1491 2777 1514 2809 S
