1888 3032
708 154 890 185 ‚sm-lus
942 153 986 182 v.
1493 139 1578 180 1:35

124 254 194 296 Ne
213 254 340 296 liceat
361 253 504 294 facere
527 251 586 301 id,
607 249 723 304 quod
744 250 844 303 quis
864 246 1041 288 vitiabit
1062 244 1243 298 agendo.

123 321 313 363 Publica
331 322 404 362 lex
422 321 643 361 hominum
663 322 899 371 naturaque
922 316 1112 356 continet
1131 314 1214 355 hoc
1236 314 1316 364 fas,

124 389 186 430 Ut
206 393 348 432 teneat
368 390 523 430 vetitos
547 387 722 429 inscitia
743 385 900 426 debilis
921 388 1060 424 actus.

124 456 272 497 Diluis
291 457 575 505 helleborum,
597 458 715 496 certo
735 464 1015 506 compescere
1045 454 1208 504 puncto
1498 450 1582 491 100

123 577 201 607 clam
215 578 247 608 in
273 587 377 608 aurem
403 577 589 614 insusurrat,
616 578 649 606 ut
677 575 796 606 licitum
811 583 869 605 non
884 573 927 603 sit
942 581 1035 612 agere
1056 571 1147 609 illud,
1171 572 1250 611 quod
1271 570 1417 609 faciendo
1433 570 1583 611 quispiam

123 624 308 660 corrumpet.
351 620 412 650 Jus
439 628 595 650 commune
615 618 771 648 hominum
794 620 824 648 et
851 619 963 647 natura
988 614 1201 654 complectitur
1215 614 1309 644 istam
1324 615 1432 652 legem,
1450 616 1482 644 ut
1499 613 1586 653 igno-

123 663 228 694 rantia
244 664 392 703 impotens
406 661 559 693 abstineat
575 661 613 692 ab
628 660 801 692 actionibus
821 659 882 690 sibi
903 657 1083 700 prohibitis.
1129 656 1165 687 Si
1180 656 1364 687 helleborum
1390 656 1509 696 ndsces,
1526 657 1583 687 im-

740 763 972 776 eeeeeeeeeeee

126 835 167 864 96
187 833 293 872 garrit
308 833 375 864 Ms.
393 833 521 864 R.——97
547 834 619 864 Non
634 834 727 864 liccat
743 834 812 867 Ms.
828 834 904 866 Gal.
919 834 1045 866 vitiatit
1061 834 1129 866 Ms.
1147 833 1190 866 R.
1204 837 1239 866 et
1256 834 1295 865 C.

789 921 930 953 NOTAE

128 982 199 1021 bet,
215 982 358 1023 Ajacem
386 993 466 1014 vero
491 993 670 1024 procerum
687 988 722 1016 et
739 985 831 1015 stoli·
885 985 1035 1026 Pingere
1063 983 1283 1025 aggrediatur
1303 982 1425 1022 faber3
1460 982 1590 1024 lapides

128 1032 277 1064 diorem:
305 1033 392 1065 unde
415 1034 582 1075 Apuleius
609 1035 630 1065 l.
657 1044 692 1068 x.
715 1036 724 1051 ‘
738 1036 831 1067 Prae-
885 1046 1002 1068 secare
1018 1040 1053 1067 et
1070 1040 1188 1076 aptare
1206 1034 1375 1073 rusticus3
1404 1033 1538 1065 hortum
1556 1040 1592 1065 et

128 1083 238 1115 fertur
258 1085 395 1125 Ulysses
421 1085 574 1117 modicus
601 1085 704 1128 Ajaci
729 1087 832 1119 maxi-
883 1086 1005 1119 florum
1033 1087 1163 1118 areolas
1179 1085 1360 1126 disponere
1385 1084 1592 1123 statuarius3

128 1137 208 1168 mo.’
889 1138 964 1178 plus
978 1137 1116 1168 nocebit
1130 1146 1248 1168 eornm
1262 1145 1377 1176 opera,
1387 1146 1488 1177 quam
1497 1135 1594 1175 juva-

171 1191 213 1219 96
237 1188 307 1219 Stat
324 1193 431 1221 contra
451 1189 548 1231 ratio]
581 1190 719 1222 Debent
741 1191 832 1222 enim
892 1187 959 1220 bit:
978 1188 1078 1218 immo
1091 1187 1179 1218 alter
1191 1187 1330 1217 alterius
1342 1195 1427 1228 opus
1445 1186 1530 1217 bene
1545 1185 1592 1216 in-

129 1237 266 1270 fabrilia
282 1239 368 1271 fabri
394 1246 555 1281 tractare,
571 1241 614 1273 de
633 1242 740 1273 bobus
760 1252 832 1273 ara-

129 1295 183 1321 tor
197 1300 347 1332 narrare,
360 1301 422 1323 nec
438 1292 528 1323 ultra
541 1292 714 1333 crepidam
729 1297 835 1331 sutor,

130 1350 194 1372 nec
217 1341 327 1382 quivis
358 1342 445 1373 alter
467 1343 555 1374 ultra
591 1353 690 1384 quam
715 1343 836 1374 didicit

131 1396 252 1423 artem.
298 1393 370 1425 Cic.
396 1394 497 1425 Tusc.
526 1395 657 1426 Quaest.
683 1403 708 1424 1.
731 1393 836 1424 Athe-

132 1450 225 1472 naeus
255 1451 338 1473 vm.
375 1446 426 1474 10.
463 1442 571 1475 refert
606 1444 834 1475 Stratonicum

134 1491 367 1523 Citliaroedum
397 1493 482 1534 Regi
507 1493 695 1525 Ptolemaeo
723 1494 764 1525 de
792 1493 837 1525 ci-

132 1542 318 1572 tliarisandi
345 1547 417 1574 arte
444 1542 623 1575 ambitiose
647 1544 837 1584 disputanti

133 1593 366 1632 respondisse3
383 1595 411 1624 Ο
421 1594 503 1635 Rex,
514 1595 601 1625 aliud
616 1597 661 1625 est
673 1598 840 1635 sceptrum,

131 1643 216 1673 uliud
226 1644 391 1683 plectrum.

177 1694 223 1725 Et
237 1698 384 1726 secretam
395 1696 502 1735 gar-rit
526 1696 559 1727 in
585 1697 705 1738 aurem]
728 1696 838 1736 Intus,

134 1743 168 1775 in
194 1745 304 1776 animo
332 1756 400 1777 suae
425 1747 546 1777 indolis
573 1747 708 1778 conscio
732 1747 837 1778 recla-

134 1800 217 1834 mat,
233 1801 414 1837 monetque
438 1798 585 1828 Damam
613 1807 748 1838 semper
764 1807 837 1829 esse

134 1845 299 1883 Damam3
316 1850 351 1876 et
365 1855 464 1877 servo
477 1847 644 1886 servilem,
657 1847 840 1887 abjectum,

135 1904 280 1936 nequam
296 1895 371 1926 fore
387 1905 521 1937 semper
537 1897 695 1928 animum.
726 1897 839 1928 Altius

135 1947 456 1987 interpretationem
470 1947 593 1987 promit
603 1947 840 1986 Casaubonus;

137 2007 180 2028 an
195 2002 230 2029 et
252 1998 384 2028 verius?
418 1997 585 2029 Nimirum
610 1997 840 2038 Philosophiae

136 2049 261 2079 Stoicae
278 2054 413 2080 austera
440 2049 528 2079 ratio
553 2049 641 2079 clam
668 2049 841 2088 admonet,

139 2099 217 2140 quia
233 2100 324 2139 apud
343 2100 475 2140 plebem
503 2105 538 2130 et
563 2100 731 2131 Proceres
754 2101 842 2131 male

141 2150 324 2190 accipitur,
339 2150 406 2180 suis
423 2151 574 2181 volentes
592 2151 769 2191 indulgere
785 2160 842 2182 cu-

142 2201 355 2241 piditatibus,
381 2201 471 2242 quod
496 2201 551 2231 illa
579 2205 683 2232 vetat.
742 2201 842 2232 Unde

140 2251 272 2282 nonnisi
298 2250 480 2281 subtimide
502 2250 585 2290 agit,
603 2260 730 2292 suaque
756 2252 843 2282 clam

142 2301 301 2342 proponit
317 2301 489 2341 dogmata.

188 2350 325 2390 Gunnit]
350 2351 486 2390 Legunt
509 2350 579 2389 alii,
602 2350 728 2382 Gorrit.
763 2350 847 2381 Pro-

142 2402 217 2441 prie
233 2401 386 2440 garriunt
409 2409 488 2430 aves
538 2400 656 2440 vulpes
683 2407 795 2430 autem
813 2404 849 2431 et

143 2460 245 2482 canes
261 2450 437 2490 ganniunt,
454 2450 532 2481 dum
549 2450 684 2482 levibus
705 2451 848 2482 susurris

146 2502 241 2542 quasi
259 2506 410 2543 gemunt.

189 2557 229 2585 97
257 2555 305 2585 Ne
331 2554 421 2585 liceat
439 2552 561 2594 facere,
581 2553 649 2593 gc]
679 2553 727 2584 Ut
750 2563 847 2585 nemo

148 2602 210 2633 sibi
226 2608 348 2643 negata
361 2607 484 2635 tentet.
528 2602 624 2634 Alias
641 2604 741 2643 enim,
757 2604 848 2645 quod

148 2652 197 2683 ait
226 2653 376 2693 Persius,
405 2654 531 2686 vitiabit
557 2655 687 2694 agendo.
747 2653 847 2687 Quod

149 2702 284 2743 quidem
326 2713 460 2745 semper
505 2705 630 2736 accidit
667 2704 847 2746 imperitis.

890 1239 1048 1270 choatum
1066 1237 1250 1279 disperdet.

933 1291 975 1319 98
1010 1288 1141 1319 Publica
1167 1289 1218 1319 lex
1246 1287 1413 1326 hominum,
1436 1285 1502 1326 85⁶]
1529 1285 1593 1316 Ex-

889 1339 1011 1380 politio
1021 1342 1073 1370 est
1083 1338 1205 1379 prioris
1218 1337 1411 1369 sententiae.
1438 1337 1516 1368 Hoc
1531 1341 1595 1374 est,

890 1389 924 1420 id
941 1399 1007 1420 non
1023 1389 1176 1420 continet
1202 1388 1339 1420 rubrica
1358 1386 1513 1425 Masurii,
1531 1396 1594 1418 nce

889 1441 1030 1481 scripta,
1047 1440 1107 1472 sed
1123 1445 1206 1471 nata
1218 1440 1274 1470 lex
1290 1438 1480 1479 nobiseum,
1497 1438 1596 1470 adeo-

890 1501 954 1533 que
970 1492 1003 1522 in
1017 1491 1082 1522 hoc
1107 1490 1328 1522 consentiunt
1352 1499 1468 1521 omnes
1493 1489 1597 1520 homi-

890 1551 962 1582 nes,
978 1542 1068 1582 quod
1094 1547 1129 1572 et
1152 1545 1284 1572 naturae
1302 1541 1416 1570 lumen
1432 1539 1597 1579 ostendit,

893 1593 1015 1633 etjure
1032 1592 1182 1633 gentium
1200 1595 1334 1622 cautum
1352 1594 1415 1621 est.

935 1645 978 1674 99
1005 1643 1047 1673 Ut
1074 1643 1177 1673 teneat
1202 1640 1325 1678 vetitos,
1348 1639 1417 1680 Era]
1445 1639 1494 1670 Ut
1510 1638 1598 1680 quis·

894 1703 959 1735 que
976 1692 1147 1724 abstineat
1173 1701 1192 1722 a
1215 1689 1386 1722 moliendo
1413 1699 1454 1721 eo
1481 1699 1598 1730 opere,

894 1744 984 1786 quod
998 1743 1130 1784 agendo
1147 1753 1186 1773 ac
1205 1740 1368 1774 tentando
1381 1739 1503 1771 vitiare
1520 1749 1598 1771 con-

894 1795 1017 1835 tinget,
1043 1794 1086 1824 ob
1112 1793 1280 1824 inscitiam
1309 1790 1369 1827 rei,
1396 1790 1440 1821 ob
1466 1789 1603 1830 imperi-

893 1845 986 1882 tiam,
1002 1844 1155 1885 adeoque
1172 1841 1406 1883 impotentiam
1425 1841 1494 1882 ejus
1512 1851 1598 1882 prae-

895 1894 1038 1926 standae.

938 1947 1000 1975 100
1039 1944 1148 1974 Diluis
1184 1942 1382 1982 helleborum]
1421 1941 1598 1982 Exemplis

895 1993 1073 2026 confirmat
1103 1994 1237 2025 Stoicus
1275 1993 1366 2034 quod
1403 1992 1503 2023 dixit.
1562 1991 1598 2022 Si

896 2045 1113 2086 pharmacum
1137 2049 1172 2075 et
1203 2044 1432 2085 periculosum
1450 2041 1600 2083 quidem,

897 2096 995 2138 quale
1011 2100 1064 2127 cst
1078 2095 1298 2131 helleborum,
1311 2099 1502 2134 temperare
1518 2092 1603 2123 velit

897 2157 936 2178 ac
963 2156 1160 2187 praeparare
1184 2145 1350 2186 quispiam
1375 2143 1524 2175 Medicae
1549 2142 1599 2173 rei

897 2198 1046 2239 ignarus,
1082 2196 1242 2228 adversus
1272 2205 1349 2227 eum
1379 2194 1505 2225 clamat
1544 2192 1600 2223 lex

896 2248 1067 2280 medendi.

943 2297 1158 2338 Helleborwn]
1175 2297 1295 2329 Herba
1311 2300 1362 2327 est
1378 2294 1604 2333 medicinalis,

901 2348 944 2379 de
972 2358 1038 2389 qua
1059 2348 1133 2389 jam
1160 2354 1241 2378 ante
1268 2356 1333 2377 uon
1357 2346 1472 2377 semel.
1515 2345 1605 2376 Vide

902 2399 994 2430 Gell.
1010 2408 1104 2431 xvu.
1121 2401 1172 2429 15.
1217 2399 1263 2429 Et
1284 2396 1375 2428 Plin.
1392 2404 1482 2426 xxv.
1498 2399 1530 2426 5.
1546 2395 1604 2426 ubi

902 2454 1056 2482 recenset
1068 2448 1233 2480 hellebori
1249 2447 1393 2489 species,
1407 2446 1485 2484 vim,
1496 2455 1603 2476 usum.

948 2502 1042 2532 Certo
1077 2508 1261 2540 compescere
1305 2500 1418 2539 puncto
1467 2494 1603 2534 nescius]

901 2551 910 2568 ‘
928 2552 1006 2583 Non
1029 2550 1070 2581 ad
1087 2550 1262 2588 trutinam,
1288 2547 1347 2578 sed
1373 2546 1414 2576 ad
1441 2548 1604 2575 stateram

902 2602 1033 2641 retulit,
1048 2611 1124 2642 quae
1151 2598 1287 2641 punctis
1314 2601 1350 2627 et
1373 2594 1478 2625 unciis
1493 2593 1606 2633 signa·

901 2655 978 2686 tur.'
1021 2655 1168 2685 Veteres
1184 2651 1294 2682 Gloss.
1352 2647 1416 2677 Est
1430 2644 1518 2676 enim
1535 2649 1604 2676 sta-

903 2711 991 2747 tera,
1005 2705 1095 2737 libra
1111 2703 1181 2735 sine
1199 2697 1362 2732 lancibus.
