1888 3032
253 159 339 204 176

761 168 807 198 A.
841 167 1001 199 FERSII
1036 167 1211 200 FLACCI

251 267 369 309 Haec
390 266 529 307 cinere
549 262 725 305 ulterior
743 262 946 303 metuas?
980 266 1024 303 at
1045 266 1106 312 tu,
1128 275 1250 303 meus
1270 262 1409 304 haeres

250 333 463 387 Quisquis
484 332 584 381 eris,
606 330 786 385 paulum
806 342 833 370 a
852 330 978 370 turba
997 326 1215 370 seductior
1237 329 1356 370 audi.

251 400 290 442 O
311 401 439 449 bone,
460 412 562 439 num
583 397 785 451 ignoras'l
817 398 958 438 missa
977 402 1044 438 est
1065 410 1091 437 a
1113 396 1291 438 Caesare
1308 397 1455 438 laurus

249 528 332 559 ‘ultra
347 523 486 557 cineres?
513 526 560 557 Tu
574 536 645 557 vero
668 526 846 567 quicumque
853 525 987 565 futurus
1008 535 1040 557 es
1053 535 1138 557 meus
1149 524 1260 565 hoeres,
1275 524 1427 566 tantisper
1438 526 1573 555 remotus
1587 534 1605 555 α
1617 523 1716 565 plebe,

249 570 400 602 ausculta.

862 669 977 681 ““““

447 570 476 600 0
493 568 568 601 bone
584 569 646 611 vir,
661 579 702 601 an
717 568 803 601 illud
818 567 939 601 nescis?
962 570 1139 610 Imperator
1163 569 1250 600 misit
1265 569 1385 599 laurum
1401 567 1437 598 ob
1453 570 1591 606 stragem
1606 577 1716 599 one-mo·

983 670 1096 682 eeeeee

913 850 1054 883 NOTAE

245 932 391 966 miscere
407 931 496 973 pulti
512 935 693 974 coeperunt
712 932 860 973 adipem,
876 937 956 964 ante

245 982 510 1025 simplicioribus
552 982 705 1014 contenti
733 983 829 1014 cibis.
873 983 954 1015 Juv-

243 1035 318 1066 Sat.
336 1043 386 1066 xr.
403 1044 452 1065 vs.
471 1037 524 1064 79.
571 1035 579 1050 ‘
598 1034 678 1074 Ipse
695 1033 781 1064 focis
797 1033 954 1065 brevibus

244 1084 396 1126 ponebat
421 1085 580 1123 oluscula,
604 1095 678 1125 quae
695 1094 785 1115 nunc
809 1085 953 1125 Squalli-

245 1135 307 1166 dus
336 1136 370 1166 in
397 1144 519 1175 magna
543 1134 678 1166 fastidit
702 1135 870 1176 compede
884 1134 952 1167 fos-

244 1185 323 1217 sor!

291 1236 453 1276 [snguine]
482 1237 626 1276 Unguen,
648 1240 807 1276 unctura,
834 1236 951 1268 condi-

244 1291 409 1318 mentum.
432 1288 440 1303 ‘
458 1288 576 1318 Solent
598 1287 727 1326 rustici,
745 1297 822 1318 cum
838 1288 950 1319 oleum

241 1336 404 1378 defuerit,
428 1338 597 1379 pecudum
622 1338 723 1379 adipe
755 1338 789 1368 in
819 1339 948 1379 pultem

241 1391 356 1431 misso,
385 1401 447 1432 pro
478 1391 552 1422 olco
584 1391 663 1431 uti3'
702 1391 814 1432 inquit
847 1395 946 1422 vetus

241 1441 376 1474 Glossa.

282 1493 408 1533 Pultes]
431 1491 534 1522 Cibus
561 1496 636 1523 erat
661 1492 909 1524 vetustissimus
930 1502 948 1523 e

239 1541 351 1574 farina
367 1547 402 1573 et
417 1552 525 1583 aqua3
550 1542 720 1574 interdum
735 1548 771 1574 et
784 1553 826 1573 ex
839 1552 949 1584 caseo,

240 1593 353 1633 melle,
378 1597 412 1623 et
432 1593 509 1627 ovis
535 1593 703 1625 decoctis,
729 1594 890 1624 Romanis
914 1604 948 1625 o-

239 1644 299 1675 lim
316 1653 378 1684 pro
396 1653 483 1683 pane
507 1643 573 1674 fuit
598 1644 688 1683 puls:
724 1645 814 1676 Plin.
837 1654 947 1676 xvnl.

237 1696 270 1725 8.
301 1698 336 1724 et
363 1694 478 1724 Valer.
515 1694 659 1724 Maxim.
688 1703 728 1724 11.
757 1698 787 1724 5.
833 1694 946 1725 Pultis

239 1747 353 1774 antem
370 1745 469 1783 paulo
491 1743 632 1774 diversae
648 1744 802 1775 meminit
818 1744 945 1776 Athen.

239 1802 316 1826 xlv.
342 1797 392 1825 15.
420 1799 455 1824 et
481 1797 532 1825 16.
579 1794 800 1825 Casaubonus
824 1794 945 1826 adhoc

238 1854 270 1877 c.
288 1848 339 1876 15.
363 1844 487 1875 Athen.
504 1845 611 1875 multa
627 1855 685 1875 suo
701 1855 794 1876 more
813 1845 947 1886 profert

238 1895 425 1926 reconditae
453 1894 674 1932 e1·uditionis;
709 1898 746 1925 et
763 1894 945 1926 discrimen

236 1945 335 1985 ponit
347 1945 436 1975 inter
451 1944 571 1975 πόλτον
587 1945 787 1976 Graecorum
801 1955 818 1976 e
835 1945 947 1977 farina

237 1993 382 2026 fabacea
404 2000 549 2034 tantum,
567 2001 603 2027 et
620 1995 849 2026 Romanorum
875 1997 947 2036 pul-

237 2049 318 2084 tem⁷
334 2055 434 2085 quain
459 2046 592 2077 Graecis
616 2046 769 2086 ignotam
783 2045 886 2077 fuisse
903 2057 945 2078 ex

238 2096 352 2128 Plinio
370 2097 527 2138 affirmat,
544 2103 577 2129 ct
603 2100 656 2129 cui
674 2100 779 2130 multa
795 2100 861 2131 alia
886 2100 944 2131 ad-

235 2147 477 2179 miscebantur.

278 2201 319 2229 41
348 2199 426 2229 Hac
440 2199 542 2229 cinere
571 2199 703 2230 ulterior
725 2201 857 2240 metuas]
886 2201 942 2231 In-

235 2249 347 2289 surgit
384 2249 417 2279 in
455 2259 592 2280 avarum
630 2250 760 2281 Porta:
808 2251 943 2282 scilicet

236 2298 334 2329 times
347 2309 421 2340 qua*
440 2299 502 2330 tibi
519 2305 652 2331 mortuo
669 2306 748 2331 sunt
764 2306 941 2332 eventura.

236 2347 268 2378 O
287 2348 424 2386 stultus,
444 2349 498 2388 qui
516 2356 590 2389 post
608 2355 749 2381 mortem
770 2353 942 2383 lraeredem

235 2397 376 2428 metuis!
402 2399 526 2429 Horat.
549 2400 623 2429 loco
640 2406 719 2431 ante
736 2401 792 2432 cit.
839 2403 847 2418 ‘
866 2403 941 2433 Nec

236 2452 383 2478 metuam
402 2448 481 2488 quid
512 2449 553 2478 de
579 2459 631 2479 me
653 2450 788 2489 judicet
811 2451 943 2491 haeres,'

235 2499 301 2528 «Sec.
324 2498 447 2532 Virgil.
465 2497 538 2529 AEn.
556 2508 596 2528 11.
632 2502 640 2515 ‘
661 2500 785 2530 Facilis
802 2502 942 2541 jactura

233 2547 381 2589 sepulcri
399 2550 472 2579 est!

281 2598 410 2640 Cinere]
443 2600 582 2630 Cineres
615 2599 711 2639 dicit,
737 2600 814 2641 quia
841 2600 940 2631 cada—

238 2659 321 2680 vera
345 2650 645 2691 comburebantur,
659 2654 697 2682 ut
714 2655 794 2683 aute
810 2651 939 2683 dictum

234 2705 300 2732 est.

1053 936 1099 965 At
1114 936 1161 973 tu,
1179 943 1265 965 meus
1275 933 1387 974 hcm-es]
1423 932 1468 965 At
1485 942 1549 974 ego
1565 942 1631 965 non
1647 943 1715 965 me-

1012 988 1070 1015 tuo
1083 985 1228 1015 haeredis
1245 984 1364 1024 minas,
1378 984 1459 1025 quin
1481 984 1531 1015 illi
1548 984 1611 1026 ipsi
1627 985 1714 1016 occi-

1008 1045 1052 1066 no
1065 1040 1194 1067 sumtus
1208 1046 1228 1066 a
1242 1045 1295 1067 me
1314 1034 1498 1066 faciendos.

1050 1089 1092 1116 42
1115 1086 1249 1117 Paulum
1265 1097 1284 1116 α
1306 1085 1398 1117 turba
1421 1086 1587 1126 seductior]
1612 1087 1716 1118 Post-

1007 1136 1126 1176 positis
1144 1141 1180 1167 et
1195 1137 1365 1176 neglectis
1377 1137 1471 1177 vulgi
1485 1137 1714 1179 opinionibus,

1005 1187 1211 1227 ignorantia,
1229 1187 1317 1218 odio.
1342 1186 1437 1218 Pers.
1454 1187 1527 1218 Sat.
1544 1197 1577 1218 v.
1594 1197 1643 1219 VS.
1659 1190 1712 1219 96.

1006 1237 1015 1253 ‘
1033 1238 1208 1268 Secretam
1225 1238 1344 1277 gannit
1360 1237 1393 1267 in
1408 1237 1547 1270 aurem?

1048 1289 1089 1318 43
1116 1288 1145 1318 O
1163 1288 1248 1327 bone,
1266 1297 1337 1318 num
1350 1287 1493 1328 ignoras]
1516 1286 1658 1319 Adeone
1675 1297 1712 1319 es

1003 1337 1180 1378 imperitus
1197 1348 1323 1377 rerum,
1336 1343 1372 1369 ut
1388 1338 1522 1378 ignores
1537 1348 1611 1379 quae
1629 1339 1712 1380 pub-

1003 1388 1279 1429 licejactantur?
1315 1389 1436 1420 Nescis
1453 1389 1578 1419 nemini
1607 1390 1713 1421 licere

1002 1449 1069 1470 non
1086 1449 1158 1470 esse
1175 1439 1350 1470 liberalem
1368 1439 1400 1469 in
1415 1439 1539 1470 laetitia
1563 1449 1712 1478 commu-

1003 1490 1050 1530 ni,
1066 1494 1102 1521 et
1117 1490 1263 1531 jubente
1278 1489 1543 1521 munificentiam
1560 1490 1712 1531 Impera-

1004 1541 1100 1573 tore?

1047 1592 1149 1622 Missa
1175 1595 1219 1622 est
1240 1602 1259 1622 a
1285 1593 1409 1622 Casare
1435 1590 1557 1630 laurus]
1586 1592 1710 1623 Nescis

1004 1642 1123 1673 Caium
1151 1642 1338 1683 Caligulam
1373 1642 1504 1673 misisse
1532 1642 1575 1673 ad
1603 1644 1634 1674 S.
1667 1643 1708 1674 P.

1004 1692 1047 1724 Q·
1065 1693 1106 1722 R.
1124 1692 1242 1722 literas
1259 1692 1353 1723 lauro
1371 1696 1548 1723 coronatas
1565 1697 1601 1723 et
1616 1693 1710 1724 vinc-

1002 1746 1054 1773 tas
1070 1742 1129 1783 (ex
1158 1741 1265 1783 more)
1283 1747 1318 1773 et
1338 1742 1545 1783 triumphum
1567 1742 1709 1783 jussisse

1002 1793 1127 1833 parari,
1158 1793 1247 1833 quod
1286 1793 1476 1824 Germanos
1515 1792 1709 1834 debellarit,

1002 1848 1105 1885 atque
1122 1843 1155 1874 in
1171 1844 1318 1874 omnium
1335 1844 1422 1875 bona
1443 1844 1502 1884 jus
1526 1845 1568 1875 ab
1595 1854 1634 1875 eo
1651 1844 1709 1876 da-

1001 1898 1072 1925 tum
1099 1894 1167 1926 suis
1194 1894 1485 1935 procuratoribus,
1503 1898 1540 1925 ut
1562 1894 1613 1926 ait
1628 1895 1710 1926 Sue-

1002 1949 1071 1976 ton.
1090 1946 1164 1976 loco
1177 1955 1255 1976 mox
1272 1945 1422 1977 citando.

1046 1996 1183 2036 Coesare]
1216 1995 1249 2027 A
1265 1995 1348 2028 Julii
1375 1995 1520 2026 Caesaris
1549 1996 1708 2036 tempori>-

1000 2046 1062 2077 bus
1090 2056 1204 2078 omnes
1228 2046 1460 2087 Imperatores
1478 2046 1633 2078 Caesares
1650 2056 1709 2089 ap-

998 2098 1130 2137 pellati.

1041 2149 1178 2189 Laurus]
1193 2149 1319 2180 Literae
1336 2149 1512 2188 laureatae,
1527 2149 1570 2180 de
1583 2148 1706 2190 quibus

998 2200 1087 2231 sicut
1115 2205 1150 2243 et
1181 2200 1224 2231 de
1256 2200 1350 2231 lauro
1392 2200 1543 2232 victoriae
1581 2200 1707 2241 indice,

998 2250 1088 2281 Plin.
1106 2260 1166 2281 xv.
1184 2254 1236 2281 30.
1261 2251 1332 2282 Tit.
1350 2251 1423 2282 Liv.
1442 2251 1462 2281 l.
1482 2261 1514 2282 v.
1531 2251 1704 2283 Ammian.

997 2302 1151 2333 Marcell.
1168 2302 1189 2332 1.
1204 2310 1265 2333 xv.
1301 2302 1450 2332 Martial.
1475 2302 1574 2342 Epig.
1590 2311 1655 2333 vn.
1671 2305 1704 2334 4.

996 2355 1026 2383 5.
1044 2354 1073 2383 7.
1090 2356 1125 2383 et
1142 2352 1232 2383 alibi.
1279 2354 1357 2383 Mos
1371 2357 1446 2383 erat
1464 2353 1556 2390 olim,
1572 2357 1609 2383 ut
1624 2362 1703 2393 quo-

998 2403 1061 2433 tics
1088 2403 1212 2443 insigni
1238 2403 1378 2434 victoria
1408 2405 1571 2435 Consules
1600 2403 1702 2444 potiti

996 2458 1120 2490 essent,
1147 2453 1190 2483 ob
1219 2464 1272 2483 res
1299 2464 1463 2494 prospere
1488 2459 1612 2493 gestas,
1634 2454 1704 2485 lau-

997 2503 1100 2532 reatis
1128 2502 1277 2533 fascibus
1310 2504 1457 2542 przrlatis
1489 2503 1701 2536 incederent.

995 2552 1124 2582 Literas
1141 2553 1242 2583 etiam
1261 2554 1427 2583 lauieatas
1443 2555 1581 2585 Romam
1600 2555 1702 2596 mitti,

993 2607 1052 2633 aut
1069 2603 1208 2633 nuncios
1232 2614 1307 2634 cum
1323 2605 1447 2644 jaculis
1465 2605 1625 2636 laureatis
1642 2606 1700 2636 ad-

993 2653 1123 2692 venire,
1145 2664 1333 2695 navemque
1359 2656 1544 2686 laureatam
1562 2662 1621 2688 aut
1636 2657 1701 2688 vit·

994 2708 1100 2736 tatam
1127 2704 1236 2736 felicis
1265 2705 1414 2736 victoriae
1439 2706 1596 2740 nuncium
1614 2717 1701 2748 esse,
