1888 3032
726 149 911 180 SATlstA
945 149 997 179 11.
1046 151 1049 154 ’

1529 138 1583 178 57

128 240 209 281 Illa
230 240 313 280 sibi
339 241 568 280 introrsum
588 244 630 281 et
652 241 731 280 sul)
752 240 899 292 lingua
920 240 1238 289 immurmurat:
1272 237 1310 279 O
1332 239 1370 278 si

125 307 289 348 Ebullit
306 312 506 362 patruus²
528 308 790 362 praeclarum
810 307 967 347 funus!
999 310 1056 355 et,
1090 305 1129 346 O
1153 307 1190 346 si

1529 306 1585 346 10

115 429 266 470 fidelitas,
279 429 340 459 ista
363 432 471 469 aperte
495 429 723 470 postulantur,
740 432 831 468 atque
850 428 895 458 ita
910 431 943 458 ut
957 432 1102 458 externus
1114 427 1277 469 percipiat.
1324 426 1373 458 At
1389 436 1508 458 avarus
1523 427 1587 457 lraec

122 481 233 511 set-mn,
256 472 350 512 intus,
366 476 395 502 et
422 472 476 503 sub
500 473 607 511 lingua
635 473 796 502 mussitat:
820 471 938 501 utinam
960 473 1091 510 prodeat
1119 481 1230 511 pompa
1254 469 1399 508 funebris
1431 473 1586 500 sumtuosa

736 578 850 588 eeeeee

856 577 969 588 eeeeee

127 664 187 696 sed
211 664 340 704 Graeei,
364 664 604 696 Canachum—9
628 669 800 696 murmurat
831 666 957 696 c.—10
981 663 1092 695 ebullet
1111 663 1205 695 Edit.
1225 664 1425 705 Steph.—ll
1453 663 1589 704 crepidet

786 762 926 795 NOTAE

123 845 236 877 dinem
254 847 367 888 animi,
383 847 507 879 deinde
523 850 700 890 corporis.'

167 897 248 927 Hoec
259 897 356 937 clare]
392 898 549 930 Honesta
565 900 620 931 illa
640 908 718 931 vota
733 911 830 941 aper-

126 953 160 978 te
178 953 431 988 nuncupantur,
447 955 482 980 et
498 954 535 980 ut
559 950 669 982 audiri
689 951 730 981 ab
755 952 828 982 lios-

123 998 194 1038 pite
204 1008 270 1028 non
288 999 397 1038 pudor
411 1000 473 1030 sit:
494 1000 558 1038 vel,
575 1001 647 1031 haec
665 1001 755 1032 clare
770 1011 828 1042 pe-

124 1054 242 1079 tuntur
267 1049 307 1079 ad
333 1050 568 1080 ostentandam
599 1051 824 1092 probitatem:

124 1098 212 1128 unde
239 1102 275 1129 et
298 1098 407 1129 audiri
431 1100 473 1130 ab
499 1100 572 1131 aliis
600 1100 743 1133 affectat
766 1103 824 1134 ille

123 1147 179 1188 qui
197 1153 369 1187 precatur.
414 1149 502 1180 Vide
519 1160 630 1191 supra.

114 1214 116 1216 -
166 1197 303 1239 Hospes]
332 1198 476 1229 Ponitur
498 1209 559 1240 pro
586 1201 739 1241 quolibet
766 1211 824 1232 ex·

121 1253 241 1279 terno:
269 1249 405 1289 proprie
422 1259 502 1281 vero
516 1250 644 1282 dicitur·
659 1252 715 1292 qui
734 1257 826 1284 tecto

119 1299 252 1339 excipit
268 1299 483 1339 peregrinum
505 1305 541 1332 et
563 1306 754 1342 externum,
771 1312 827 1342 pa-

123 1349 208 1379 riter
222 1354 257 1380 et
279 1349 337 1390 qni
361 1350 546 1390 excipitur.
570 1352 658 1382 Tull.
678 1362 739 1392 pro
757 1353 827 1383 De-

115 1400 253 1440 j0taro;
280 1400 371 1430 ‘Per
396 1400 553 1431 dextram
582 1401 701 1441 istan),
727 1412 827 1443 quam

123 1450 244 1490 hospes
260 1450 385 1489 hospiti
401 1451 604 1489 porrexisti!
634 1451 737 1482 Ovid.
754 1453 828 1483 Me-

125 1506 247 1531 tamor.
272 1509 298 1531 1.
330 1501 338 1517 ‘
356 1500 433 1531 Non
460 1500 581 1542 hospes
612 1502 654 1532 ab
692 1502 827 1543 hospite

126 1550 242 1581 tutus)

165 1602 186 1630 9
210 1600 269 1631 Illa
283 1600 344 1630 sibi
361 1601 544 1642 introrsum]
567 1602 733 1635 Quaedam
748 1612 828 1634 vero

123 1660 190 1681 non
219 1651 282 1681 nisi
310 1651 408 1690 clam,
433 1652 520 1682 iutra
544 1652 677 1692 dentes,
708 1658 742 1684 et
779 1653 826 1683 in-

124 1706 178 1732 tus
202 1705 322 1741 petere
347 1701 486 1740 audent,
508 1702 638 1733 scilicet
660 1713 827 1744 quacum-

124 1761 190 1792 que
205 1751 358 1791 improba
374 1757 452 1783 suut
468 1756 503 1782 et
518 1752 708 1784 inhonesta.
754 1753 827 1783 Du-

124 1802 205 1842 plex
230 1801 336 1840 igitur
358 1801 477 1841 culpat
500 1802 570 1833 voti
594 1811 714 1842 genus:
744 1803 828 1834 alte-

123 1861 196 1882 rum
211 1851 300 1891 quod
315 1851 509 1890 introrsum,
526 1857 560 1883 et
574 1853 725 1883 seductis
740 1853 830 1893 Diis,

125 1901 226 1942 quale
243 1905 295 1932 est
311 1901 394 1931 illud
422 1901 511 1942 apud
529 1902 652 1933 Horat.
669 1903 745 1934 loco
770 1903 828 1934 cit.

124 1951 182 1981 lib.
201 1959 227 1982 1.
252 1952 351 1992 epist.
368 1954 419 1982 16.
444 1956 480 1982 et
506 1952 596 1992 apud
625 1952 727 1983 Ovid.
757 1954 829 1983 loco

123 2001 227 2032 etiam
240 2011 317 2032 mox
329 2002 432 2032 allato
444 2001 537 2032 Fast.
551 2006 580 2032 5.
599 2002 712 2043 qualia
727 2002 829 2032 etiam

126 2057 203 2083 sunt
220 2062 294 2093 quae
317 2052 370 2083 hic
398 2058 515 2084 noster
537 2053 677 2083 Persius
705 2052 826 2084 affert:

126 2102 270 2132 alterum
302 2109 353 2133 est
382 2103 474 2144 quod
504 2101 543 2133 fit
574 2102 617 2133 ad
653 2104 829 2134 ostentati-

126 2161 236 2189 onem,
264 2157 301 2183 ut
321 2152 404 2191 dixi,
434 2158 470 2184 et
491 2153 594 2190 clare,
624 2158 661 2184 et
689 2160 826 2194 aperte3

125 2201 216 2242 quod
254 2206 290 2232 et
328 2201 437 2232 audiri
468 2203 620 2242 petitur3
660 2208 827 2244 vocatque

126 2252 263 2283 Persius
293 2262 442 2283 murmur
467 2257 503 2283 et
529 2253 689 2283 humilem
717 2263 828 2284 susur-

125 2313 212 2334 rum.

167 2357 208 2384 10
242 2352 377 2393 Ebullit]
423 2353 492 2383 Pro
527 2352 703 2389 ebullierit;
741 2353 829 2384 sicut

122 2403 237 2440 dedim,
262 2413 325 2444 pro
340 2403 476 2433 dederim
488 2412 500 2438 ;
522 2402 621 2440 οἰκεῖ,
647 2412 708 2442 pro
732 2403 828 2434 ciris-

125 2458 194 2490 sct;
216 2453 346 2485 AEneid.
363 2461 416 2484 xl.
445 2462 494 2483 vs.
509 2456 582 2484 118.
606 2454 756 2493 metaph.
783 2454 825 2484 ab

127 2514 212 2545 aqua
233 2504 432 2540 ebulliente,
458 2513 532 2544 quae
563 2503 762 2534 intumescit
791 2509 826 2535 et

126 2553 245 2585 effluit.
291 2555 347 2584 Ita
362 2554 428 2593 legi
445 2552 588 2584 affirmat
606 2554 826 2585 Casaubonus

128 2605 161 2634 in
175 2605 413 2646 antiquissimis
430 2604 617 2635 codicibus.
649 2605 735 2636 Vide
748 2606 830 2636 Pro-

129 2654 222 2685 verb.
238 2665 314 2695 cap.
334 2659 383 2686 15.
400 2666 450 2686 vs.
467 2658 498 2686 2.
515 2656 608 2695 vulg.
626 2655 709 2686 edit.
755 2656 828 2686 Cic.

127 2705 225 2737 Tusc.
241 2713 297 2737 ιιι.
311 2715 387 2746 cap.
403 2709 457 2737 42.
473 2708 539 2737 &c.
593 2706 753 2738 Nonnulli
779 2715 829 2737 re-

885 848 1063 890 fragantur
1093 853 1218 887 tamen,
1241 852 1277 879 et
1308 847 1437 878 malunt
1466 846 1589 884 obtinet,

884 900 926 930 ab
953 899 1061 938 chullo,
1092 909 1147 929 as:
1168 903 1206 930 ut
1233 899 1275 928 sit
1297 907 1424 937 sensu-²,
1459 898 1588 927 utinam

885 951 978 980 velut
992 949 1082 980 bulla
1099 953 1263 989 appareat
1280 952 1314 978 et
1336 947 1450 978 statim
1470 954 1591 986 postea

883 1004 1085 1030 evanescat:
1103 997 1284 1029 alludendo
1301 997 1342 1027 ad
1361 996 1444 1027 illud
1461 997 1589 1026 Teren-

883 1050 922 1080 tii
938 1049 1112 1088 Varronis,
1143 1049 1229 1079 homo
1246 1048 1338 1078 bulla.
1387 1047 1500 1087 Hujus
1518 1047 1590 1088 qui-

881 1101 957 1131 dem
973 1099 1154 1131 sententiae
1181 1103 1339 1129 auctores
1363 1097 1509 1137 priorem
1534 1106 1589 1126 ve-

879 1152 930 1182 lut
954 1151 1104 1191 ineptam
1122 1149 1318 1190 suggillant,
1347 1147 1406 1179 sed
1427 1157 1494 1188 quo
1511 1146 1588 1187 jure

879 1211 945 1233 non
963 1201 1075 1232 video.

923 1251 1078 1291 Patruus]
1112 1250 1226 1281 Patrai
1244 1249 1330 1280 dixit
1354 1249 1468 1289 potius
1488 1258 1588 1289 quam

881 1302 934 1332 avi
949 1301 1062 1342 optari
1086 1304 1244 1337 mortem,
1268 1297 1357 1329 forte
1383 1299 1460 1339 quia
1479 1299 1589 1338 patrui

881 1351 1101 1393 utplurimum
1117 1359 1259 1381 censura
1286 1348 1431 1387 inolesti,
1458 1353 1496 1378 ut
1521 1348 1591 1378 dixi

880 1403 951 1434 Sat.
982 1412 1008 1433 1.
1050 1402 1096 1432 Et
1120 1400 1243 1431 Horat.
1270 1399 1327 1429 lib.
1358 1407 1416 1429 111.
1445 1397 1509 1428 ode
1539 1400 1590 1429 12.

880 1454 889 1470 ⁴
907 1453 1107 1483 Metuentes
1124 1456 1256 1491 patruae
1275 1449 1418 1479 verbera
1443 1447 1591 1489 lingum!

926 1503 1117 1533 Proeclarum
1146 1500 1270 1540 funus]
1323 1499 1386 1531 Vel
1417 1498 1587 1530 funalibus

882 1551 1110 1593 splendidum,
1125 1555 1161 1581 et
1191 1554 1357 1590 apparatu
1383 1554 1418 1580 et
1453 1549 1591 1590 exequi-

882 1613 975 1634 arum
1014 1611 1138 1643 pompa
1168 1599 1396 1641 magnificum.
1464 1600 1589 1640 Vin-gil.

883 1652 1016 1684 AEneid.
1040 1661 1091 1682 xr.
1111 1661 1159 1682 vs.
1178 1653 1252 1681 143.
1267 1652 1275 1667 ‘
1294 1651 1466 1682 Funereas
1492 1660 1591 1691 rapu-

882 1711 939 1732 ere
967 1700 1074 1741 faces,
1103 1701 1198 1732 lucet
1226 1700 1281 1731 via
1320 1701 1420 1740 longo
1459 1699 1590 1731 Ordine

881 1751 1103 1792 flammarum,
1115 1757 1152 1783 et
1164 1752 1232 1782 late
1244 1751 1457 1782 discriminat
1469 1751 1591 1791 agros!

883 1803 959 1842 Vel,
975 1802 1065 1843 quod
1085 1802 1213 1833 haeredi
1239 1802 1337 1832 avido
1355 1803 1588 1842 expetendum

883 1858 920 1884 et
933 1858 1161 1893 quaestuosum
1178 1852 1255 1883 erit.
1304 1852 1450 1884 Quidam
1466 1862 1524 1892 per
1538 1851 1590 1883 fu-

886 1913 947 1933 nus
965 1903 1161 1942 intelligunt
1174 1902 1389 1941 sepulcrum:
1416 1907 1455 1932 ut
1471 1912 1589 1937 sensus

886 1953 929 1983 sit
944 1963 951 1982 ;
978 1953 1106 1982 utinam
1133 1951 1308 1991 aperlatur
1325 1957 1359 1981 et
1382 1956 1457 1982 ruat
1474 1961 1536 1991 per
1553 1960 1589 1981 se

885 2002 998 2044 patrui
1015 2003 1081 2033 mei
1097 2003 1303 2042 sepulcrum,
1316 2005 1354 2031 ut
1371 2011 1445 2031 cum
1464 2001 1590 2031 violare

884 2059 919 2084 et
936 2061 1094 2093 rumpere
1119 2051 1203 2082 illud
1231 2060 1297 2081 non
1316 2050 1470 2089 audeam,
1494 2056 1590 2082 certe

884 2104 931 2134 sic
958 2103 1130 2143 adipiscar
1144 2111 1260 2132 aurum
1277 2102 1310 2132 in
1327 2111 1368 2132 eo
1393 2101 1566 2132 conditum
1582 2113 1590 2133 z

884 2164 1008 2194 nempe
1036 2158 1169 2184 veteres
1191 2161 1304 2183 secum
1320 2151 1491 2192 jubebant
1513 2161 1591 2183 suos

883 2204 1058 2236 thesauros
1081 2202 1230 2243 sepeliri.
1276 2202 1322 2232 Et
1346 2201 1517 2242 Josephus
1541 2211 1593 2233 re-

883 2254 952 2286 fert
965 2264 983 2286 e
995 2254 1140 2286 Davidis
1156 2252 1314 2292 sepulcro
1331 2256 1428 2282 eruta
1444 2253 1589 2282 talento-

885 2314 956 2334 rum
975 2303 1047 2333 auri
1062 2303 1127 2333 tria
1142 2301 1249 2332 miliia
1273 2301 1315 2332 ab
1341 2301 1506 2341 Hircano,
1532 2302 1591 2343 qui

885 2355 933 2385 sic
946 2355 988 2385 ab
1001 2353 1182 2384 obsidente
1200 2362 1235 2383 se
1253 2351 1424 2384 Antiocho
1438 2352 1590 2384 redeme-

886 2407 929 2437 rit
974 2405 1061 2435 datis
1100 2403 1278 2435 trecentis,
1347 2403 1434 2434 Haec
1477 2408 1590 2434 tamen

882 2457 997 2496 opinio
1015 2456 1125 2485 miuus
1139 2453 1280 2484 arridet.
1325 2453 1395 2484 Alii
1409 2454 1587 2494 explicant

882 2517 999 2538 vocem
1033 2506 1233 2545 proeclarum,
1272 2505 1366 2544 quasi
1407 2504 1463 2543 qui
1490 2502 1590 2533 funus

885 2562 982 2598 optat
1000 2556 1116 2586 videre
1134 2554 1260 2595 patrui,
1276 2555 1347 2594 ejus
1375 2558 1504 2584 tantum
1522 2553 1592 2593 glo·

883 2607 968 2637 riam
982 2611 1018 2638 et
1029 2606 1190 2636 honorem
1201 2604 1327 2635 intueri
1342 2603 1509 2642 videatur,
1522 2611 1588 2633 non

884 2667 978 2688 suam
994 2655 1220 2697 cupiditatem
1237 2652 1429 2684 ostendere.
