1888 3032
672 157 833 188 PERSH

144 252 243 292 dixit,
259 252 338 294 quia
354 252 465 293 ipsum
490 252 602 283 Deum
618 251 702 283 lucri
719 251 849 283 dicunt.

143 301 244 333 Unde
278 306 314 333 et
351 311 425 332 cum
452 302 577 332 sacello
611 302 777 341 pingitur,
813 306 847 331 pt

144 363 164 383 a
192 352 466 392 negotiatoribus
497 352 676 393 plurimum
708 352 846 382 colitur.

148 403 217 435 Vct.
233 403 456 434 Seli—<alicu
483 403 696 440 Meri-ariane,
718 402 847 441 cupidi-

141 458 192 484 tas
219 453 404 484 devorandi
434 454 529 484 luc-ri.
584 451 847 484 Casuub.—Sali-

141 513 221 542 vum,
246 504 316 543 ὅτ]
357 504 547 543 Peripha-aq
576 504 705 533 lucrum
737 506 846 538 notat,

141 554 196 584 cui
213 555 404 585 Mercurius
421 558 555 595 praeest.
606 552 718 583 Lubin.

187 607 247 636 113
273 605 364 643 Hoec,
381 604 450 644 ἐτη]
486 605 610 634 ὃι-ηειιε
627 607 700 633 est:
735 602 768 631 Si
791 602 849 632 lias

143 665 260 686 omnes
286 657 430 686 virtutes
457 659 670 685 enumeratas
687 653 751 684 tibi
769 663 847 683 ven-

141 705 254 736 dicare
281 711 392 746 potes,
418 710 453 736 et
484 705 620 736 dicere:
664 704 750 735 Hazc
773 713 849 734 mea

140 756 229 787 bona
248 762 338 794 sunt,
362 758 432 787 liaec
461 765 523 796 ego
548 760 661 795 teneo,
683 759 719 786 et
741 754 847 794 possi-

139 806 220 838 deo:
254 808 341 838 Tum
370 807 504 837 demum
530 811 604 837 esto
633 815 713 836 vere
736 805 842 836 liber:

139 867 216 888 vere
244 857 392 898 sapiens,
419 856 520 898 idque
546 856 692 887 omnium
721 859 846 896 praeto-

139 917 212 937 rum
230 907 391 945 vindicta,
409 913 443 937 et
461 907 533 946 ipso
558 906 643 937 adeo
659 907 748 938 Jove
766 905 846 937 dex—

140 963 194 988 tro
211 956 360 997 favente,
376 962 412 988 et
429 957 591 997 propitio.
640 956 738 987 Idem.

183 1012 243 1040 115
280 1009 349 1046 Sin,
375 1008 444 1048 δῖα]
480 1008 540 1038 Sin
565 1016 644 1038 vero
668 1011 704 1038 tu
728 1007 845 1037 harum

138 1060 316 1100 virtutum,
331 1069 407 1101 quae
425 1059 568 1089 liberum
586 1058 721 1088 demum
739 1057 847 1088 absol-

138 1116 235 1150 vunt,
251 1111 377 1141 nullam
404 1109 527 1141 habes:
554 1108 614 1140 sed
643 1118 718 1138 cum
743 1113 847 1139 antea

139 1167 264 1192 nostrae
281 1159 412 1200 farinae,
429 1160 582 1201 ejusdem
601 1159 793 1199 pravitatis,
811 1164 846 1189 et

137 1212 275 1243 malitiae
304 1212 480 1243 nobiscum
513 1210 631 1241 fueris.
689 1209 845 1250 Metaph.

138 1273 157 1293 a
175 1262 372 1303 panibus.-
380 1262 522 1300 Ejusdem
531 1259 666 1300 farinoe]
690 1259 760 1290 Per
776 1269 844 1290 om-

137 1314 191 1345 nia
207 1313 335 1354 similis,
352 1312 504 1354 ejusdem
532 1311 676 1352 saporis,
701 1314 738 1342 et
767 1320 846 1341 con-

139 1364 291 1396 ditionis.
362 1365 487 1394 Nostrae
530 1362 630 1399 dixit,
668 1361 845 1393 modestiae

140 1424 268 1446 caussa.
316 1415 413 1445 Idem.

183 1467 244 1496 116
271 1465 463 1503 Peniculum,
489 1463 559 1503 &eff
581 1464 701 1494 Snmta
722 1463 847 1504 allego-

140 1515 190 1546 ria
205 1515 248 1545 ab
265 1515 343 1554 illis,
361 1515 418 1555 qui
435 1513 588 1554 corporis
601 1512 687 1543 vitia
698 1513 846 1553 egregiis

140 1565 352 1596 vestimentis
382 1569 514 1604 tegunt,
530 1564 583 1594 vel
599 1563 657 1604 qui
685 1563 767 1594 alios
793 1573 846 1593 co-

139 1616 228 1647 lores
246 1615 402 1653 induunt,
419 1614 528 1645 veteri
554 1620 666 1645 tamen
691 1613 779 1654 pelle
797 1623 846 1644 re-

140 1670 244 1697 tenta.
298 1663 584 1696 Transferendum
614 1663 657 1694 ad
685 1668 845 1696 mentem.

138 1715 316 1755 —F1·onte]
350 1716 503 1746 Externo
529 1714 683 1755 corporis
711 1713 843 1745 habitu.

140 1767 181 1798 Id
210 1772 275 1805 est,
299 1767 335 1798 Si
361 1767 435 1807 quis
459 1764 579 1797 faciem
601 1770 693 1796 tuam
716 1765 845 1804 videat,

138 1817 309 1858 quantivis
336 1816 455 1857 precii,
491 1816 633 1856 politus,
669 1824 844 1854 syncerus,

139 1869 407 1904 honestissimus,
424 1872 458 1897 et
475 1866 633 1906 optimus.
680 1865 777 1896 Idem.

183 1921 243 1950 117
278 1919 438 1956 Astutam,
460 1916 529 1956 ἐξα]
559 1916 605 1946 ·1d
633 1919 695 1955 est,
721 1916 842 1956 Vulpis

138 1967 362 2000 calliditatem
397 1972 432 1998 et
470 1964 843 2005 astutiam.-Vapido]

140 2019 327 2059 Nebuloso,
343 2018 492 2056 turbido,
507 2017 617 2048 minus
634 2017 735 2056 bono,
753 2021 845 2047 vete-

138 2080 211 2100 rum
229 2070 388 2100 vitiorum
407 2069 518 2109 pleno.
542 2068 696 2109 Metaph.
710 2067 752 2098 ab
766 2067 845 2098 aere

140 2119 292 2151 turbido.
339 2119 436 2150 Idem.

184 2172 247 2200 118
272 2169 363 2208 ῥεια,
387 2168 458 2207 85⁶2]
493 2169 577 2200 Quae
605 2167 759 2208 superius
784 2167 846 2198 tibi

140 2220 340 2251 attributam
369 2228 481 2249 veram
504 2218 714 2256 libertatem,
737 2223 773 2248 et
796 2228 846 2248 sa-

140 2271 317 2311 pientiam,
334 2269 416 2300 illud
435 2270 508 2309 jam
532 2274 665 2308 repeto,
681 2272 718 2299 et
733 2277 847 2308 repos-

141 2331 193 2361 co,
210 2321 340 2362 tibique
356 2320 480 2359 adimo,
506 2318 660 2356 etfunem
675 2319 726 2348 vel
745 2317 845 2348 liabe-

141 2381 214 2409 naS‚
241 2369 426 2404 servitutis,
451 2376 531 2400 anie
559 2368 620 2398 tibi
646 2368 789 2404 laxatas,
810 2373 845 2398 et

141 2422 296 2452 remissas
315 2421 451 2458 reduco,
470 2419 616 2457 retraho,
638 2423 674 2448 et
696 2417 844 2449 inhibeo.

140 2470 303 2511 -Supra]
338 2470 439 2500 Dixit
465 2469 554 2500 enim
580 2477 702 2508 supra:
736 2468 745 2484 ‘
763 2468 844 2499 E-to

139 2521 296 2563 liberque
313 2527 349 2552 et
365 2519 524 2561 sapiens!
548 2518 845 2559 mmm—Repeto]

141 2572 195 2603 Sic
210 2573 321 2603 omnia
331 2571 403 2603 fere
417 2572 637 2612 exemplaria,
651 2580 716 2601 non
733 2571 844 2611 relego,

140 2621 230 2662 quod
259 2627 295 2652 et
325 2622 434 2653 minus
463 2621 623 2653 convenit
651 2621 728 2652 huic
754 2621 842 2652 loco.

142 2671 274 2704 casaub.

185 2724 247 2754 119
272 2722 342 2761 Nil,
366 2723 436 2764 εμπ]
467 2722 695 2754 Assumtionis
719 2722 843 2757 confir-

895 158 1000 189 sar.
1036 160 1078 189 v.
1523 148 1609 189 267

902 253 1019 289 matio,
1035 252 1124 294 quod
1141 253 1224 284 nihil
1241 252 1425 284 secundum
1443 252 1609 283 rationem

902 308 994 339 agat,
1009 302 1070 333 sed
1087 302 1120 333 in
1135 303 1289 333 omnibus
1315 308 1459 342 peccem
1483 301 1518 331 id
1541 306 1608 340 est,

902 353 1002 383 Ratio
1015 359 1049 383 et
1063 354 1243 393 sapientia,
1256 352 1344 383 unde
1358 361 1435 382 vera
1454 351 1607 391 libertas,

901 404 962 434 tibi
987 404 1070 434 niliil
1097 405 1233 434 omniuo
1261 404 1309 433 sni
1335 403 1451 433 haberi
1469 411 1609 432 conces-

898 454 942 483 sit
955 465 963 490 ς
989 454 1021 484 id
1035 460 1099 491 est,
1113 454 1339 484 stultissimus
1352 451 1609 493 es.--Dig⁷'tum,

897 504 968 543 302]
993 504 1113 537 Diuito
1139 505 1273 535 subiato
1301 503 1457 541 ostende,
1479 503 1608 534 victum

900 558 934 583 te
950 563 1022 583 esse
1039 563 1058 583 a
1076 553 1178 584 vitiis.
1225 554 1387 584 Tractum
1406 564 1423 583 a
1442 552 1610 593 gladiato·

900 604 1007 642 ribus,
1046 604 1102 644 qui
1143 605 1235 642 victi,
1274 605 1467 635 owen-ione
1505 603 1606 644 digiti

903 655 1033 685 veniam
1057 664 1076 685 a
1102 656 1226 694 vopulo
1256 654 1485 694 postulabant.
1537 653 1607 685 Vei.

899 706 1185 745 Sch.—Digitum,
1197 707 1267 746 3312]
1295 706 1458 744 Loquitur
1475 713 1517 736 cx
1532 713 1608 734 sen-

902 757 1010 787 tentia
1025 756 1230 793 Stoicorum,
1244 758 1300 796 qui
1319 766 1360 786 ne
1379 755 1518 795 digitum
1536 754 1608 796 qui-

904 807 982 838 dem
1012 812 1106 838 recte
1123 818 1142 837 a
1159 807 1272 838 stultis
1289 806 1401 836 exseri
1428 815 1525 846 posse
1552 804 1610 836 de·

903 858 1153 888 monstrabant.
1189 856 1217 886 A
1236 856 1305 886 solo
1321 863 1435 886 autem
1451 854 1607 895 sapiente

899 911 994 937 recte
1008 906 1133 947 aliquid
1153 906 1237 945 geri,
1260 905 1361 946 idque
1380 910 1416 935 ut
1437 904 1608 945 probaret,

898 967 969 987 rem
987 957 1106 988 sumsit
1124 956 1336 996 perfacilem,
1363 962 1399 986 et
1422 955 1456 985 in
1474 965 1541 996 qua
1556 960 1606 986 ta·

898 1016 975 1037 men
1005 1007 1129 1037 stultus
1156 1006 1267 1036 Dama
1297 1010 1427 1046 peccet.
1474 1004 1518 1035 Id
1541 1010 1607 1044 est,

901 1058 955 1089 Ne
972 1057 1144 1088 minimum
1161 1056 1299 1098 quidem
1324 1055 1478 1095 corporis
1503 1063 1607 1086 mem-

897 1108 996 1139 brum
1020 1117 1158 1139 movere
1185 1111 1293 1147 potes,
1307 1106 1386 1147 quin
1413 1106 1448 1136 in
1471 1106 1607 1145 culpam

898 1163 934 1189 et
947 1158 1242 1199 reprehensionem
1263 1157 1428 1188 incurras.
1451 1155 1606 1187 Turneb.

898 1217 960 1239 xx.
981 1212 1010 1240 1.

942 1262 1004 1290 120
1037 1260 1096 1299 Et,
1120 1258 1187 1299 Bran]
1219 1258 1458 1298 Subintcllige,
1479 1257 1545 1288 Vel
1573 1257 1606 1288 in

897 1319 962 1349 quo
980 1314 1018 1340 tu
1034 1318 1100 1339 non
1118 1307 1375 1349 pecces-„Sem
1389 1306 1457 1347 asa]
1481 1308 1606 1338 Sensus

897 1366 964 1391 est:
988 1359 1057 1391 Sed
1077 1366 1112 1390 tu
1129 1359 1232 1390 etiam
1253 1359 1345 1389 nullo
1360 1358 1457 1389 thure
1474 1357 1604 1397 litabis,

898 1413 998 1442 nullis
1011 1411 1202 1450 sacrificiis,
1217 1411 1318 1441 nullis
1332 1410 1509 1440 victimisa
1522 1409 1605 1440 ΠΕΟ

897 1461 1112 1502 impetrabis,
1129 1467 1167 1492 ut
1185 1461 1239 1492 vel
1265 1460 1406 1491 minima
1430 1460 1606 1491 semuncia

897 1518 1001 1545 rectae
1020 1512 1172 1552 rationis,
1199 1511 1319 1550 exigua
1347 1511 1434 1541 mica
1457 1510 1547 1549 salis,
1570 1515 1606 1540 et

897 1563 1086 1603 sapientiae,
1110 1563 1142 1592 in
1166 1561 1294 1600 stultis,
1309 1566 1346 1591 et
1363 1560 1474 1591 animo
1498 1560 1604 1591 servis

896 1612 1036 1643 haereat.
1077 1612 1302 1644 Casaubonus
1319 1611 1452 1650 scribit,
1467 1611 1542 1642 haec
1557 1611 1607 1642 ita

896 1672 962 1693 non
981 1662 1183 1703 accipienda
1198 1671 1274 1693 esse
1292 1666 1329 1692 ut
1345 1666 1466 1691 sonant
1483 1660 1603 1691 verba:

896 1713 968 1749 sed,
985 1714 1068 1744 nulla
1085 1714 1341 1751 argumentorum
1354 1711 1475 1740 ratione
1489 1710 1605 1740 obtine-

896 1763 955 1803 ὂίε,
981 1763 1036 1793 οὐκ
1062 1762 1240 1800 ἐκνικήσεις.
1284 1761 1500 1792 Translatum
1518 1771 1537 1792 a
1554 1770 1604 1792 re·

896 1812 958 1843 bus
975 1813 1090 1843 sacris.

942 1865 1000 1893 121
1020 1862 1152 1892 Haercat
1169 1862 1214 1898 in,
1226 1861 1297 1901 δῖα]
1320 1861 1368 1891 Ut
1383 1860 1520 1901 sapiens
1537 1860 1606 1892 ulla

897 1922 940 1943 ex
969 1918 1066 1952 parte
1094 1913 1150 1950 sit,
1175 1912 1232 1953 qui
1260 1921 1326 1943 non
1358 1917 1450 1942 totns
1486 1911 1601 1952 sapit:

897 1963 996 1993 Ratio
1028 1963 1243 2000 Stoicorum;
1277 1962 1358 2003 quia
1392 1961 1534 1992 »irtutes
1568 1970 1605 1991 se

895 2019 1013 2044 mutuo
1027 2018 1293 2053 consequuntur.
1331 2012 1375 2042 Et
1392 2012 1438 2042 nil
1455 2011 1603 2042 medium

896 2069 947 2093 est
965 2064 1053 2094 inter
1072 2063 1236 2093 virtutem
1253 2068 1291 2093 et
1306 2062 1438 2092 vitium.
1468 2061 1602 2094 Casaub.

895 2113 1117 2151 ——Semunciffi
1132 2113 1202 2153 &eff
1230 2112 1418 2143 Dimidiata
1435 2112 1604 2152 particula

896 2165 1086 2206 sapientiae.
1131 2165 1194 2202 Est
1211 2170 1323 2195 autem
1338 2163 1492 2195 semuncia
1509 2162 1604 2194 dimi-

897 2217 954 2246 dia
982 2216 1092 2251 uncia,
1119 2215 1327 2256 poniturque
1351 2216 1413 2245 hoc
1441 2215 1516 2246 loco
1540 2223 1601 2254 pro

896 2277 932 2297 re
949 2266 1128 2297 admodum
1146 2266 1281 2305 exigua.
1326 2265 1443 2295 Labin.

940 2320 1001 2348 122
1029 2316 1119 2352 Haec,
1135 2315 1206 2356 ὅπη]
1234 2314 1271 2345 Id
1289 2320 1352 2354 est,
1370 2316 1446 2346 Non
1464 2315 1603 2345 miscen-

895 2372 952 2398 tur
966 2366 1277 2402 contraria.-—Nec‚
1292 2365 1363 2406 ὅπη]
1397 2366 1446 2396 Ut
1462 2365 1602 2406 quicun-

895 2427 962 2459 que
992 2416 1104 2448 fossor
1132 2422 1261 2447 tantum
1289 2421 1351 2454 est,
1382 2422 1416 2446 et
1443 2415 1601 2452 rusticus,

895 2474 1027 2500 tantum
1058 2468 1169 2507 abest,
1199 2471 1236 2497 nt
1271 2467 1529 2507 pantomimum,
1566 2469 1602 2495 et

893 2519 1113 2551 artificiosum
1143 2520 1341 2548 saltatorem
1368 2523 1534 2554 imitetur,
1561 2520 1600 2545 ut

893 2581 934 2601 ne
950 2569 1084 2611 quidem
1114 2568 1156 2599 ad
1186 2574 1256 2599 tres
1278 2571 1408 2598 tantum
1429 2573 1597 2601 numeros,

893 2626 1004 2660 tonos,
1014 2625 1049 2651 et
1062 2620 1234 2659 rhythmos
1244 2615 1433 2647 saltationis
1446 2613 1599 2653 Bathylli

892 2671 1099 2704 Pantomimi
1125 2668 1237 2709 Satyri
1264 2676 1413 2708 unquam
1440 2670 1534 2705 apte,
1562 2669 1598 2695 et

891 2726 1121 2764 congruenter
1136 2717 1333 2754 saltaverit5
1357 2716 1406 2747 ita
1421 2725 1531 2757 neque
1549 2720 1597 2755 tn,
