1888 3032
276 99 363 145 128

785 108 830 140 A.
866 106 1028 138 PssRsu
1064 105 1237 140 FLAGCI

334 207 554 250 Libertate
572 216 684 259 opus
706 206 788 252 est,
809 215 892 243 non
912 202 1011 253 hac,
1034 216 1164 257 quam
1184 208 1232 245 ut
1252 204 1436 260 quisque
1457 203 1616 248 Velina

278 276 463 318 Publius
486 274 679 323 emeruit,
701 271 956 313 scabiosum
977 271 1187 314 tesserula
1208 271 1275 313 far

274 408 375 440 eodem
393 411 522 437 temone.
569 404 715 437 Libertus
738 406 909 437 necessaria
925 409 984 446 est,
1000 405 1130 437 nonina
1147 414 1209 446 per
1233 415 1333 446 quam
1358 406 1468 437 statim
1496 409 1590 446 atque
1615 404 1744 446 quilibet

274 450 405 483 Publius
430 448 634 481 manumissus
669 453 727 491 est,
742 449 941 488 frumentum
969 452 1150 490 corruptum
1178 449 1293 480 obtinet
1320 458 1378 490 per
1413 452 1558 480 tesseram
1587 449 1740 481 Velinum.

893 555 1011 567 eeeeee

1014 555 1130 567 eeeeee

275 635 317 665 ⁷3
340 633 397 664 hac
425 636 460 663 ut
483 632 610 674 quisque
636 632 730 664 Edit.
762 632 881 674 Steph.
906 636 942 664 et
966 634 1006 665 C.
1030 633 1087 664 hac
1101 642 1192 674 quam
1205 631 1316 674 quique
1332 631 1399 664 Ms.
1415 631 1459 663 R.
1475 632 1532 664 Ιιασ
1546 641 1605 673 qua
1620 631 1746 673 quisque

280 675 368 708 Edd.
393 676 504 717 quaed.

944 748 1085 781 NOTAE

277 824 450 866 spondent
463 824 535 855 axis
550 824 718 856 secundus
735 829 771 857 et
784 828 860 856 rota
871 829 985 867 poste-

275 876 366 915 rior3
394 885 565 917 nunquam
591 875 739 914 attinges
771 876 861 907 diem
891 876 985 907 illum

275 925 475 965 crastinum,
500 935 566 967 quo
596 925 718 956 statuis
746 925 900 966 meliora,
927 926 985 967 qui

275 975 490 1019 significatur
508 986 570 1016 per
586 981 697 1007 rotam
721 976 884 1017 priorem,
908 986 985 1018 qnae

277 1027 428 1059 volvitur
469 1036 603 1067 semper
635 1031 715 1057 ante
752 1028 986 1068 posteriorem,

276 1085 388 1119 neque
403 1087 548 1117 unquam
563 1077 744 1117 attingitur
757 1078 798 1109 ab
809 1088 860 1118 ea,
873 1087 987 1119 quam-

277 1127 330 1160 vis
342 1127 374 1158 ei
387 1128 554 1168 proxima.

319 1181 360 1210 73
384 1178 547 1209 Libertate
570 1187 644 1218 opus
665 1178 726 1219 est]
767 1178 989 1211 Obstinatum

275 1228 311 1260 in
326 1228 418 1260 vitiis
443 1228 608 1268 juvenem
636 1229 836 1269 aggreditur
850 1230 988 1261 Persius

274 1288 364 1311 nova
389 1279 534 1320 quadam
552 1283 587 1309 et
604 1279 718 1310 subtili
734 1280 879 1317 ratione,
901 1280 988 1311 scili-

277 1334 336 1362 cet
351 1329 518 1360 libertatis
532 1338 645 1360 amore
658 1339 697 1360 ae
710 1330 915 1361 necessitate
931 1341 938 1361 :
952 1335 988 1361 et

276 1388 322 1411 ex
337 1380 516 1411 occasione
533 1383 662 1410 tractat
678 1380 856 1420 eleganter
866 1384 900 1411 et
915 1379 988 1411 fuse

275 1429 490 1472 paradoxum
524 1430 610 1460 illud
648 1430 861 1461 Stoicorum:
900 1430 988 1461 solos

278 1481 451 1522 sapientes
479 1489 552 1511 esse
590 1480 733 1512 liberos:
774 1481 816 1512 de
848 1490 914 1522 quo
952 1486 989 1512 et

277 1531 368 1564 Tull.
385 1530 501 1571 parad.
525 1535 555 1561 5.

322 1581 481 1621 ΝοηΙιαε]
514 1582 666 1622 Ergone,
693 1592 712 1613 ο
736 1581 883 1612 Romani
910 1580 988 1612 ado-

278 1632 464 1671 lescentes,
494 1631 689 1662 libertatem
727 1632 811 1662 adeo
834 1632 989 1672 jactatis,

279 1683 358 1714 dum
376 1682 464 1714 servi
489 1682 572 1712 estis
590 1682 819 1722 cupiditatum
834 1692 873 1713 ac
890 1682 989 1713 vitio-

277 1743 352 1765 rum
368 1734 378 1764 ?
402 1732 456 1763 Au
474 1732 569 1763 vobis
587 1732 748 1764 videmini
764 1732 845 1763 satis
863 1741 935 1763 esse
950 1742 989 1763 ac

278 1792 360 1815 vere
382 1782 482 1814 liberi
508 1786 544 1813 et
559 1782 709 1823 ingenui,
736 1782 836 1813 modo
853 1782 987 1814 liberta-

278 1836 350 1864 tem
393 1831 562 1863 duntaxat
601 1832 736 1863 civilem
771 1832 988 1874 possideatis,

278 1885 416 1927 qualem
434 1884 496 1915 sibi
512 1883 666 1915 vindicat
689 1888 907 1926 ostentatque
923 1894 991 1915 ser-

278 1945 341 1966 vus
354 1934 491 1965 herivei
508 1933 607 1964 hodie
620 1935 862 1966 manumissus?
881 1934 990 1966 Immo

279 1985 442 2017 libertate
469 1985 571 2015 animi
597 1995 680 2025 opus
703 1990 767 2025 est,
798 1995 861 2016 nec
892 1985 993 2016 aliter

282 2035 461 2077 quisquam
483 2035 571 2065 liber
598 2039 633 2065 et
658 2035 824 2075 ingenuus
857 2035 992 2066 censeri

281 2087 399 2119 debet.
433 2087 651 2118 Tertull.lib.
673 2087 716 2118 de
742 2088 882 2119 Resurr.
914 2088 993 2119 ‘Li-

282 2139 421 2171 bertate
438 2148 523 2179 opus
541 2142 595 2168 est
611 2137 653 2168 ad
681 2137 853 2177 virtutem,
884 2138 993 2179 inquit

281 2189 437 2229 Persius,
468 2199 534 2220 non
558 2199 599 2219 ea
625 2199 690 2230 qua
708 2190 796 2219 servi
814 2190 993 2229 donantur,

282 2244 319 2272 et
357 2240 572 2272 ascribuntur
602 2240 658 2271 uni
691 2240 870 2278 Tribuum,
910 2245 994 2281 puta

283 2291 440 2322 Velinae!

333 2340 377 2371 Ut
399 2341 526 2380 quisque
562 2341 683 2380 Velina,
706 2342 775 2382 fra]
815 2341 938 2373 Statim
954 2352 993 2372 ac

283 2390 318 2421 in
335 2390 533 2421 libertatem
561 2396 709 2422 assertus
727 2392 868 2432 quisque
886 2393 919 2422 iu
935 2392 994 2422 ali-

286 2450 388 2481 quam
399 2450 417 2471 e
431 2441 594 2471 Romanis
610 2442 779 2472 Tribubus
794 2443 995 2473 transcribe-

284 2491 401 2531 batur,
426 2501 457 2522 v.
488 2501 521 2531 g.
541 2492 762 2532 Esquilinam,
786 2492 993 2531 Palatinam,

285 2541 462 2572 Velinam:
482 2541 643 2581 tumjure
662 2541 799 2580 publico
811 2541 995 2582 gaudebat,

286 2594 323 2622 et
338 2590 570 2622 communibus
590 2590 714 2621 civium
729 2591 965 2623 emolumentis
984 2603 993 2631 3

288 2642 398 2683 qualis
422 2645 475 2674 est
499 2651 644 2683 annona,
676 2652 734 2674 seu
763 2641 995 2676 frumentatio.

1039 825 1183 866 Triplex
1213 825 1385 857 libertatis
1414 833 1520 866 genus
1550 825 1624 865 lege
1656 824 1747 866 apud

1040 877 1142 910 Alex.
1159 879 1202 910 ab
1219 878 1320 910 Alex.
1340 886 1418 909 xiv.
1436 881 1488 908 10.

1089 929 1212 970 Velina]
1236 930 1245 947 ‘
1260 929 1327 962 Qui
1356 928 1513 960 Velinum
1531 928 1622 960 circa
1636 928 1749 960 lacum

1040 980 1253 1019 habitabant,
1268 981 1409 1012 Romam
1425 979 1582 1011 translati
1599 984 1697 1019 sunt;
1713 983 1750 1011 et

1041 1031 1165 1062 Velina
1181 1030 1290 1062 tribus
1316 1040 1458 1061 numero
1475 1029 1618 1061 aliarum
1634 1039 1750 1062 acces-

1043 1080 1110 1112 sit?
1134 1082 1229 1113 Vett.
1247 1081 1360 1113 Gloss.
1372 1081 1463 1112 Vide
1476 1081 1577 1113 Alex.
1591 1080 1635 1112 ab
1647 1080 1750 1113 Alex.

1043 1140 1067 1162 1.
1085 1134 1138 1162 17.
1330 1124 1331 1127 ’

1086 1184 1127 1213 74
1152 1181 1282 1213 Publius
1295 1181 1440 1222 emeruit]
1470 1182 1576 1216 Quasi
1595 1186 1752 1223 tempore

1045 1233 1221 1264 servitutis
1251 1238 1384 1273 exacto,
1408 1233 1606 1265 libertatem
1627 1233 1752 1264 merito

1045 1294 1105 1315 suo
1123 1288 1340 1323 consecutus,
1369 1283 1513 1316 Patroni
1540 1284 1590 1315 sui
1620 1293 1754 1325 praeno-

1043 1343 1121 1365 men
1144 1333 1199 1375 (ut
1213 1332 1269 1375 fit)
1293 1335 1445 1374 assumit,
1475 1335 1564 1376 quod
1578 1335 1666 1366 servi
1679 1335 1752 1365 nul-

1043 1384 1111 1415 lum
1138 1383 1331 1415 habebant:
1361 1388 1396 1414 et
1427 1384 1539 1415 dictus
1560 1394 1588 1415 v.
1605 1394 1638 1424 g.
1662 1383 1753 1415 Pub-

1042 1434 1106 1465 lius
1135 1433 1285 1465 Licinius
1314 1434 1448 1464 Velina.
1490 1434 1644 1466 Emeruit.
1677 1433 1753 1465 Me·

1043 1485 1138 1526 taph.
1157 1494 1176 1515 a
1191 1484 1368 1525 militibus,
1386 1485 1442 1526 qui
1453 1485 1596 1516 honesta
1612 1484 1655 1515 de
1673 1494 1751 1516 cau·-

1043 1546 1079 1567 sa
1093 1536 1276 1566 mittuntur
1303 1535 1452 1574 domum,
1469 1540 1505 1566 et
1526 1536 1691 1567 immunes
1715 1535 1754 1566 fi-

1044 1590 1106 1617 unt
1123 1586 1286 1626 deinceps
1300 1595 1319 1616 a
1336 1585 1506 1617 bellando.

1089 1637 1267 1667 scabiosum
1285 1636 1359 1676 far]
1384 1637 1614 1676 Immundum,
1640 1642 1755 1678 putre,

1043 1687 1300 1727 gurgulionibus
1313 1696 1463 1717 exesum.
1511 1688 1612 1718 Forte
1627 1687 1753 1719 intelli-

1046 1737 1096 1778 git
1114 1747 1235 1777 panem
1254 1746 1441 1777 acerosum,
1457 1738 1642 1777 sordidum,
1663 1738 1754 1769 cani-

1046 1798 1137 1819 num.
1184 1788 1319 1828 Legunt
1341 1787 1411 1827 alii,
1438 1788 1622 1828 scabrosum,
1637 1787 1672 1819 id
1688 1786 1771 1828 est,

1048 1847 1219 1879 asperum,
1253 1837 1333 1878 vile,
1359 1847 1430 1878 prae
1457 1842 1631 1870 vetustate
1657 1847 1756 1880 rugo-

1049 1899 1135 1920 sum.

1095 1939 1257 1970 Tesseruza
1265 1937 1324 1977 sur
1338 1938 1492 1978 possidet]
1514 1938 1524 1955 ‘
1541 1938 1608 1971 Qui
1625 1948 1668 1969 ex
1684 1947 1754 1969 ma—

1046 1989 1253 2020 numissione
1277 1988 1369 2019 cives
1397 1989 1540 2020 Romani
1561 1987 1754 2020 efficieban-

1046 2044 1114 2079 tur,
1143 2039 1177 2069 in
1207 2047 1346 2069 numero
1373 2038 1497 2070 civium
1527 2040 1755 2071 Romanorum

1047 2089 1254 2120 frumentum
1298 2089 1474 2129 publicum
1512 2089 1755 2130 accipiebant!

1047 2142 1144 2172 Vett.
1160 2141 1273 2172 Gloss.
1287 2144 1322 2171 et
1335 2140 1472 2181 quidem
1491 2141 1610 2181 gratis,
1620 2149 1665 2171 ex
1680 2141 1755 2181 lege

1047 2192 1117 2222 lata
1132 2200 1157 2227 a,
1167 2190 1290 2221 Publio
1310 2191 1428 2221 Clodio
1450 2189 1603 2221 Tribuno
1626 2189 1755 2231 Plebis,

1048 2242 1173 2273 Pisone
1190 2245 1225 2272 et
1241 2241 1389 2272 Gabinio
1407 2240 1620 2280 Consulibus,
1635 2244 1674 2272 ut
1696 2250 1756 2272 no-

1050 2297 1103 2324 tat
1116 2291 1298 2323 Paedianus
1315 2291 1356 2321 ad
1376 2291 1477 2322 Orat.
1491 2290 1596 2321 Tullii
1611 2290 1644 2321 in
1661 2290 1757 2321 Piso-

1048 2354 1138 2375 nem.
1190 2343 1331 2374 Scilicet
1366 2352 1507 2373 annonae
1545 2342 1757 2373 Procurator

1050 2404 1206 2434 magnam
1224 2393 1404 2434 quotannis
1421 2392 1583 2423 frumenti
1601 2392 1667 2422 vim
1689 2392 1757 2423 col-

1050 2444 1191 2484 ligebat,
1217 2449 1251 2474 et
1283 2443 1446 2483 erogabat
1481 2443 1521 2473 iis
1548 2442 1755 2483 pauperibus

1049 2495 1106 2534 qui
1124 2498 1287 2524 tesseram
1316 2503 1374 2524 seu
1398 2496 1512 2523 notam
1533 2497 1611 2524 ante
1639 2493 1756 2525 datam

1050 2547 1351 2584 repraesentarent,
1376 2553 1442 2584 qua
1467 2544 1558 2574 cives
1583 2544 1754 2575 Romanos

1049 2604 1122 2625 csse
1157 2598 1343 2625 constaret.
1401 2594 1442 2624 In
1472 2604 1513 2625 ea
1541 2595 1759 2627 scribebatur

1049 2654 1172 2676 nomen
1185 2644 1327 2676 hominis
1343 2648 1379 2676 et
1392 2644 1526 2686 Tribus,
1542 2655 1573 2676 v.
1591 2655 1623 2686 g.
1662 2644 1755 2677 Pub-
