1888 3032
277 143 362 185 224

276 249 344 281 sius
359 260 492 281 sensnm
505 249 796 287 absolverat‚cum
812 248 982 279 volentem

277 300 444 332 sciscitari
462 300 502 330 ab
518 300 596 338 isto,
614 308 655 329 an
670 309 735 329 non
760 299 882 331 Jovem
900 309 981 340 quo-

276 351 325 381 vis
336 350 451 390 judice
470 350 612 379 humano
629 354 768 391 putaret
787 350 982 390 justiorem,

276 400 461 431 antevertit
491 399 657 438 petitione
685 409 744 430 sua
771 400 847 440 iste,
875 406 909 431 ct
934 401 981 431 ait

275 447 423 482 cuinam?
461 450 555 491 quasi
584 449 798 491 stupefactus
829 452 980 482 novitate

272 500 373 540 liujus
411 500 690 540 interrogationis
728 501 856 542 excipit
898 511 980 532 vcro

274 551 427 590 Persius,
440 549 585 586 cainum?
611 552 784 583 Casanbon.

316 604 358 632 19
380 602 447 641 Vis,
458 601 528 642 ἥκῃ]
545 602 660 633 Staius
675 607 767 633 tutor
780 603 979 643 pupillurius

272 651 358 683 fnit:
385 653 495 684 Gutta
516 658 550 683 et
568 652 689 691 Albus,
708 658 742 684 et
759 655 874 685 cwteri
892 664 978 694 prae-

269 703 388 744 positi,
401 703 696 744 suerunffiudices:
712 705 768 745 qui
784 705 816 735 in
831 705 979 736 Juniano

267 754 400 795 judicio
411 756 577 795 corrupti,
596 755 825 795 Oppianicum
843 755 978 786 damna-

274 810 407 838 verunt.
424 806 489 836 Vet.
502 805 682 837 Solu-*1⁷25
692 805 797 845 Staio]
810 806 914 838 Quasi
928 806 977 836 di-

272 861 340 895 cat,
354 857 479 898 qnaeris
495 857 547 888 cui
562 856 736 887 hominum
751 856 872 887 Jovem
884 860 977 887 ante-

272 907 467 948 ponendum
492 908 672 938 censeam?
703 916 836 947 possem
861 906 976 938 dicere

271 958 416 997 nullum;
434 958 492 989 sed
507 957 583 988 dico
597 957 686 998 quod
700 966 823 997 negare
835 966 902 988 non
920 967 977 996 po-

270 1009 463 1047 tes‚J0vem
475 1009 569 1040 Staio
587 1009 705 1040 saltem
724 1013 899 1049 praestare.
917 1011 977 1041 Ca-

268 1058 354 1088 smeb.
374 1059 454 1090 Fuit
467 1064 578 1090 autem
592 1060 644 1090 hic
659 1060 767 1090 Staius
776 1059 897 1090 Albius
907 1060 977 1101 Op-

269 1109 437 1148 pianicus,
461 1110 519 1150 qui
543 1109 718 1140 veneficiis
745 1109 975 1149 Oppianicum

268 1158 411 1191 fratrem
438 1164 474 1191 et
504 1170 645 1191 uxorem
675 1160 866 1191 Cluentiam
903 1161 974 1201 ejus

268 1210 456 1250 gravidam,
473 1211 769 1252 appropinquante
788 1215 889 1251 partu
906 1221 974 1242 sus-

267 1261 358 1293 tulit.
383 1262 510 1293 Contra
525 1272 624 1303 quem
640 1262 711 1294 Cic.
724 1271 784 1302 pro
802 1262 972 1294 Cluentio.

267 1312 478 1344 Lahiru—An
488 1313 622 1352 scilicet]
641 1314 726 1344 Haec
740 1313 786 1344 ita
797 1323 862 1344 uno
877 1313 973 1354 spiri-

266 1366 304 1393 tu
320 1364 564 1403 continuanda,
588 1364 720 1395 sublata
737 1364 974 1404 interrogatio-

266 1412 317 1443 nis
329 1417 423 1453 nota,
435 1424 508 1454 quae
521 1414 621 1453 vulgo
636 1414 774 1454 ponitur
788 1418 864 1454 post
874 1414 971 1445 heres.

263 1462 415 1503 Scilicet,
432 1464 554 1505 inquit,
579 1464 738 1495 dubitare
766 1465 888 1505 aliquis
916 1475 973 1506 po-

266 1516 348 1553 test,
362 1514 425 1545 hoc
443 1519 508 1554 est,
536 1515 669 1545 omnino
698 1515 856 1545 dubitare
873 1525 972 1546 nemo

266 1568 395 1604 potest,
412 1565 493 1606 quin
509 1565 628 1596 melior
645 1566 688 1596 sit
703 1564 837 1596 futurus
849 1566 971 1606 judex,

266 1624 365 1654 quam
393 1615 519 1645 Staius.
545 1615 717 1645 Cusaubon.
765 1615 804 1645 Ei
827 1615 917 1655 apud
936 1623 971 1647 se

265 1663 481 1702 deliberanti,
490 1664 613 1705 ecquid
625 1665 748 1696 Jovem
763 1666 866 1695 etiam
878 1666 971 1697 Staio

266 1713 372 1745 vellet
397 1723 611 1755 praeponere,
638 1714 679 1744 ob
712 1714 746 1744 id
775 1714 971 1755 indignatur

265 1762 387 1795 Poeta.
433 1764 539 1796 Quasi
554 1763 667 1794 dicat:
692 1763 746 1794 An
761 1765 895 1796 dubitas
913 1766 970 1796 ad-

265 1812 344 1853 huc,
361 1814 432 1854 quis
460 1814 548 1844 inter
574 1814 697 1846 Jovem
714 1819 749 1845 et
765 1810 895 1845 Staium
913 1824 970 1855 po-

265 1863 332 1894 tior
348 1865 514 1904 etjnstior
537 1864 647 1905 judex
662 1864 719 1904 sit,
735 1869 769 1895 et
787 1865 900 1905 pueris
917 1875 968 1896 or-

263 1912 327 1954 bis,
342 1915 396 1945 vel
413 1915 551 1955 pupillis
567 1915 692 1956 aptior,
707 1916 761 1946 vel
789 1916 901 1947 utilior
918 1920 968 1947 tu-

261 1963 318 1995 tor
334 1964 469 1996 futurus
487 1966 551 1996 sit?
574 1965 688 1998 Lubin.

305 2018 347 2046 20
372 2016 464 2055 Quis,
479 2016 549 2056 Sym]
573 2015 628 2047 Ad
652 2018 782 2047 scelera
807 2016 892 2048 Staii
913 2027 967 2048 re-

260 2065 374 2105 spicit.
430 2067 538 2098 Quasi
570 2067 677 2098 dicat:
719 2067 782 2098 Cui
814 2067 967 2107 dubium,

261 2116 342 2157 quin
359 2117 472 2148 Staius
490 2117 635 2147 omnium
655 2117 815 2157 judicum
828 2122 862 2148 et
879 2122 967 2149 tuto-

261 2175 337 2197 rum
363 2166 408 2198 sit
431 2167 695 2207 perditissimus,
716 2167 857 2207 Jupiter
884 2177 965 2198 vero

261 2216 410 2256 ‘optimus
442 2225 482 2248 ac
514 2218 676 2249 immenso
708 2218 887 2248 intervallo
911 2219 965 2250 hic

259 2265 308 2296 illi
327 2266 584 2307 praeferendus?
600 2268 707 2298 Idem.

303 2318 344 2346 21
362 2317 642 2357 ‘Hoc'igit11r,&c.]
668 2318 702 2348 Si
718 2328 799 2359 ergo
814 2318 871 2349 illa
887 2322 967 2349 vota

261 2363 363 2394 etiam
379 2366 553 2397 sceleratis
568 2367 705 2407 ingrata
721 2372 886 2408 sunt‚quo
898 2378 966 2399 ma-

262 2413 312 2453 gis
328 2414 653 2455 Jovi?—1mpellere]
689 2418 873 2459 Inducere,
891 2428 967 2459 per-

261 2463 418 2502 suadere,
433 2466 486 2495 vel
503 2475 635 2505 urgere.
681 2467 780 2498 Idem.

303 2517 345 2545 22
370 2515 447 2554 Dic,
461 2514 529 2555 Sym]
565 2515 606 2546 Id
623 2521 687 2555 est,
702 2516 778 2556 Age
805 2518 875 2557 illa,
890 2528 965 2558 qua:

260 2564 341 2597 Jovi
368 2565 457 2596 inter
483 2566 689 2606 precandum
713 2566 810 2605 dicis,
829 2568 882 2598 dic
909 2568 966 2598 illa

262 2619 299 2646 et
315 2615 489 2646 committe
513 2616 651 2647 auribus
666 2617 764 2656 Staii,
779 2618 833 2647 vel
851 2623 932 2657 pete
947 2627 965 2648 a

260 2664 491 2706 Staio.—Pr0,
517 2666 584 2707 ζα]
619 2667 660 2697 Id
677 2673 743 2707 est,
763 2668 877 2698 Staius
895 2669 965 2708 ple-

261 2722 324 2745 nus
348 2714 422 2756 irae,
445 2714 569 2748 furoris
587 2720 621 2748 et
638 2717 891 2759 indignationis,
917 2718 966 2749 in-

743 154 884 185 NOTAE

920 154 1185 185 VAR10RUM
1219 157 1271 186 IN

1034 249 1196 280 clamabit
1233 249 1366 282 Jovcm.
1412 251 1518 284 Quasi
1557 251 1668 282 dicat:
1708 250 1740 283 0

1033 299 1185 339 Jupiter!
1212 300 1307 331 audis
1328 301 1399 332 liaec
1417 305 1452 333 et
1470 311 1535 333 non
1561 301 1744 333 fulminas?

1032 348 1148 380 Lubin.

1076 402 1116 430 23
1141 400 1281 440 Jupiter,
1304 402 1372 443 effa]
1395 402 1454 432 Vis
1480 402 1534 433 hic
1558 404 1740 444 imparium

1032 450 1198 490 majorum
1225 451 1322 481 latet.
1379 451 1470 491 Ergo
1501 453 1608 484 multo
1634 454 1742 493 magis

1032 500 1127 531 Deus
1154 501 1225 541 ipse
1250 501 1461 540 inclamabit,
1489 502 1539 533 ira
1569 507 1604 534 ct
1631 503 1740 543 indig-

1029 551 1169 582 natione
1184 556 1307 583 motus.
1332 552 1401 582 Alii
1419 562 1480 593 pro
1493 555 1538 592 at,
1550 554 1590 584 ad
1605 553 1737 594 legunt.

1030 602 1146 634 Lubin.

1073 655 1113 683 21
1155 653 1323 694 Ignorisse,
1347 653 1415 694 ὂψ]
1451 654 1654 695 Respondet
1681 653 1740 685 ob-

1023 701 1168 741 jectioni
1186 704 1314 744 tacitae,
1330 704 1429 736 Quod
1442 705 1555 735 Deum
1567 714 1634 736 non
1648 715 1740 736 com-

1030 758 1179 784 moveat.
1218 754 1308 785 Nam
1323 754 1350 784 si
1365 760 1639 787 commoveretur
1654 756 1741 797 ejus-

1031 803 1123 834 modi
1149 804 1250 843 votis,
1283 804 1424 834 fulmine
1447 805 1564 836 statim
1589 806 1737 847 aliquem

1030 858 1239 894 percuteret.
1264 855 1380 885 valer.
1425 854 1435 871 ‘
1457 855 1570 886 Lento
1599 856 1737 897 quidem

1031 905 1149 945 gradu,
1165 904 1207 935 ad
1226 905 1412 936 vindictam
1435 905 1550 936 divina
1578 906 1737 946 procedit

1028 954 1089 995 ira,
1103 955 1162 986 sed
1179 955 1378 986 tarditatem
1395 956 1554 996 supplicii
1568 957 1738 997 gravitate

1028 1008 1251 1048 compensat!
1285 1008 1400 1040 Lubin.
1446 1009 1492 1039 Et
1519 1008 1554 1039 hi
1580 1009 1646 1040 duo
1664 1019 1738 1040 ver-

1029 1067 1083 1087 sus
1114 1058 1185 1088 sine
1214 1058 1484 1098 interrogatione
1509 1059 1628 1090 melius
1656 1060 1739 1091 scri-

1028 1107 1175 1138 buntur:
1217 1113 1255 1139 ut
1281 1108 1549 1149 pronuntientur
1572 1119 1591 1140 a
1614 1110 1736 1142 Persio

1028 1156 1143 1198 ἁπλῶς,
1158 1164 1318 1190 narrante
1331 1160 1418 1190 hanc
1433 1159 1525 1201 vulgi
1541 1160 1736 1192 stultitiam.

1029 1209 1332 1250 &mahom—Iler]
1368 1210 1507 1251 Species
1546 1210 1735 1241 durissimae

1026 1270 1182 1300 quercus,
1207 1262 1276 1292 alta
1301 1265 1335 1291 et
1353 1260 1513 1301 grandis;
1548 1260 1592 1291 ob
1619 1260 1653 1291 id
1670 1259 1735 1292 ful-

1024 1310 1145 1341 minari
1162 1310 1241 1341 talia
1257 1311 1378 1341 solent.
1424 1310 1539 1341 Lubin.

1068 1365 1107 1392 25
1133 1362 1298 1402 Sulphure,
1313 1361 1380 1401 8502]
1401 1362 1550 1402 Sulphur
1562 1362 1651 1393 enim
1676 1362 1736 1393 ad-

1017 1413 1178 1453 junctum
1194 1412 1359 1452 fulminis,
1378 1412 1519 1452 sulphur
1535 1412 1734 1445 redolentis.

1023 1464 1107 1493 Tum
1117 1462 1242 1501 fulmen
1265 1462 1379 1503 ignem
1399 1471 1534 1493 sacrum
1549 1462 1733 1495 vocabant.

1023 1514 1124 1545 'Iclem-

1067 1567 1108 1595 26
1132 1564 1183 1596 An
1210 1564 1294 1604 qnia,
1322 1564 1391 1603 ὅκῃ]
1424 1564 1468 1595 In
1496 1574 1558 1595 usu
1586 1563 1665 1606 fuit,
1693 1569 1732 1596 ut

1024 1619 1180 1655 augures,
1211 1615 1263 1645 vel
1303 1615 1477 1655 aruspices
1513 1615 1653 1646 adducti
1688 1615 1731 1647 de

1023 1666 1175 1702 Etruria,
1203 1666 1306 1696 certis
1342 1665 1553 1705 temporibus
1588 1665 1732 1697 fulmina

1022 1716 1262 1757 transfigurata
1286 1717 1318 1746 in
1335 1716 1467 1756 lapides
1493 1715 1583 1748 infra
1604 1719 1731 1748 terram

1022 1767 1288 1806 absconderent,
1303 1767 1400 1807 cujus
1418 1766 1662 1807 impetratione
1681 1767 1729 1798 rei

1021 1827 1100 1849 oves
1137 1817 1412 1848 immolabantur.
1464 1817 1532 1848 Vet.
1559 1815 1731 1848 Sch.—An

1021 1869 1104 1909 quia,
1127 1868 1198 1908 ξπ]
1244 1868 1299 1898 Ad
1331 1867 1516 1898 secundam
1552 1867 1730 1907 prolepsin

1020 1918 1217 1958 respondet.
1289 1918 1453 1951 Quamvis
1487 1927 1555 1948 non
1588 1917 1728 1949 fulmine

1020 1978 1202 2009 percussus
1228 1968 1261 1998 in
1286 1968 1363 1999 luco
1383 1967 1514 2008 jaceas,
1538 1971 1653 1997 tamen
1669 1967 1728 1999 Jo-

1020 2028 1094 2050 vem
1109 2028 1174 2049 non
1192 2018 1296 2049 debes
1313 2017 1638 2057 irridere—Fibra]
1661 2018 1731 2048 Ex-

1020 2070 1062 2100 tis
1088 2075 1124 2100 et
1147 2069 1313 2100 intestinis
1328 2068 1455 2107 ovium,
1476 2067 1597 2108 quibus
1614 2068 1730 2109 expia-

1019 2119 1255 2158 ris.—-¹Oritcm]
1281 2118 1369 2151 Quia
1393 2118 1443 2148 his
1471 2118 1664 2150 mitioribus
1680 2118 1728 2150 ci-

1019 2169 1086 2199 tius
1102 2169 1272 2209 putabant
1288 2169 1371 2199 iram
1398 2169 1546 2199 Deorum
1562 2168 1726 2209 mitigarI.

1018 2219 1315 2259 Lubin.—-Fz'bris,
1353 2218 1420 2258 ξω]
1458 2218 1516 2249 Ἓν
1551 2219 1599 2249 διὰ
1632 2221 1726 2252 δυοῖν.

1019 2270 1141 2310 Neque
1175 2270 1263 2300 enim
1301 2269 1369 2299 duo
1401 2273 1477 2300 sunt
1514 2270 1726 2302 consultores

1019 2320 1179 2360 Ergenna
1200 2325 1234 2350 et
1260 2319 1354 2350 fibrae
1380 2319 1503 2358 ovium,
1520 2320 1580 2350 sed
1597 2321 1726 2351 consul-

1019 2369 1062 2400 tis
1099 2375 1324 2400 mactatarum
1362 2369 1475 2400 ovium
1505 2369 1612 2408 fibris,
1645 2370 1724 2410 quid

1018 2429 1102 2459 opus
1128 2420 1170 2450 sit
1199 2419 1301 2450 docet
1327 2420 1497 2459 Ergenna.
1546 2419 1724 2450 Casaub.—

1018 2470 1240 2509 Ergennaque]
1279 2471 1456 2509 Ergennas
1486 2470 1576 2500 enim
1601 2480 1724 2502 nomen

1017 2520 1191 2558 proprium
1208 2519 1402 2549 Sacerdotis
1417 2518 1586 2558 fulgurum
1609 2519 1725 2551 condi-

1017 2568 1113 2606 toris,
1143 2567 1321 2608 Aruspicis
1352 2569 1724 2612 Hetrusci.-Jubente]

1016 2618 1189 2658 Tanquam
1219 2619 1274 2648 ille
1305 2619 1458 2659 juberet,
1488 2619 1598 2650 locum
1628 2620 1723 2652 illum

1016 2677 1081 2698 non
1114 2669 1324 2708 tangendum
1352 2678 1436 2699 esse.
1494 2669 1608 2701 Lubin.

1053 2721 1092 2749 27
1119 2718 1284 2760 Bidental]
1301 2720 1412 2751 Locus
1429 2729 1527 2753 sacro
1540 2730 1722 2762 percussus
