1888 3032
754 141 817 170 DE
851 139 1040 171 PERs1o.
1547 127 1631 168 287

465 235 529 266 Ille
544 244 608 275 ego
623 235 679 276 qui
694 235 728 265 in
744 234 873 274 Satyris
887 244 953 266 non
971 235 1109 266 ultimus
1123 243 1197 265 esse
1215 233 1327 275 poetis

510 288 618 319 Dicor
633 292 668 319 et
684 288 860 319 obscurum
880 287 1109 328 composuisse
1123 287 1261 318 librum·

466 342 518 372 Ex
533 342 657 372 Flacco
675 340 818 382 gravida
835 341 967 381 peperit
984 351 1037 371 me
1055 341 1174 371 Fulvia
1191 344 1325 378 mater3

509 395 563 426 Tu
575 395 672 434 mihi,
689 396 838 425 cornute
857 394 969 432 docte,
984 393 1146 432 magister
1162 403 1236 423 eras
1253 403 1259 423 :

468 449 624 482 Quatuor
638 449 671 478 in
687 447 797 478 studio
815 457 878 478 nec
893 447 1002 477 adhuc
1020 456 1083 487 ego
1099 447 1205 477 lustra
1220 446 1359 486 peregi:

510 501 663 541 Cumque
680 510 763 540 opus
779 500 866 530 haud
884 499 983 531 facile
999 499 1127 539 fingere
1145 500 1179 529 M
1187 510 1245 530 usa
1260 499 1369 530 dedit„

465 552 556 584 Ante
572 557 792 594 expectatum
810 553 967 583 Lachesis
991 562 1044 583 mc
1063 553 1188 593 pressit
1204 552 1328 584 acerbo

509 608 643 637 Funere
658 617 666 637 ε
691 606 775 646 Dic,
793 606 885 636 Persi
902 606 1044 648 (Lector
1068 606 1190 647 amice)
1206 607 1283 638 vale.

382 694 422 726 In
439 703 557 725 aversa
574 692 696 734 pagina
717 692 844 733 legitur
855 691 1107 733 Argumentum
1125 693 1158 723 in
1174 702 1259 733 opus
1274 690 1404 723 Persii:

470 769 619 808 Corrigit
637 768 670 799 in
686 769 787 809 primu
804 768 983 799 laudantes
999 768 1098 798 molle
1115 767 1258 808 poema:

468 823 655 854 Perversos
669 831 780 852 mores
790 831 829 852 ac
841 821 947 862 impia
965 826 1043 852 vota
1058 823 1190 852 secunda
1200 832 1210 852 .·

469 876 592 907 Molles
611 880 645 907 et
662 876 779 916 pigros
797 877 975 907 satirarum
992 876 1088 906 tertia
1103 876 1240 906 mordet
1255 886 1263 906 ε

471 930 623 971 Corrigit
639 930 672 960 in
689 930 974 970 quarlajuvenem
987 930 1069 960 satis
1086 928 1322 959 ambitiosum:

470 983 651 1015 Libertate
668 994 752 1024 opus
768 988 820 1014 est
835 993 875 1014 ex
889 984 998 1024 quinta
1013 981 1262 1024 philosophanti
1277 992 1285 1012 2

470 1037 538 1069 Qui
553 1037 666 1070 miseri
683 1037 802 1069 vivunt
819 1048 880 1079 per
893 1041 1016 1069 sextam
1032 1036 1123 1068 rodit
1140 1045 1273 1067 avaros.

212 1122 355 1163 Prologi
375 1122 531 1153 Persiani
558 1123 659 1154 litera
683 1123 820 1155 initialis
837 1123 871 1154 N

170 1173 336 1214 quadrata
351 1173 532 1213 coloribus,
557 1183 744 1215 purpureo,
758 1173 873 1205 viridi-

169 1233 235 1265 que
253 1227 289 1254 et
305 1233 385 1253 auro
403 1223 566 1254 distincta
582 1228 647 1264 est,
671 1228 706 1255 et
729 1229 872 1266 uterque

169 1276 302 1315 paginae
316 1275 432 1315 primae
450 1285 565 1315 margo
581 1274 720 1306 floribus
734 1277 874 1316 pulchre

171 1325 213 1355 ad
228 1325 339 1355 vivum
355 1325 456 1365 pictis
472 1329 618 1355 ornatus
651 1326 779 1355 Textus
796 1325 874 1355 dein

172 1375 290 1414 glossis
318 1375 512 1406 verbalibus
548 1375 656 1416 iisque
691 1376 874 1407 levioribus

173 1425 461 1465 interlinearibus,
471 1425 574 1457 credo
591 1426 623 1456 in
638 1436 733 1456 usum
751 1426 875 1466 princi-

929 1124 980 1163 pis
997 1123 1134 1162 alumni,
1151 1130 1352 1162 perspersus
1376 1119 1458 1150 nihil
1478 1119 1551 1150 fere
1569 1119 1632 1150 sin-

929 1175 1047 1215 gulare
1072 1174 1188 1212 habet,
1216 1172 1304 1213 quod
1325 1172 1546 1202 Casaubonus
1564 1180 1631 1201 non

929 1224 1067 1263 viderit,
1103 1229 1139 1255 et
1171 1221 1395 1263 judicaverit,
1432 1221 1633 1261 plerumque

928 1274 1140 1315 improbarit.
1162 1273 1365 1314 Speciminis
1390 1276 1503 1303 tamen
1531 1280 1634 1303 causa

930 1325 1108 1367 prologum
1120 1325 1252 1364 damus,
1264 1334 1340 1355 cum
1355 1323 1476 1354 tertius
1492 1331 1634 1363 praeser-

929 1377 990 1407 tim
1022 1387 1137 1408 versus
1163 1377 1264 1407 aliam
1290 1376 1487 1413 lectionem,
1510 1374 1637 1404 Casan·

930 1427 1017 1459 bono
1032 1432 1126 1458 certe
1138 1427 1224 1458 haud
1237 1430 1471 1465 memoratam,
1484 1423 1609 1455 inferat
1624 1434 1632 1454 ι

516 1501 592 1532 Nec
607 1500 700 1532 fonte
717 1502 812 1532 labra
831 1503 941 1542 prolui
955 1503 1122 1534 caballino

517 1554 593 1585 Nec
610 1554 643 1584 in
661 1554 792 1594 bicipiti
811 1555 993 1586 somniasse
1011 1565 1156 1596 parnaso

515 1607 658 1638 Memini
672 1618 720 1638 me
736 1611 768 1637 ut
785 1608 829 1638 sic
841 1611 966 1648 repente
982 1609 1083 1648 poeta
1100 1607 1272 1648 prodirem

518 1660 830 1702 Heliconiadasque
848 1662 1078 1703 pallidamque
1097 1662 1249 1702 pirenem

515 1715 589 1745 Illis
607 1715 744 1755 relinquo
759 1725 900 1756 quorum
917 1716 1079 1756 imagines
1097 1715 1252 1746 lambunt

517 1768 666 1799 Hederae
685 1779 860 1810 sequaces,
877 1769 949 1809 ipse
963 1769 1198 1809 semipagonus

517 1820 575 1852 Ad
591 1831 687 1852 sacra
695 1822 810 1860 fatum
827 1831 964 1853 carmen
979 1821 1084 1853 affero
1102 1826 1266 1852 nostrum.

519 1874 604 1907 Quis
620 1874 797 1915 expedivit
814 1875 961 1914 psittaco
975 1884 1068 1905 suum
1083 1875 1182 1904 chaere

518 1927 689 1968 Picasque
704 1927 820 1958 docuit
836 1932 952 1958 nostra
966 1928 1071 1958 verba
1088 1927 1228 1958 conari?

518 1981 688 2021 Magister
703 1981 797 2020 artis,
814 1982 1009 2022 ingeniique
1022 1982 1166 2020 largitor

518 2035 664 2075 Venter,
680 2040 819 2075 negatas
836 2035 958 2066 artifex
984 2037 1078 2076 sequi
1097 2044 1209 2065 voceS.

519 2088 621 2120 Quod
637 2088 662 2118 si
680 2088 789 2118 dolosi
806 2098 881 2129 spes
899 2088 1072 2119 refulserit
1095 2088 1209 2119 nnmiz

519 2141 646 2172 Corvos
664 2142 797 2182 poetaS,
814 2147 849 2172 et
866 2142 1036 2182 potiti-idas
1054 2143 1147 2183 picas

519 2193 668 2225 Cantare
685 2194 806 2225 credas
819 2205 1054 2235 perpegaseum
1071 2196 1188 2227 melos,

219 2267 406 2299 Satirarum
431 2267 509 2299 dein
533 2268 640 2302 literae
665 2268 812 2298 initiales
836 2268 880 2307 O,

177 2317 224 2359 H,
242 2319 288 2358 N,
304 2319 345 2358 R,
360 2318 403 2358 V,
420 2318 448 2348 A
464 2317 602 2357 desunt,
627 2317 717 2359 quod
741 2318 880 2349 artificis

934 2279 1051 2299 manus
1078 2267 1258 2299 defecerit.
1304 2266 1344 2297 In
1369 2266 1440 2297 Sat.
1466 2274 1493 2296 1.
1516 2266 1547 2296 2.
1565 2271 1638 2303 sqq.

934 2319 982 2350 sic
998 2318 1209 2359 interpuncti
1224 2318 1406 2358 leguntur:

438 2386 522 2419 Quis
538 2387 631 2427 leget
648 2387 736 2418 hec?
761 2387 828 2417 min
846 2392 882 2418 tn
897 2387 986 2418 istud
1006 2388 1079 2418 ais?

436 2441 570 2471 Nemo?
594 2441 734 2471 hercule
759 2450 867 2472 nemo.

435 2494 498 2523 Vel
514 2494 579 2524 duo
598 2494 672 2525 vei?
699 2494 820 2525 Nemo.
840 2499 941 2539 turpe
957 2500 992 2526 et
1008 2494 1213 2526 miserabile.
1231 2491 1358 2534 quare?

220 2566 288 2597 Sed
311 2567 484 2599 mittamus
501 2574 618 2600 cetera,
638 2570 775 2601 Codicis
801 2580 881 2611 apo-

181 2617 312 2658 graphi,
335 2618 447 2650 forsan
475 2630 520 2650 ex
546 2620 600 2651 ed.
632 2621 745 2662 aliqua
771 2626 886 2652 vetus-

180 2668 267 2700 tiore
285 2667 458 2711 descripti,
471 2681 547 2702 cum
560 2681 679 2713 parum
695 2671 773 2704 inde
787 2682 884 2704 acce-

937 2571 1019 2602 dere
1037 2574 1140 2612 queat
1166 2569 1210 2600 ad
1233 2565 1481 2598 emendandum
1496 2562 1641 2598 textum,

937 2621 1060 2653 menda
1076 2622 1176 2663 plura
1187 2620 1260 2660 ipse
1276 2613 1458 2648 admiserit.
