1888 3032
249 170 307 213 56

752 181 798 211 A.
833 178 996 209 PERSH
1034 180 1205 210 FLACffl
1258 186 1264 190 '

251 274 364 326 Quae
387 277 470 316 nisi
493 276 684 317 seductis
706 288 898 327 nequeas
919 269 1187 316 Committere
1209 275 1354 316 Divis.

248 343 310 384 At
330 345 447 385 bona
469 358 569 397 pars
592 356 818 396 procerum
840 343 973 383 tacita
994 343 1150 384 libavit
1170 356 1334 383 acerra.

882 416 964 461 est,
1022 424 1301 466 murmurque
1338 411 1605 464 humilesque
1645 424 1714 451 su-

252 412 387 453 Haud
429 412 568 452 cuivis
609 415 823 464 promtum

421 493 563 520 surros

1681 343 1710 382 5

249 547 421 587 Tollere
445 547 497 586 de
518 547 707 601 templis,
735 551 778 588 et
799 539 948 600 aperto
971 548 1116 587 vivere
1137 550 1254 587 voto.

251 614 379 655 Mens
401 615 530 664 bona,
554 614 686 665 fama,
711 614 831 664 fides,
855 615 950 655 haec
973 615 1104 664 clare,
1126 618 1167 654 et
1190 617 1239 653 ut
1259 612 1408 654 audiat
1427 613 1584 666 hospes
1607 627 1616 654 ε

247 740 318 768 ‹Ir're
336 739 409 769 Diis
424 739 483 769 nisi
498 740 632 770 semotis.

679 740 741 770 Sed
762 739 935 779 potentium
953 749 1065 777 magna
1092 750 1165 778 pars
1190 739 1378 781 sacrificabit
1404 739 1561 770 thuribulo
1585 743 1713 771 secreto.

252 784 266 811 (
273 781 388 812 'uilibet
407 782 507 819 facile
523 792 580 813 non
597 786 639 813 est
658 792 697 812 ex
712 782 831 812 a’dibus
845 782 943 812 sacris
957 783 1125 812 amandare
1147 785 1177 812 ct
1193 782 1285 812 rerba
1299 786 1393 812 secret
1398 793 1428 820 o,
1444 786 1474 812 et
1489 791 1573 812 voces
1588 783 1714 813 submis-

249 834 319 861 sum
343 827 372 855 et
390 827 486 855 ritum
502 835 593 865 agere
605 824 835 866 precationibus
849 824 1033 862 manifestis.
1074 825 1146 855 Sint
1162 825 1284 855 animus
1299 835 1402 864 sanus>
1416 825 1494 855 bona
1511 825 1717 866 existimatio,

866 919 980 930 ““““

986 919 1097 930 eeeeee

292 978 311 1006 2
334 979 465 1016 apponet
489 977 590 1007 (:.--5
616 978 803 1017 Perperam
820 977 876 1007 alii
893 976 970 1007 libri
983 976 1111 1006 libabit.-
1135 975 1303 1006 nonenim
1316 975 1363 1006 sic
1388 975 1500 1006 Latini
1516 975 1714 1016 loquuntur,

910 1057 1049 1089 NOTAE

251 1121 473 1162 Eutyphmne
512 1122 560 1154 ait
594 1123 805 1164 quorundam
833 1125 954 1162 peten-

249 1171 332 1201 tium
350 1172 545 1212 religionem
563 1173 671 1203 videri
686 1177 837 1203 mutuam
857 1172 952 1202 Deos

249 1220 339 1252 iuter
356 1226 391 1252 et
403 1222 554 1253 homines
569 1222 859 1253 nundinationem.
889 1222 953 1253 Pe-

250 1273 379 1303 tronius
417 1272 459 1303 de
497 1273 584 1303 illis:
624 1274 632 1289 ¹
646 1272 796 1311 Statim‚'
830 1272 952 1312 inquit,

248 1323 256 1338 ‘
273 1329 454 1363 autequam
481 1324 583 1354 limen
610 1322 770 1364 Capitolii
801 1326 953 1363 tangant,

248 1373 332 1403 alius
371 1373 493 1404 donum
533 1373 717 1414 promittit,
751 1373 775 1403 si
814 1373 953 1413 propin-

248 1433 351 1464 quum
370 1424 510 1455 divitem
528 1424 707 1462 extulerit;
732 1423 816 1454 alius
837 1423 864 1454 si
881 1422 952 1453 the-

248 1483 383 1505 saurum
400 1473 583 1514 effoderit‚’
596 1477 661 1506 See.

290 1526 309 1553 4
334 1523 491 1564 seductis]
538 1525 643 1557 Quasi
663 1534 814 1555 seorsum
839 1524 952 1556 ductis

248 1579 284 1604 et
312 1574 413 1613 clam,
443 1575 521 1615 quia
548 1574 655 1615 pudet
682 1575 848 1615 ejusmodi
873 1579 953 1606 vota

247 1625 358 1664 palam
390 1625 503 1656 facere
532 1631 567 1656 et
597 1636 711 1657 coram
749 1626 950 1666 hominibus,

247 1685 389 1715 quorum
418 1676 490 1706 illos
517 1685 582 1707 non
600 1676 705 1716 pudet
722 1686 834 1706 eoram
860 1676 949 1707 Diis.

248 1724 316 1755 Alii
333 1726 509 1766 explicant
525 1725 694 1766 corruptis
711 1735 773 1765 per
789 1735 950 1757 munera:

248 1773 308 1805 sed
325 1784 390 1804 non
408 1775 531 1814 placet.

291 1824 447 1865 Nequeas]
493 1825 534 1856 Id
563 1829 627 1865 est,
655 1836 721 1856 non
745 1826 885 1865 audeas,¹
898 1827 950 1856 vel

249 1884 314 1905 non
330 1876 437 1915 possis
455 1876 525 1906 sine
544 1875 685 1916 pudore,
700 1881 735 1908 et
751 1877 899 1917 impune.

290 1929 308 1955 5
333 1925 466 1965 Acerra]
490 1927 558 1956 Vas
573 1930 625 1957 est
649 1927 681 1956 in
706 1937 771 1968 quo
797 1928 871 1958 thus
892 1927 951 1958 ad-

249 1977 406 2008 olendum
426 1977 574 2016 ponitur.
601 1977 756 2008 Tac-itam
774 1982 873 2013 vocat
887 1988 950 2019 per

249 2027 507 2066 metonymiam:
534 2027 569 2057 id
586 2032 650 2066 est,
665 2028 712 2058 illi
732 2028 830 2059 taciti
841 2029 950 2060 libant

247 2086 376 2107 acerra.
433 2077 542 2108 Porro
581 2087 734 2109 acerram
767 2079 950 2120 improprie

246 2127 451 2158 Proceribus
478 2128 596 2159 tribuit
622 2130 675 2160 hic
692 2130 847 2161 Persius:
872 2140 949 2161 nam

246 2177 372 2208 divites
389 2178 430 2208 de
445 2179 541 2209 lance
557 2179 694 2219 copiosa
707 2180 827 2219 libant,
844 2185 882 2211 ut
899 2186 951 2211 est

247 2227 280 2257 in
298 2226 364 2258 fine
381 2228 480 2268 hujus
497 2228 635 2260 satirae:
654 2239 821 2271 pauperes
836 2236 950 2262 autom

247 2286 378 2318 acerra,
395 2278 428 2308 itl
444 2283 508 2317 est,
524 2288 635 2318 pauca
651 2280 758 2310 thuris
782 2290 898 2320 grana,
915 2286 951 2312 et

247 2327 370 2367 tribus,
405 2333 441 2359 ut
475 2329 582 2369 aiunt,
618 2329 731 2370 digitis
770 2331 946 2371 prehensa.

246 2377 350 2409 Ovid.
367 2379 389 2408 l.
408 2388 457 2409 lv.
486 2380 526 2410 de
545 2380 656 2411 Ponto
674 2381 773 2422 Ele-g.
790 2384 820 2413 8.
847 2383 854 2398 ‘
872 2383 948 2413 Nee

246 2439 322 2470 qua*
337 2429 380 2460 de
395 2439 499 2469 parva
517 2439 648 2470 pauper
664 2432 741 2462 Diis
759 2433 843 2463 libat
857 2442 949 2464 acer-

246 2489 304 2519 ra;
325 2480 436 2510 Thura
461 2480 568 2511 minus
596 2481 714 2520 grandi
742 2491 842 2522 quain
869 2483 948 2513 data

246 2530 342 2562 lance
361 2530 499 2561 valent.'

288 2585 310 2612 6
333 2581 536 2621 Murmurque
575 2582 760 2623 humilesque
795 2583 948 2624 susurros]

246 2632 524 2672 luten-metantur
547 2631 619 2663 fere
642 2642 756 2663 omnes
775 2633 815 2663 de
833 2633 948 2664 tacitis

247 2683 335 2713 votis
352 2688 386 2713 et
404 2682 578 2723 precibus:
604 2683 715 2724 pauci,
743 2683 786 2713 de
813 2683 949 2714 immur-

250 2733 437 2764 muratione
469 2743 547 2775 qua,
577 2733 656 2765 dum
684 2733 828 2775 quisque
853 2735 948 2766 Deos

1009 1125 1107 1160 rogat
1122 1120 1212 1161 quod
1231 1124 1343 1161 optat,
1360 1130 1443 1151 voce
1461 1120 1608 1159 subalta,
1630 1123 1714 1150 tem-

1009 1172 1100 1211 plum
1143 1170 1295 1202 confusis
1334 1172 1475 1202 vocibus
1513 1171 1714 1212 impleretur

1009 1222 1295 1264 turbareturque:
1335 1222 1424 1264 quod
1456 1223 1557 1254 etiam
1588 1222 1635 1253 illi
1669 1221 1712 1253 ad

1008 1273 1274 1304 ostentationem
1302 1273 1493 1305 faciebant:
1520 1273 1606 1304 unde
1631 1273 1714 1304 Per-

1007 1325 1074 1354 sius
1101 1333 1200 1354 mox:
1224 1334 1308 1354 mens
1333 1324 1422 1364 bona,
1437 1326 1501 1355 ἀρ.
1531 1324 1596 1354 hoec
1622 1325 1714 1355 clare.

1008 1375 1072 1406 His
1095 1384 1159 1415 ego
1184 1374 1362 1415 astipulor,
1385 1384 1426 1405 ne
1445 1374 1603 1405 videatur
1629 1375 1714 1406 Per-

1006 1425 1074 1456 sius
1091 1426 1208 1456 cadem
1227 1425 1350 1464 saepius
1367 1424 1551 1455 inculcare.

1050 1480 1069 1507 7
1097 1476 1216 1507 Tollere
1232 1476 1269 1506 de
1286 1474 1424 1515 templis]
1468 1474 1535 1505 Vix
1553 1483 1653 1514 queas
1669 1474 1712 1504 ir-

1009 1526 1186 1566 religiosos
1214 1529 1249 1556 et
1277 1525 1398 1566 impios
1427 1525 1485 1556 hos
1517 1529 1712 1565 precatores

1008 1585 1126 1606 arcere
1143 1584 1161 1606 e
1179 1575 1328 1615 templis,
1353 1574 1438 1605 adeo
1467 1574 1636 1614 cupiditas
1655 1584 1711 1605 ex-

1007 1629 1128 1666 caecat,
1152 1630 1191 1656 ut
1215 1635 1312 1656 suum
1341 1623 1438 1655 nefas
1466 1633 1532 1654 non
1556 1624 1708 1664 videant3

1005 1676 1054 1707 sic
1081 1680 1194 1716 urget,
1216 1680 1255 1706 ut
1279 1674 1450 1706 abstinere
1476 1684 1540 1705 non
1569 1675 1711 1716 possint.

1005 1726 1062 1757 Sic
1092 1725 1183 1766 apud
1216 1725 1318 1756 Ovid.
1348 1725 1440 1755 Fast.
1467 1734 1500 1756 v.
1534 1725 1712 1756 Mercator

1006 1780 1082 1806 orat
1112 1776 1343 1806 Mercurium:
1381 1776 1458 1806 ‘Da
1486 1775 1586 1806 modo
1614 1775 1709 1806 lucra

1006 1826 1147 1857 milii...
1172 1831 1206 1856 et
1250 1826 1372 1856 emtori
1408 1825 1513 1856 verba
1551 1824 1710 1856 dedisse.’

1007 1878 1052 1908 Et
1068 1877 1158 1917 apud
1190 1876 1311 1908 Horat.
1339 1877 1451 1917 Epist.
1470 1886 1493 1907 1.
1512 1879 1563 1907 16.
1588 1877 1711 1917 impro-

1006 1928 1069 1958 bus
1101 1928 1149 1958 sic
1173 1927 1326 1968 improbe
1358 1931 1536 1968 precatur:
1572 1928 1581 1944 ⁴
1600 1926 1711 1958 Labra

1005 1984 1120 2010 movet
1146 1984 1300 2010 metuens
1318 1978 1444 2009 audiri:
1482 1978 1622 2019 pulchra
1648 1979 1710 2009 La-

1005 2041 1123 2071 verna,
1152 2031 1208 2061 Da
1238 2031 1318 2061 mihi
1351 2028 1482 2069 fallere,
1512 2029 1555 2060 da
1575 2030 1707 2070 justum

1007 2086 1231 2122 sanctumque
1260 2081 1387 2119 videri3
1413 2081 1562 2112 Noctem
1588 2091 1711 2122 pecca-

1006 2131 1060 2171 tis,
1076 2136 1111 2162 et
1125 2130 1300 2162 fraudibus
1315 2132 1427 2172 objice
1443 2132 1591 2163 nubem.'

1048 2181 1093 2211 Et
1108 2184 1215 2221 aperto
1230 2181 1346 2221 rivere]
1381 2182 1455 2213 Nec
1472 2182 1520 2212 ita
1537 2181 1640 2213 facile
1657 2188 1710 2214 est

1005 2231 1122 2271 cuivis,
1138 2241 1204 2262 non
1222 2231 1285 2262 nisi
1302 2231 1390 2262 bona
1407 2237 1539 2273 optare,
1561 2232 1646 2264 adeo
1670 2238 1707 2264 ut

1004 2292 1069 2313 non
1093 2282 1222 2323 pudeat
1249 2286 1369 2322 optata
1397 2283 1504 2323 palam
1532 2282 1708 2323 proferre3

1005 2338 1038 2364 et
1056 2334 1104 2365 sic
1123 2334 1213 2374 loqui
1230 2343 1306 2364 cum
1328 2334 1519 2364 hominibus
1547 2339 1708 2376 tanquam

1004 2384 1065 2415 Dii
1092 2384 1244 2423 audiant,
1271 2389 1307 2414 et
1333 2384 1381 2414 sic
1410 2394 1485 2415 cum
1512 2384 1596 2424 Diis,
1614 2384 1708 2425 quasi

1005 2435 1141 2466 audIant
1163 2434 1339 2466 homines:
1365 2435 1455 2475 quod
1478 2435 1706 2475 Philosophiae

1004 2488 1219 2524 praeccptum
1245 2484 1361 2514 laudat
1381 2484 1578 2515 Macrobius
1593 2485 1708 2515 Satur-

1003 2533 1069 2563 nal.
1088 2542 1110 2562 1.
1125 2536 1155 2562 7.

1046 2585 1065 2611 8
1090 2582 1184 2613 Mens
1213 2581 1303 2621 bona]
1350 2583 1509 2614 Juvenal.
1553 2583 1625 2614 Sat.
1668 2593 1705 2616 Χ.

1001 2633 1010 2650 ‘
1029 2632 1206 2664 Orandum
1238 2636 1290 2662 cst
1318 2637 1355 2662 ut
1379 2632 1424 2663 sit
1445 2642 1539 2662 mens
1563 2643 1644 2663 sana
1671 2634 1705 2665 iu

1003 2692 1147 2723 corpore
1178 2682 1282 2713 sano!
1335 2683 1464 2713 Seneca
1499 2683 1611 2723 Epist.
1651 2687 1704 2715 94.

1005 2736 1014 2751 ‘
1030 2734 1126 2774 Roga
1135 2731 1255 2765 bonam
1270 2736 1430 2773 mentem,
1442 2732 1562 2764 bonam
1577 2733 1704 2765 valetu-
