1888 3032
236 121 323 165 216

239 233 297 260 tur
323 228 450 259 Bacchi
478 227 682 259 sacerdotes.
715 228 944 260 Famam—Et

238 279 452 319 lynceus-a]
500 280 559 308 Est
589 277 777 317 ‹lcscriptio
805 279 944 319 alicujus

238 329 395 360 Bacchi:
447 329 529 358 ΗΜ·
549 327 666 358 insana
692 329 818 359 Bacchi
835 340 944 360 sacer-

239 377 300 408 dos
325 379 464 417 <nanas
485 378 572 408 euim
592 378 714 408 (linitur
732 378 792 409 ἀπὸ
807 380 863 409 τοῦ
877 379 943 417 μαί-

241 433 359 465 νεσθαι,
389 428 518 467 furore)
549 430 681 468 lyncem
711 431 834 461 animal
863 431 944 461 illud

241 481 448 511 maculosum
475 481 661 511 acutissimi
688 482 791 522 visus,
820 481 944 513 Bacchi

241 540 376 561 currum
398 531 587 568 vellentem,
611 531 781 572 corymbis
807 532 946 563 hedera-

240 590 313 611 rum
331 581 473 610 racemis
499 579 628 611 tloxura
654 587 688 612 et
716 592 847 613 currum
875 592 947 613 rec-

241 635 329 669 tura,
357 632 410 660 illa
441 632 541 662 Euion
570 632 765 669 ingeminat.
790 633 949 663 Lubin.—

243 681 395 719 Flexum,
410 682 477 721 ἐξα]
508 683 656 722 Fingnnt
673 683 793 713 Po'e'tae
811 693 946 713 currum

241 732 368 763 Bacchi
385 743 402 762 a
420 733 574 770 lyncibus
592 733 690 763 trahi.
723 734 815 764 Nero
833 738 947 764 autem

241 781 374 814 fecerat
411 793 427 813 a
468 783 622 823 lyncibus
665 784 741 814 vehi
782 785 947 823 Bacchas,

242 836 408 874 tantaque
433 833 600 864 facilitate
629 834 750 864 animal
780 834 888 865 ferum
905 835 948 865 ab

242 883 309 914 illis
332 884 414 923 regi,
442 889 479 915 ut
508 895 567 923 pro
596 883 699 915 frenis
728 890 840 916 essent
869 886 948 926 ipsis

243 934 402 965 liederae:
431 944 503 965 nam
533 935 663 975 flexura
696 937 771 967 heic
795 941 847 968 est
871 936 949 973 ἡνιο-

245 985 402 1026 χήσουσα,
418 991 455 1017 ut
480 992 574 1017 recte
596 987 735 1027 quidam
752 992 828 1017 sunt
846 988 949 1018 inter-

244 1037 394 1078 pretati:
436 1037 587 1077 corymbi
625 1039 848 1077 συνεκδοχικῶς
888 1049 948 1078 pro

243 1090 318 1118 tota
333 1087 473 1125 hedera,
499 1097 564 1118 non
593 1089 682 1118 enim
704 1088 810 1128 κυρίως
826 1089 949 1129 accipi-

245 1137 380 1169 endum.
428 1138 504 1168 Hoc
534 1143 647 1168 autem
676 1143 810 1179 spectat
835 1149 886 1179 eo,
913 1144 950 1169 ut

244 1187 358 1218 divino
374 1188 491 1219 afflatu
519 1187 632 1219 furere
658 1190 804 1220 Bacchae
830 1189 953 1229 proba-

244 1243 373 1278 rentur,
395 1248 463 1269 non
495 1239 644 1279 impulsu
675 1240 820 1270 hnmano
845 1239 948 1271 ferri:

244 1288 278 1319 in
296 1299 395 1329 quam
411 1289 615 1320 sententiam
633 1290 740 1320 multa
767 1290 856 1330 apud
884 1291 950 1320 Eu-

246 1340 402 1382 ripidem.
430 1341 562 1373 casaub.

289 1394 351 1422 102
380 1392 578 1431 Ειιὶοη,ᾅέ.]
624 1392 665 1423 Id
690 1397 753 1433 est,
776 1394 949 1424 Bacchum

246 1440 381 1472 sublata
409 1451 491 1472 voce
523 1452 615 1482 saepe
646 1442 819 1473 inclamat.
866 1444 952 1473 Bac-

246 1492 327 1524 chus
345 1492 446 1523 Euius
462 1492 599 1530 dieitur,
614 1493 667 1523 vel
684 1492 774 1533 quod
790 1493 824 1523 in
839 1503 952 1534 pugna

245 1545 366 1573 contra
384 1541 548 1582 Gigantes
571 1551 591 1572 a
607 1542 694 1575 Jove
712 1546 806 1583 patre
824 1543 859 1574 in
884 1544 952 1574 leo-

246 1601 322 1623 nem
331 1593 688 1631 conversus,Rhoetum
697 1593 881 1633 Gigantem
891 1593 954 1624 dis-

247 1642 428 1682 cerpserit,
441 1642 484 1671 ad
507 1643 594 1682 quod
618 1641 749 1673 factum
764 1650 862 1683 pater
879 1653 953 1684 gra-

247 1693 360 1723 tulans
384 1692 511 1723 dixerit
525 1691 558 1722 εῧ
574 1691 630 1731 υἱὲ,
644 1688 680 1723 id
697 1697 762 1732 est,
778 1703 864 1733 euge
880 1695 928 1724 fili
945 1705 953 1732 ;

246 1743 301 1773 ’vel
325 1743 414 1784 quod
432 1742 476 1773 ibi
493 1743 625 1774 occisus
644 1744 700 1783 sit,
718 1748 753 1775 et
769 1748 866 1783 pater
883 1744 955 1774 dix-

248 1793 325 1834 erit,
348 1792 402 1823 hei
419 1792 474 1832 υἱὲ,
492 1792 525 1823 id
543 1797 607 1832 est,
625 1794 678 1823 liei
696 1793 777 1823 mihi
803 1804 821 1825 ο
848 1793 955 1825 fili.——

249 1843 543 1885 Reparabilis,ts·c.]
574 1844 614 1874 Id
642 1848 705 1881 est,
733 1845 845 1875 Tanta
870 1855 954 1876 voce

249 1895 422 1925 Bacchum
435 1904 525 1934 saepe
543 1894 739 1926 inclamavit
753 1896 881 1926 Bacchi
898 1896 956 1926 illa

250 1943 424 1984 sacerdos,
457 1953 594 1974 currum
626 1954 759 1985 regens,
795 1949 834 1976 nt
863 1946 955 1976 Echo

249 1995 304 2024 vel
321 2003 472 2025 concava
497 1995 701 2025 convallium
718 1999 754 2026 et
780 1996 955 2036 montium,

251 2054 369 2075 sonum
386 2044 870 2085 reddiderint.—Reparczbilis]
905 2047 955 2077 Eo

252 2094 390 2135 dieitur,
407 2095 484 2137 quia
506 2105 606 2126 voees
620 2097 846 2136 proclamatas
858 2106 955 2137 repa-

253 2150 319 2184 rat,
335 2146 399 2176 hoc
417 2150 482 2186 est,
499 2146 604 2177 iterat
620 2152 654 2177 et
671 2148 955 2187 repetit.—Adso-

250 2196 321 2235 nat]
344 2196 385 2227 Id
403 2200 469 2237 est,
486 2206 552 2227 una
569 2197 823 2237 sonan—Echo]
856 2199 956 2230 Hanc

255 2247 356 2279 Ovid.
373 2248 515 2279 Metam.
533 2248 591 2279 lil).
609 2257 665 2279 111.
688 2248 773 2279 dicit
792 2249 956 2289 virginem

252 2295 369 2337 fnisse,
388 2309 406 2328 a
421 2299 557 2330 Jnnone
573 2299 627 2330 vel
645 2299 687 2330 ob
706 2299 957 2339 garrulitatem,

253 2348 308 2378 vel
332 2349 421 2388 quod
444 2349 616 2380 Junonem
640 2349 836 2391 delusisset,
851 2350 884 2380 in
902 2360 958 2381 vo—

253 2406 325 2429 cem
343 2404 520 2430 mutatam.
545 2400 658 2431 Lubin.

298 2452 360 2480 103
391 2450 484 2490 Hoec,
513 2451 582 2490 Asa]
627 2452 713 2483 Sunt
743 2452 815 2483 haec
845 2453 956 2483 Persii

254 2497 373 2539 verba,
396 2499 650 2540 indignationis,
679 2501 957 2541 exprobrationis

255 2555 292 2582 et
314 2550 477 2582 stomachi
494 2550 608 2590 plena,
636 2551 755 2591 quibus
771 2551 957 2582 vanitatem

255 2601 346 2631 illam
374 2600 557 2631 Poetarum
581 2601 799 2632 veliementer
816 2601 958 2631 ulterius

257 2651 469 2691 perstringit.
528 2650 633 2683 Quasi
664 2651 773 2682 dicat:
826 2651 958 2682 Haecne

258 2705 325 2732 tam
344 2711 428 2734 vana
445 2706 478 2735 et
493 2701 661 2744 flagitiosa
676 2711 695 2736 a
717 2701 813 2736 nobis
835 2700 958 2735 fierent

704 133 844 163 NOTAE
878 132 1104 163 VARIORU
1114 134 1147 162 M
1181 135 1231 165 1N

995 232 1030 260 et
1047 228 1297 269 scriberentur,
1323 229 1349 261 si
1374 231 1427 262 vel
1452 234 1550 271 gutta
1567 231 1701 271 paterni

995 281 1178 320 sanguinis,
1191 281 1510 321 virilitatis‚vii·tutis
1523 288 1555 314 et
1570 283 1702 323 sapien-

995 330 1050 360 tia*
1068 331 1100 360 in
1116 331 1213 362 nobis
1227 336 1319 363 esset
1336 333 1610 374 reliqua?—-P‹1rs
1625 333 1705 374 ulla]

997 380 1077 418 Alii,
1099 382 1173 412 Ulla
1188 392 1273 413 vena.
1314 383 1356 413 Id
1374 388 1437 423 est,
1453 385 1485 415 Si
1499 386 1551 416 vel
1569 386 1701 425 exiguae

999 432 1168 472 reliquiae,
1186 433 1240 463 vel
1267 433 1341 464 leve
1368 435 1487 465 saltem
1511 435 1704 475 vestigium,

997 487 1150 523 paterna¹
1181 484 1355 515 virilitatis
1392 490 1427 515 et
1462 486 1638 525 gravitatis
1667 487 1701 517 in

997 532 1093 563 nobis
1112 535 1524 576 snpei-esset.—Testic1‹li]
1558 536 1703 567 Obscoe-

998 582 1072 612 nior
1100 584 1317 624 Metapliora,
1346 595 1412 626 qua
1434 591 1612 626 paternum
1629 596 1702 617 san—

998 633 1147 673 guinem,
1173 634 1335 666 virtutem
1364 640 1398 667 et
1426 637 1631 677 gravitatem
1656 637 1704 668 in-

999 682 1137 723 telligit.
1161 684 1275 715 Lubin.

1043 736 1104 764 101
1128 733 1266 774 Summa,
1289 735 1357 775 ὅκῃ]
1403 737 1481 768 Hoc
1513 747 1634 768 vanum
1667 743 1705 770 et

999 783 1146 823 elumbe,
1173 785 1288 816 nescio
1317 796 1384 826 qua
1409 787 1516 825 molli,
1533 792 1652 819 tenera
1668 793 1705 820 et

998 833 1128 874 liquata
1156 843 1240 865 voce
1267 836 1490 875 pronunciare
1518 842 1706 877 conantnr3

1001 885 1086 914 etin
1103 885 1239 916 summis
1257 886 1374 925 labris,
1401 892 1436 917 et
1454 896 1583 917 summa
1599 888 1707 919 saliva

1001 935 1224 966 recitantibus
1253 937 1574 977 natat.—Deluml›e]
1613 936 1707 969 Alias

1002 985 1150 1024 elumbe,
1173 987 1286 1025 molle,
1313 987 1492 1025 lascivum,
1508 987 1644 1019 minime
1660 988 1708 1019 vi-

1002 1037 1075 1067 rile.
1121 1036 1286 1075 Intelligit
1305 1038 1384 1068 talia
1409 1038 1572 1078 carmina,
1595 1039 1708 1079 qualia

1001 1088 1155 1128 superius
1181 1089 1522 1129 recitavitff-Saliva]
1555 1090 1710 1130 Respicit

1001 1138 1043 1168 ad
1071 1139 1226 1178 superius
1253 1140 1382 1179 eliquat.
1407 1140 1530 1171 Lubin.
1578 1140 1708 1172 Elumbe

1001 1188 1069 1227 hoc,
1098 1188 1132 1218 id
1159 1193 1223 1228 est,
1250 1189 1423 1221 delicatuli
1453 1190 1551 1230 hujus
1575 1190 1708 1222 Poe'sis.

1006 1240 1105 1270 Natat
1121 1249 1240 1270 summa
1254 1241 1355 1270 saliva
1381 1240 1413 1270 in
1437 1240 1554 1276 labris;
1578 1240 1706 1271 nullum

1001 1289 1106 1320 habet
1135 1289 1251 1320 solidae
1278 1290 1480 1321 eruditionis
1510 1289 1710 1322 fundamen-

1002 1343 1095 1378 tum3
1114 1340 1172 1370 sed
1191 1340 1224 1370 in
1241 1341 1401 1371 extremis
1418 1341 1520 1371 labris
1539 1351 1581 1372 ex
1593 1351 1710 1382 super-

1002 1389 1133 1420 ficiaria
1150 1389 1307 1421 doctrina
1323 1391 1468 1431 quadam
1491 1392 1641 1422 nascitur
1658 1396 1712 1422 te-

1002 1449 1095 1470 mere
1112 1444 1147 1470 et
1162 1440 1232 1470 sine
1251 1445 1336 1472 arte.
1383 1442 1447 1472 Vel
1473 1441 1546 1472 haec
1572 1443 1710 1473 enervia

1003 1500 1068 1520 non
1087 1494 1253 1530 petuntur
1268 1501 1310 1522 ex
1333 1491 1400 1522 imo
1425 1497 1579 1532 pectore,
1605 1493 1711 1525 blaese

1004 1543 1138 1571 tantum
1155 1545 1191 1571 et
1206 1544 1325 1571 tenere
1342 1540 1532 1572 formantur
1548 1542 1582 1573 in
1598 1546 1712 1573 extre-

1004 1590 1066 1620 mis
1099 1590 1203 1621 labris
1235 1595 1270 1622 et
1298 1592 1446 1631 primore
1476 1592 1601 1633 lingua,
1633 1603 1709 1634 quae

1005 1641 1112 1671 saliva
1128 1646 1249 1673 scatet.
1277 1642 1410 1673 Casaub.
1426 1643 1564 1674 Furnab.

1051 1695 1110 1721 105
1136 1692 1207 1722 Hoc
1234 1693 1338 1732 natat]
1383 1693 1460 1723 Hoc
1477 1703 1600 1724 vanum
1617 1693 1712 1725 nobi-

1004 1742 1093 1773 libus
1109 1743 1233 1773 nostris
1255 1752 1389 1783 semper
1414 1743 1447 1773 in
1475 1753 1533 1774 ore
1560 1748 1623 1774 cst.
1670 1744 1712 1774 In

1005 1792 1121 1832 lingua
1152 1798 1187 1824 et
1226 1793 1331 1824 labris
1361 1794 1466 1824 verba
1504 1792 1714 1825 effaeminant

1006 1844 1155 1874 molliter
1172 1853 1347 1884 expressa,
1362 1849 1398 1875 et
1414 1845 1448 1875 in
1464 1853 1593 1875 summa
1607 1844 1713 1875 saliva

1006 1894 1210 1925 natantia.—
1220 1895 1264 1925 Et
1281 1895 1325 1935 in,
1340 1894 1409 1935 ἐξα]
1445 1895 1586 1935 Semper
1601 1895 1635 1925 in
1653 1904 1712 1926 ore

1006 1945 1088 1976 talia
1114 1944 1261 1976 elumbia
1276 1945 1420 1984 habetis,
1436 1944 1507 1976 sive
1524 1945 1558 1975 in
1582 1955 1713 1976 summa

1007 1996 1124 2035 saliva,
1150 1995 1246 2036 quasi
1278 2000 1313 2027 et
1343 1995 1376 2026 in
1408 1995 1568 2025 extremis
1597 1994 1714 2034 labris,

1008 2047 1078 2078 sive
1097 2047 1128 2076 in
1146 2047 1246 2086 pleno
1262 2046 1419 2077 ore.——[n
1443 2047 1502 2076 udo
1518 2048 1564 2076 est
1580 2045 1714 2086 Maeuas,

1006 2097 1076 2137 ἑγὼ]
1113 2096 1262 2128 Humida
1286 2096 1376 2126 enim
1400 2095 1529 2136 lingua,
1546 2099 1582 2126 et
1605 2095 1712 2126 multo

1007 2147 1145 2178 humore
1163 2150 1198 2177 et
1214 2147 1320 2176 saliva
1335 2150 1482 2186 scatens,
1498 2155 1564 2176 non
1578 2144 1716 2176 fortiter

1010 2200 1150 2241 aliquid,
1182 2199 1239 2230 sed
1272 2199 1434 2238 molliter,
1465 2198 1645 2237 teneriter‚
1677 2201 1714 2228 et

1009 2255 1184 2289 enervate,
1201 2250 1415 2290 pronunciat.
1461 2249 1539 2289 Vel,
1554 2248 1665 2279 Poeta
1679 2248 1714 2287 in

1007 2302 1084 2332 illos
1107 2302 1294 2340 invehitur,
1317 2300 1375 2341 qui
1393 2300 1485 2330 nulla
1509 2309 1592 2330 cura
1614 2303 1649 2329 et
1665 2299 1713 2329 in-

1009 2352 1139 2383 dustria
1154 2352 1321 2382 Poemata
1333 2361 1393 2382 sua
1411 2351 1601 2381 elaborant:
1620 2350 1714 2390 quic-

1009 2403 1090 2444 quid
1122 2403 1289 2441 scribunt,
1320 2403 1355 2432 in
1386 2402 1451 2433 udo
1487 2406 1618 2432 tantum
1656 2410 1713 2432 ore

1008 2451 1187 2492 superficie
1231 2453 1355 2492 linguae
1400 2456 1517 2482 natum
1564 2450 1714 2482 videtur.

1007 2502 1153 2532 Turneb.
1172 2511 1308 2532 xxvnl.
1325 2505 1379 2532 26.

1054 2554 1115 2581 106
1132 2551 1211 2589 Nec,
1227 2551 1294 2590 sa]
1318 2552 1446 2581 Versus
1461 2556 1589 2581 temere
1607 2550 1713 2582 effun-

1009 2601 1109 2640 dunt,
1132 2610 1267 2631 carmen
1292 2610 1415 2631 vanum
1441 2606 1476 2632 ct
1504 2601 1652 2641 elumbe,
1679 2607 1714 2633 et

1009 2652 1100 2682 nulla
1123 2662 1205 2683 cura
1232 2652 1454 2691 elaboratum,
1482 2652 1514 2682 in
1545 2662 1609 2693 quo
1636 2662 1715 2683 con-

1009 2703 1121 2736 dendo
1138 2703 1247 2737 Poeta
1262 2702 1511 2745 cogitabundus
1525 2707 1628 2744 caput
1645 2712 1712 2733 non
