1888 3032
188 132 275 175 262

193 241 402 278 praeceptor,
417 238 528 268 cultor
545 241 580 267 et
597 234 805 276 informator,
829 236 900 267 illo-

192 298 265 320 rum
296 298 395 319 aures
425 288 466 318 ab
497 286 652 318 omnibus
679 287 834 318 sordibus
865 292 900 318 et

191 339 406 379 opinionibus
443 343 615 378 purgatas,
648 337 744 378 fruge
779 338 900 369 Clean-

192 389 281 427 thea,
309 394 342 419 ct
369 389 485 419 Stoica
513 389 695 428 disciplina
719 389 840 419 inseris
864 393 900 420 et

191 441 383 480 implantaS.
400 439 813 481 Lubin.—Pur,1,›·utas,8sc.]
838 440 900 470 Co-

192 490 245 525 lis,
267 490 387 530 inquit,
408 490 575 530 juvenum
602 491 750 522 animos:
783 496 899 532 atque,

190 544 229 571 ut
243 539 372 580 peritus
387 541 538 579 colonus,
553 541 698 581 primum
710 551 729 571 a
740 540 899 572 vitiorum

189 591 339 621 sentibus
358 601 414 622 eos
433 602 577 633 purgas;
601 592 724 624 deinde
740 591 838 634 fruge
851 593 899 623 in-

190 642 272 673 seris
287 643 423 672 moralis
441 643 673 683 Philosophiae
693 643 899 674 Stoicorum.

191 692 260 723 Pro
278 692 388 723 animo
404 703 495 724 aures
511 694 674 734 nominat,
686 694 764 734 quia
781 693 899 725 auditu

193 742 360 773 doctrinae
381 744 805 784 percipiontur.—Inserz'8,
826 743 898 784 ‹ij-a]

192 793 335 823 variata
352 804 414 834 per
430 795 636 835 hypallagen
654 795 804 826 locutio:
830 805 898 826 non

191 843 280 874 enim
298 854 378 875 arva
395 846 537 876 serimus
563 847 595 876 in
623 845 735 887 fruge,
756 846 816 878 sed
833 846 899 877 fru-

191 895 315 934 gemin
340 897 440 927 arvis.
484 897 540 928 Sic
562 902 597 928 et
621 898 757 928 auribus
772 895 900 937 fruges,

192 945 227 975 id
243 951 306 984 est,
323 947 514 987 disciplinae
531 949 735 988 inseruntur,
747 959 816 980 non
830 948 899 979 fru-

192 996 289 1037 gibus
320 1008 433 1029 aures.
481 999 680 1030 Cleantheam
708 1001 809 1038 dixit,
836 1010 899 1041 pro

192 1047 317 1079 Stoica.
345 1048 476 1080 casaub.
516 1050 595 1081 Fuit
611 1051 793 1082 Cleanthes
810 1051 899 1082 Pha-

192 1098 242 1127 nis
269 1097 372 1138 filius,
396 1101 555 1140 Zenonis,
572 1102 625 1132 cui
647 1103 828 1142 successit,
845 1112 901 1133 au-

191 1150 293 1182 ditor.
340 1152 453 1193 Hujus
475 1153 651 1193 diligentia
667 1154 752 1185 abiit
767 1154 801 1185 in
826 1164 902 1194 pro·

192 1201 356 1233 vex-bium.
404 1204 493 1234 Nam
521 1205 579 1235 ubi
606 1205 686 1245 quid
702 1215 830 1236 summa
846 1215 902 1236 eu-

191 1261 228 1283 ra
252 1258 287 1284 et
308 1253 478 1285 industria
499 1255 712 1288 elaboratum
731 1256 901 1297 significa-

191 1312 278 1343 mus,
295 1304 337 1335 ad
363 1305 537 1336 Cleanthis
555 1306 730 1337 lucernam
747 1307 901 1339 elabora-

193 1359 265 1384 tum
281 1354 434 1386 dicimus,
459 1356 571 1387 Lubin.

234 1407 276 1435 6-1
302 1405 425 1445 Petite]
449 1406 575 1437 Sensus
590 1411 663 1438 est:
688 1408 757 1438 Vos
774 1417 902 1446 omnes,

192 1455 312 1496 quibus
330 1455 401 1486 vito
417 1462 452 1487 et
469 1457 558 1487 salus
571 1467 662 1488 cnrae
676 1461 741 1495 est,
761 1458 901 1497 quicun-

192 1514 257 1545 que
271 1505 374 1535 etiam
391 1505 484 1545 estis,
508 1506 580 1537 hinc
604 1516 646 1537 ex
669 1507 848 1548 sapientia,
865 1512 901 1539 et

193 1555 332 1596 quidem
357 1556 542 1597 disciplina
565 1558 691 1598 Stoica,
715 1563 846 1589 certum
863 1558 901 1589 fi-

192 1615 282 1642 nem,
300 1607 342 1637 ad
365 1618 465 1648 quem
491 1613 604 1640 vestra
632 1609 726 1640 dicta
744 1615 779 1640 et
808 1609 902 1640 facta

191 1662 364 1698 spectent,
379 1658 513 1698 diligite
526 1669 534 1696 ;
560 1663 595 1689 et
607 1659 700 1689 vobis
714 1659 808 1690 senio
822 1669 901 1690 con-

192 1707 292 1738 fectis
321 1708 495 1749 canisque,
520 1708 643 1740 viatico
674 1710 738 1740 hoc
770 1710 903 1749 prospi-

191 1758 524 1799 cite.—.Juvemsque‚
538 1759 608 1799 ὅπη]
634 1759 795 1791 Omnium
812 1760 902 1790 enim

193 1815 228 1840 ct
260 1810 470 1851 singulorum
500 1810 660 1851 interest,
690 1815 729 1841 ut
756 1806 901 1851 sapiant.

192 1861 290 1891 Idem.

234 1915 273 1942 65
300 1911 426 1952 Finem]
466 1913 543 1944 Hoc
569 1912 660 1944 enim
686 1922 763 1944 cum
785 1913 901 1954 primis

192 1963 413 2003 Philosophia
440 1963 554 2003 docet,
570 1974 612 1995 ne
633 1964 820 2005 jactemur,
840 1965 900 1996 sed

192 2013 319 2055 aliquid
339 2014 426 2045 certi
443 2019 524 2046 voto
538 2020 749 2055 expetamus.
788 2016 899 2048 Hora-

193 2063 281 2094 tius:
306 2064 314 2080 ‘
333 2064 475 2095 Certum
507 2069 585 2096 voto
616 2070 697 2105 pete
728 2064 899 2097 finem.'-—

191 2113 400 2154 Miserisque]
440 2115 585 2146 Senibus
624 2116 898 2148 canescentibus.

192 2165 336 2204 Μίθρῃ-ξε,
353 2166 433 2205 quia
450 2176 546 2197 senes
574 2166 635 2197 nisi
653 2166 830 2207 sapientiae
854 2167 900 2198 vi-

192 2215 283 2247 atico
307 2217 427 2247 muniti
455 2217 535 2258 sint,
557 2218 670 2248 miseri
686 2223 765 2249 sunt
782 2217 899 2250 futuri.

190 2267 379 2307 —Vz'atictss
414 2267 666 2308 Philosophiam
688 2273 723 2299 et
739 2269 900 2309 sapienti-

192 2326 257 2348 am.
303 2317 436 2348 Alludit
464 2318 506 2349 ad
529 2319 781 2359 apophthegma
800 2319 900 2350 Bian-

193 2367 253 2398 tis:
276 2367 285 2383 ‘
302 2367 405 2398 Certe
418 2368 583 2407 optimum
593 2369 699 2399 virtus
715 2369 899 2401 viaticum.’

191 2417 304 2449 Lubin.

233 2471 276 2506 66
302 2467 392 2505 Cras,
402 2466 469 2507 δῖα]
504 2468 757 2508 Inseriturjam
774 2469 900 2500 desidis

189 2519 366 2560 cujusdam
383 2519 519 2558 juvenis
543 2518 770 2560 dialogismus,
785 2520 899 2551 dicen-

190 2569 258 2601 tis:
293 2569 394 2602 Quod
413 2569 528 2610 jubes,
553 2578 627 2599 cras
658 2578 836 2610 exsequar,
864 2574 899 2600 et

190 2629 267 2651 cras
297 2619 435 2652 virtutis
467 2625 501 2650 et
538 2619 717 2660 sapientiae
749 2620 898 2651 studium

191 2670 292 2710 serio,
307 2675 342 2702 et
355 2671 474 2704 sedulo
488 2680 674 2712 capessam.
689 2671 787 2704 Idem.
813 2671 897 2702 Cum

192 2721 272 2752 illud
284 2721 356 2762 jam
374 2721 479 2756 venit.
497 2721 545 2757 ibi
569 2731 685 2756 rursus
698 2721 789 2756 idem
806 2721 896 2763 quod

662 141 803 173 NOTAE
840 140 1106 172 VARIORUM
1144 142 1189 172 ΙΝ

955 245 990 267 se
1014 235 1117 267 hodie
1134 234 1304 268 facturum
1332 237 1573 279 pollicebatur,
1589 247 1663 270 cras

953 287 1169 327 flea—Quid,
1180 287 1248 327 Ze]
1265 288 1356 321 Quid
1372 290 1383 319 ?
1406 290 1565 321 nimirum
1578 289 1664 321 adeo

952 347 1005 368 me
1024 346 1123 377 urges
1141 338 1151 367 ?
1177 338 1283 369 Quasi
1301 347 1456 378 magnum
1474 344 1510 370 et
1523 339 1663 370 immen-

951 397 1024 418 sum
1053 386 1189 428 aliquod
1219 388 1382 429 temporis
1409 390 1574 428 spacium,
1591 393 1661 420 ate

952 439 1090 479 petam?
1115 437 1249 479 Nempe
1269 440 1405 469 unicum
1425 444 1553 470 tantum
1571 439 1662 470 diem

951 488 1229 528 donam—Quasi,
1254 490 1322 530 ἔξω]
1359 491 1413 521 Sic
1432 492 1578 531 juvenes
1605 491 1662 522 ad-

951 541 1083 580 moniti,
1105 546 1143 572 ut
1170 542 1253 573 vitia
1277 543 1462 582 corrigant,
1479 542 1661 584 studiaque.

952 592 1088 622 virtutis
1104 597 1139 623 et
1152 592 1341 623 litterarum
1358 594 1559 633 suscipiant,
1573 593 1663 624 diem

952 653 992 673 ex
1014 642 1068 673 die
1087 642 1241 681 ducunt3
1279 653 1354 674 nam
1380 645 1460 684 quia
1485 644 1558 674 dies
1580 653 1664 674 unns

952 694 1031 724 vitae
1060 694 1112 724 vel
1129 694 1270 725 modicae
1295 704 1372 735 pars
1390 695 1583 725 multesima
1598 698 1665 734 est,

950 744 1028 775 ideo
1049 745 1222 786 jacturam
1251 747 1349 777 unius
1380 747 1450 778 diei
1477 755 1537 787 pro
1561 745 1665 776 nihilo

951 796 1120 836 pendunt.
1147 797 1279 828 casaub.

993 849 1034 878 67
1053 847 1114 878 Sed
1126 857 1192 878 cum
1204 848 1272 889 lux]
1286 848 1485 888 Respondet
1499 847 1660 885 Persius3

953 897 1120 938 Cumjam
1138 907 1180 928 ex
1207 898 1263 929 illo
1291 908 1366 929 cras
1394 899 1493 929 hodie
1522 897 1664 938 factum,

952 953 987 978 et
1006 948 1063 978 lux
1088 948 1146 978 illa
1164 949 1286 987 altera,
1314 959 1381 990 qua
1397 953 1432 979 te
1450 949 1665 989 incepturum

953 999 1191 1038 promittebas,
1215 1000 1321 1039 venit,
1347 1004 1381 1031 tu
1406 999 1555 1030 nondum
1582 999 1665 1029 inci-

951 1048 1019 1087 pis,
1034 1054 1067 1078 et
1085 1049 1177 1079 aliud
1196 1054 1300 1091 atque
1320 1049 1404 1080 illud
1422 1059 1494 1080 cras
1510 1048 1572 1079 tibi
1589 1058 1664 1089 pos-

956 1098 1058 1129 tuias.
1083 1098 1198 1130 Lubin.

995 1151 1037 1179 68
1063 1150 1154 1187 Cras,
1167 1149 1235 1189 23⁴0]
1262 1150 1346 1181 Cras
1365 1150 1454 1182 enim
1468 1160 1543 1181 cum
1556 1154 1665 1182 trans-

952 1201 992 1239 it,
1015 1202 1089 1242 jam
1116 1202 1188 1233 heri
1207 1212 1280 1234 esse
1303 1204 1578 1244 incipit.-—Ecce,
1594 1202 1664 1243 ξω]

953 1252 1003 1283 Ut
1019 1261 1093 1283 cras
1109 1253 1194 1283 illud
1211 1263 1384 1294 nunquam
1403 1254 1465 1285 tibi
1480 1254 1577 1284 hodie
1594 1253 1667 1284 fiat.

950 1302 1007 1333 Sic
1027 1303 1174 1333 crastina
1191 1303 1263 1334 dies
1277 1303 1377 1334 finem
1396 1304 1524 1334 nullum
1536 1303 1651 1335 habet.

993 1355 1036 1383 69
1061 1353 1192 1392 Egerit]
1220 1354 1356 1393 Egerere
1369 1354 1421 1384 liic
1435 1359 1485 1385 est
1499 1354 1540 1384 de
1559 1354 1664 1385 totius

950 1403 1031 1434 vitae
1057 1413 1188 1434 summa
1212 1405 1376 1444 paulatim
1398 1404 1599 1435 absumere:
1625 1410 1664 1436 ut

952 1454 1010 1495 qui
1036 1454 1174 1485 condita
1198 1454 1230 1485 iu
1256 1464 1346 1495 penu
1371 1464 1432 1495 per
1450 1459 1566 1495 partes
1583 1464 1661 1495 pro-

951 1510 1060 1536 munt.
1109 1505 1335 1536 &sana—Et
1365 1505 1498 1546 semper]
1537 1506 1664 1536 Sensus

952 1560 1029 1586 est:
1067 1556 1112 1586 Et
1138 1556 1185 1586 sie
1213 1565 1274 1596 per
1298 1557 1360 1587 hoc
1389 1566 1477 1596 cras,
1505 1557 1657 1597 paullum

953 1609 1022 1636 tuae
1041 1605 1136 1643 vitae,
1149 1615 1189 1636 ac
1211 1606 1324 1637 aetatis
1342 1606 1445 1645 ultra,
1462 1608 1662 1647 praeterlap-

953 1665 1025 1685 sum
1053 1660 1087 1685 et
1119 1656 1332 1695 praeteritum
1359 1657 1439 1695 erit,
1467 1657 1558 1697 quod
1582 1667 1665 1688 nun-

952 1715 1052 1745 quam
1080 1715 1196 1736 rursus
1224 1706 1365 1747 adsequi
1395 1707 1515 1747 possis.
1548 1707 1665 1738 Lubin.

952 1756 1029 1795 Vel,
1058 1756 1230 1787 Paulatim
1254 1767 1390 1798 semper
1418 1758 1484 1789 erit
1504 1758 1567 1788 tibi
1583 1763 1667 1789 aetas

954 1807 1126 1846 grandior,
1149 1811 1184 1837 et
1205 1807 1346 1848 propius
1364 1808 1406 1839 ad
1423 1812 1549 1839 metam
1567 1818 1665 1840 acce-

953 1858 1024 1889 des.
1054 1857 1189 1889 Casaub.

995 1912 1037 1940 70
1062 1910 1159 1948 Nam,
1177 1910 1246 1950 θα]
1281 1910 1403 1941 Sensus
1431 1914 1501 1943 est:
1528 1912 1612 1943 Cras
1629 1911 1665 1943 il-

952 1961 1007 1992 lud
1037 1962 1152 2002 paullo
1178 1966 1258 1992 ante
1282 1962 1375 2002 prius
1399 1962 1452 1992 vel
1479 1963 1570 1993 ultra
1585 1963 1667 2001 erit,

952 2017 987 2044 et
1016 2013 1077 2044 tibi
1102 2022 1272 2054 nunquam
1302 2013 1513 2054 apprehendi
1539 2018 1666 2054 potest.

954 2065 1033 2096 Non
1064 2063 1170 2103 magis
1197 2073 1298 2104 quam
1339 2070 1414 2094 rota
1440 2064 1473 2094 in
1505 2065 1666 2096 curribus

952 2113 1135 2154 posterior,
1161 2114 1311 2154 priorem
1348 2114 1500 2154 quamvis
1529 2115 1664 2146 assidue

953 2164 1119 2205 sequitur,
1135 2174 1306 2205 nunquam
1331 2169 1443 2196 tamen
1461 2166 1664 2207 assequitur.

953 2216 1090 2247 Quanto
1105 2216 1193 2246 e-nim
1211 2216 1380 2256 posterior
1395 2217 1501 2257 magis
1519 2225 1662 2256 progre-

952 2266 1057 2306 ditur,
1086 2267 1151 2297 hoc
1183 2266 1276 2307 prior
1304 2266 1410 2307 magis
1437 2266 1663 2307 praecedit.—

956 2318 1084 2348 Temone
1096 2317 1235 2357 subuno]
1254 2317 1394 2357 Lignum
1414 2323 1466 2348 est
1484 2327 1602 2348 currus
1619 2317 1666 2348 in-

953 2373 1006 2399 ter
1031 2379 1136 2409 equos
1156 2368 1412 2408 intermedium,
1432 2369 1555 2409 jugum
1586 2377 1663 2399 con·

953 2421 1074 2451 tineus.
1120 2421 1233 2451 Lubin.

994 2472 1033 2500 71
1062 2470 1232 2509 Canthum]
1256 2470 1488 2510 Ferrum,quo
1505 2473 1589 2499 rotae
1606 2478 1661 2499 ex-

950 2519 1142 2549 tremitates
1159 2519 1363 2558 vinciuntur,
1385 2522 1420 2549 et
1442 2518 1576 2559 apsides
1593 2529 1663 2550 mu-

950 2569 1099 2602 niuntur.
1137 2569 1235 2602 Idem.

993 2623 1033 2651 73
1051 2619 1224 2660 Libertate,
1234 2620 1304 2659 ‘⁹50·]
1328 2619 1479 2659 Iudicat,
1498 2620 1662 2660 quidnam

951 2670 1238 2711 Philosophorum
1265 2675 1381 2701 votum
1403 2674 1437 2701 et
1464 2670 1548 2702 illud
1576 2670 1664 2701 adeo

949 2720 1004 2760 sit,
1020 2721 1109 2762 quod
1121 2720 1308 2761 Sapientiae
1325 2720 1438 2752 studio
1458 2719 1662 2752 affectetur:
