1888 3032
716 146 899 177 snum
938 145 970 175 1.
1518 134 1575 174 33

119 247 182 288 Os
203 245 355 301 populi
375 244 618 286 meruisse?
651 246 707 293 et,
731 242 863 284 cedro
884 240 1019 295 digna
1037 240 1229 290 locutus,

118 315 336 368 Linquere
357 325 436 354 nec
458 312 686 352 scombros
706 310 943 352 metuentia
963 308 1171 359 carmina,
1190 321 1269 350 nec
1290 307 1424 350 thus?

120 381 337 435 Quisquis
358 394 421 430 eS,
443 393 469 421 o
489 380 620 421 modo
642 392 772 433 quem
791 392 849 419 ex
868 378 1053 419 adverso
1074 377 1218 417 dicere
1238 375 1340 428 feci,

119 448 224 491 Non
242 462 336 502 ego,
360 461 458 489 cum
479 447 641 497 scribo,
663 448 701 486 si
721 446 829 487 forte
849 444 955 498 quid
972 445 1117 498 aptius
1138 445 1243 495 exit,

121 515 312 566 Quando
331 516 430 557 haec
452 528 550 556 rara
570 515 667 556 avis
687 518 768 563 est,
788 514 826 553 si
845 512 950 566 quid
971 516 1114 552 tamen
1135 513 1282 566 aptius
1302 512 1412 564 exit,

119 583 312 624 Laudari
333 588 548 624 metuam:
580 595 720 635 neque
741 583 854 622 enim
873 580 980 621 mihi
1001 593 1159 622 cornea
1179 579 1290 621 fibra
1309 584 1398 622 est:

121 650 210 691 Sed
231 650 336 691 recti
356 651 568 704 finemque
587 654 914 702 extremumque
936 662 1033 689 esse
1053 661 1207 689 recuso

121 721 133 738 ‘
151 717 316 758 EUGE'
336 721 458 758 tuum
480 721 524 758 et
545 721 558 738 ‘
579 716 767 758 BELLE?
805 717 927 758 Nam
949 728 1108 757 BELLE
1128 717 1210 757 hoc
1231 719 1385 757 excute
1407 720 1565 760 totum:

122 785 245 836 Quid
265 799 351 827 non
372 787 486 827 intus
503 787 662 828 habet?
694 799 780 827 non
797 787 866 827 hic
887 791 951 828 est
971 787 1081 828 Ilias
1101 786 1215 829 Acci
1527 790 1584 830 50

122 853 258 894 Ebria
276 856 448 895 veratro
464 855 482 894 ἲ
514 866 602 894 non
621 855 659 895 si
685 868 774 908 qua
793 854 982 907 elegidia
1003 855 1127 895 crudi

1521 446 1579 488 45

122 995 205 1026 dixit
221 996 317 1033 digna
338 996 440 1034 cedro,
464 1001 599 1027 recuset
624 996 795 1036 relinquere
811 996 1006 1036 posteritati
1022 1007 1127 1029 versus
1148 1009 1207 1030 non
1230 1000 1373 1031 timentes
1387 1001 1539 1031 scombros
1555 1005 1586 1032 et

122 1036 220 1069 thus?
247 1038 438 1078 Quicumque
455 1048 497 1073 e8,
512 1049 528 1069 o
541 1039 640 1077 homo,
656 1049 742 1079 quem
755 1050 827 1069 moa:
839 1039 950 1070 induxi
965 1041 1136 1080 loquentem
1151 1046 1257 1072 contra
1273 1053 1331 1083 nze,
1349 1044 1427 1074 audi
1441 1055 1448 1074 :
1467 1045 1587 1084 quando

121 1091 278 1121 compono,
305 1081 333 1111 si
346 1080 484 1119 fortusse
503 1082 684 1112 concinnum
699 1082 815 1122 aliquid
840 1083 944 1112 editur
961 1092 979 1112 a
995 1093 1062 1122 me,
1086 1086 1332 1125 quandoquidem
1348 1090 1391 1117 est
1409 1086 1587 1127 infrequens

123 1124 189 1154 haec
204 1123 344 1163 volucris,
369 1127 507 1155 attamen
523 1125 552 1155 si
566 1125 687 1164 aliquid
704 1125 884 1156 concinnum
906 1126 1009 1156 editur
1024 1136 1043 1156 a
1058 1136 1123 1163 me,
1145 1137 1206 1158 non
1221 1138 1277 1166 ego
1290 1129 1403 1159 timebo
1419 1130 1566 1161 celebrari
1579 1141 1589 1160 .·

124 1167 208 1198 Nam
224 1175 275 1197 cor
290 1177 350 1197 non
365 1166 459 1197 habeo
482 1167 605 1198 durum
621 1171 655 1198 ut
677 1178 784 1199 cornu.
829 1168 875 1199 At
889 1178 965 1206 nego
981 1171 1067 1199 tuum
1084 1169 1167 1200 illud
1183 1180 1261 1210 euge
1276 1175 1307 1202 et
1330 1171 1415 1210 belle,
1436 1182 1500 1203 esse
1515 1173 1590 1203 ulti-

122 1219 206 1240 mum
219 1218 339 1248 scopum
355 1208 428 1240 bene
441 1209 538 1247 facti.
586 1210 754 1241 Enimvero
771 1212 873 1241 evolve
897 1212 1053 1250 integrum
1069 1212 1124 1242 hoc
1140 1212 1233 1245 belle.-
1259 1214 1407 1254 quidnam
1430 1215 1513 1246 intra
1529 1226 1591 1247 non

124 1250 285 1284 continet?
331 1253 403 1283 Non
418 1252 490 1284 istie
506 1256 552 1284 est
572 1263 695 1284 carmen
711 1253 800 1285 Actii
816 1255 990 1285 redundans
1006 1255 1156 1286 helleboro
1169 1267 1179 1286 .·
1200 1266 1261 1288 non
1277 1262 1329 1288 est
1352 1258 1461 1298 Elegia
1475 1259 1592 1300 aliqua,

740 1349 975 1361 eeeeeeeeeeee

127 1409 205 1443 Gal.
248 1421 329 1443 nunc
345 1412 440 1443 letior
463 1412 571 1453 cippus
595 1422 654 1443 non
682 1413 776 1444 Edit.
803 1413 1010 1454 Steph.-46
1033 1414 1088 1444 hoc
1105 1424 1166 1456 pro
1182 1415 1248 1446 haec
1273 1416 1311 1447 C.
1356 1419 1399 1448 46
1425 1417 1594 1458 praecedit

791 1521 930 1553 NOTAE

130 1593 218 1625 Vide
248 1594 338 1625 Plin.
367 1603 418 1625 rx.
448 1597 500 1627 15.
552 1600 588 1627 et
619 1596 835 1637 Athenaeum,

129 1646 234 1678 Lvu.
268 1646 325 1677 ubi
344 1651 500 1678 naturam
528 1648 628 1689 hujus
653 1649 754 1689 piscis
779 1648 836 1680 de-

130 1696 264 1736 scribit,
278 1698 457 1740 variasque
471 1700 713 1739 proprietates.

173 1749 216 1778 44
241 1747 389 1788 Quisquis
403 1750 448 1790 es]
478 1750 592 1780 Verba
612 1755 690 1781 snut
712 1751 837 1791 Persii,

933 1601 974 1628 50
999 1598 1085 1634 Quid
1099 1609 1158 1630 non
1172 1599 1272 1640 intus]
1300 1601 1414 1632 Meras
1430 1601 1596 1633 adulatio-

888 1657 949 1680 nes
965 1659 1038 1680 esse
1053 1649 1197 1682 videbis.

936 1699 1008 1730 Non
1023 1703 1069 1731 est
1084 1700 1134 1731 hic
1150 1701 1229 1732 Ilias
1243 1701 1337 1742 Acci]
1376 1702 1459 1742 Hic,
1487 1703 1598 1744 inquit

892 1750 1046 1790 Persius,
1062 1750 1097 1782 in
1113 1752 1196 1782 meis
1212 1752 1331 1783 Satiris
1355 1763 1422 1784 non
1439 1753 1529 1785 idem
1546 1764 1598 1785 re-

131 1797 254 1838 quibus
269 1798 446 1838 eleganter
461 1799 642 1841 distinguit
655 1801 755 1832 finem
769 1811 839 1833 rec-

133 1853 169 1880 te
184 1848 283 1887 facti,
300 1854 335 1880 et
351 1850 424 1890 ejus
442 1852 655 1883 consectaria
673 1853 838 1893 quaedam.

134 1898 294 1939 Dicitque
311 1909 347 1929 se
364 1909 430 1929 non
446 1909 608 1940 respuere
625 1902 760 1932 laudem
775 1903 840 1933 vir-

135 1949 202 1981 tuti
231 1959 402 1990 nunquam
432 1960 499 1980 non
529 1951 738 1991 adjunctam,
773 1962 841 1983 non

135 2004 248 2031 tamen
277 2010 350 2031 eam
378 2008 536 2041 spectare
560 2003 656 2033 velut
682 2003 841 2034 ultimum

135 2049 249 2082 finem.

179 2104 223 2133 46
245 2103 333 2133 Rara
347 2103 431 2143 aris]
469 2103 695 2136 Proverbium
723 2109 776 2136 est
800 2104 843 2136 de

138 2153 313 2184 Phoenice.
359 2153 448 2183 vido
479 2154 572 2185 Plin.
606 2163 640 2186 x.
665 2157 696 2187 2.
739 2155 843 2186 ovid.

139 2203 284 2234 Metam.
302 2212 361 2234 xv.
377 2213 406 2233 c·
422 2206 527 2239 37.,et
542 2204 634 2236 alios,

181 2258 222 2287 47
250 2255 481 2295 Cornea-fibra]
521 2255 588 2287 Cor
614 2256 695 2286 mihi
723 2256 844 2287 durum

141 2315 208 2337 non
224 2312 276 2337 est
296 2311 331 2336 et
356 2306 472 2346 hebes,
501 2306 591 2347 quod
615 2307 724 2337 laudis
751 2317 845 2338 amor

141 2365 209 2388 non
226 2361 358 2396 tangat.

189 2405 302 2445 Fibra]
333 2406 610 2446 Syriecdochicws
643 2416 706 2447 pro
733 2407 849 2447 corde,

144 2456 242 2497 eujus
266 2456 516 2495 extremitateS,
542 2458 631 2488 sicut
648 2465 684 2488 et
707 2458 848 2488 aliarum

145 2507 354 2547 quarundam
387 2516 512 2547 rerum,
550 2506 646 2539 fibrae
674 2508 849 2548 appellan-

146 2561 211 2589 tur.

184 2610 227 2638 49
265 2609 388 2639 Bene
418 2608 473 2639 hoc
502 2608 627 2648 excute]
685 2609 847 2640 Scrutare

147 2660 295 2687 mentem
332 2657 625 2699 applaudentium,
663 2663 699 2690 et
728 2668 852 2700 appro-

149 2707 252 2740 bandi
269 2709 426 2741 rationes.

239 2761 353 2802 Delph.
367 2765 397 2793 et
418 2763 492 2794 Var.
511 2764 596 2794 Clas.

892 1800 1004 1841 peries
1017 1801 1107 1841 quod
1124 1802 1156 1831 in
1171 1803 1348 1833 versiculis
1362 1802 1459 1834 Accii
1469 1804 1600 1836 Labeo-

892 1851 957 1881 nis.
1002 1851 1093 1881 vide
1105 1861 1209 1892 supra
1224 1863 1273 1882 vs.
1287 1856 1317 1883 4.

936 1904 976 1931 51
1002 1901 1102 1931 Ebria
1118 1902 1257 1942 veratro]
1274 1902 1471 1942 Composita
1486 1903 1528 1934 ab
1543 1904 1601 1935 ho-

894 1951 983 1981 mine
1001 1951 1056 1991 qui
1078 1961 1270 1993 quanquam
1299 1953 1443 1984 acuendi
1471 1953 1600 1994 ingenii

897 2010 1000 2032 causa
1024 2001 1187 2033 hellebori
1213 2003 1394 2042 plurimum
1421 2010 1601 2046 sumserat,

899 2061 966 2082 non
981 2052 1099 2083 melius
1124 2053 1267 2093 proinde
1291 2054 1442 2093 scripsit,
1473 2055 1602 2096 quippe

899 2102 1136 2134 reluctabatur
1153 2103 1327 2134 Minerva:
1355 2115 1463 2145 neque
1476 2117 1530 2138 ars
1547 2107 1605 2138 da-

898 2161 935 2183 re
949 2153 1073 2193 potuit,
1092 2154 1182 2195 qnod
1197 2159 1318 2186 natura
1332 2163 1530 2196 negaverat.

947 2204 1092 2243 Verutro]
1137 2204 1264 2236 Album
1299 2212 1351 2237 est
1379 2207 1604 2251 helleborum,

899 2253 988 2294 quod
1012 2254 1093 2284 utile
1117 2255 1160 2284 ad
1182 2256 1395 2295 purgandum
1412 2259 1604 2300 cerebrum,

899 2308 936 2334 et
953 2303 1153 2334 excitandos
1168 2305 1328 2344 spiritus;
1346 2307 1603 2351 adhibitumque

899 2353 1085 2384 identidem
1101 2364 1119 2384 a
1135 2355 1305 2395 studiosis,
1320 2363 1438 2389 auctor
1452 2365 1505 2391 est
1515 2360 1608 2393 Plin.

904 2412 991 2435 xxv.
1009 2408 1038 2435 5.
1084 2404 1170 2435 Item
1185 2407 1274 2437 Gell.
1293 2416 1384 2439 xvu.
1402 2412 1453 2439 15.

949 2456 1114 2496 Elegidia]
1138 2457 1388 2489 Diminntivum
1406 2459 1447 2490 ab
1460 2460 1592 2501 Elegia.

950 2507 1063 2547 Crudi]
1079 2508 1143 2538 Vel
1160 2509 1250 2548 pleni
1263 2509 1340 2540 cibo
1358 2511 1505 2541 nondum
1520 2511 1607 2542 bene

906 2562 1027 2589 cocto:
1068 2559 1121 2590 vel
1147 2561 1390 2600 metaphorice,
1418 2561 1527 2599 scioli,
1548 2561 1608 2602 qui

905 2609 996 2649 quod
1010 2610 1204 2641 didicerunt
1215 2612 1518 2651 qualiterciunque,
1528 2620 1610 2642 non-

905 2658 985 2689 dum
1002 2660 1102 2700 plane
1117 2665 1362 2701 concoxerunt‚
1375 2669 1439 2691 nec
1455 2659 1609 2701 perfecte

905 2710 1044 2741 callent.

850 2764 940 2794 Pers.
1496 2765 1524 2796 C
