1888 3032
701 161 881 194 SA'HRA
916 161 962 191 V.

1477 143 1562 185 117

108 260 217 302 Cum
234 258 384 301 blandi
405 259 603 307 comites,
620 262 799 311 totaque
821 258 998 310 impune
1021 251 1194 295 Subura

109 328 315 369 Permisit
333 328 550 380 sparsisse
572 327 720 368 oculos
735 328 829 380 jam
850 323 1063 365 candidus
1080 323 1237 372 umbo3

97 468 211 507 faciles
226 468 381 509 aderant,
396 473 426 500 et
441 471 563 511 clypeus
577 469 664 500 albus
681 472 755 499 tunc
769 467 887 499 sinebat
903 477 957 498 mc
973 466 1099 504 injicere
1112 466 1211 496 oculos
1225 464 1291 495 sine
1306 467 1386 494 metu
1401 462 1434 494 in
1447 471 1564 493 omnem

758 569 899 601 NOTAE

103 642 240 675 fluxerit
255 653 327 675 mos
342 643 443 674 bullae
463 645 649 684 gestandae.
694 646 749 676 De
767 654 806 675 eo

103 694 211 724 multa
227 699 261 724 et
279 695 369 724 varia
385 694 583 725 Macrobius
600 695 674 725 loco
699 695 805 726 citato

101 754 192 784 mox,
209 745 265 775 ubi
282 750 317 776 et
334 745 381 777 sic
397 746 500 777 habet
515 758 522 777 :
557 747 565 762 ‘
581 747 700 777 Tullus
718 747 805 777 Hos-

101 794 193 826 tilius
220 796 293 826 Rex
311 797 537 827 Romanorum
554 797 675 828 tertius
692 797 804 827 debel-

99 845 176 877 latis
194 846 386 886 Hetruscis,
399 847 514 878 sellam
530 848 692 887 curulem,
708 847 804 878 licto-

101 905 234 937 resque,
253 902 288 927 et
303 902 418 937 togam
443 897 583 937 pictam,
597 902 698 938 atque
717 907 803 938 prm-

100 951 243 985 textam,
267 957 342 987 quae
368 947 515 988 insignia
539 948 803 989 Magistratuum

101 997 349 1029 Hetruscorum
367 1003 478 1038 erant,
491 998 617 1039 primus
635 1003 672 1030 ut
688 999 804 1030 Romae

98 1048 314 1088 haberentur,
344 1049 505 1081 instituit.
563 1049 631 1080 Sed
660 1054 806 1090 praetex-

100 1104 170 1130 tam
186 1099 244 1130 illo
259 1100 384 1131 saeculo
409 1099 549 1140 puerilis
577 1109 644 1130 non
671 1109 806 1140 usurpa-

99 1149 159 1181 bat
187 1155 281 1182 aetas.
334 1150 460 1181 Postea
490 1160 569 1181 vero
598 1150 804 1192 Tarquinius

97 1200 387 1232 Priscus—filium
415 1211 511 1232 suum
546 1210 650 1232 annos
684 1206 803 1243 quatu-

96 1251 247 1282 ordecim
277 1256 406 1291 natum,
432 1251 522 1293 quod
545 1251 674 1283 hostem
702 1261 803 1283 manu

94 1307 327 1344 percusserat,
358 1312 420 1343 pro
451 1302 614 1334 concione
640 1302 804 1342 laudavit,

96 1356 132 1384 et
148 1352 240 1384 bulla
264 1362 367 1384 aurea
391 1356 630 1393 praetextaque
649 1352 803 1392 donavit,

95 1404 279 1444 insigniens
295 1413 437 1444 puerum
454 1404 545 1434 ultra
560 1413 663 1434 annos
679 1402 803 1434 fortem

96 1454 247 1496 praemiis
273 1454 448 1485 virilitatis
481 1458 516 1484 et
540 1453 803 1484 honoris—Alii

96 1510 220 1546 putant
234 1504 379 1535 eundem
392 1504 562 1540 Priscum,
583 1513 658 1533 cuin
676 1507 803 1534 statum

97 1555 221 1586 civium
250 1555 392 1586 solertia
421 1555 556 1596 providi
583 1554 803 1594 Principatus

94 1607 285 1646 ordinaret,
297 1606 423 1638 cultum
437 1614 569 1646 quoque
579 1605 800 1645 ingenuorum

94 1667 279 1699 puerorum
293 1657 385 1688 inter
396 1657 569 1698 praecipua
583 1656 707 1687 dixisse
721 1667 728 1686 :
754 1656 803 1686 in-

94 1709 313 1750 stituisseque
344 1713 383 1739 ut
412 1707 554 1738 Patricii
584 1706 677 1737 bulla
700 1715 803 1738 aurea

96 1768 173 1791 cum
204 1763 286 1799 toga
326 1758 381 1790 cui
410 1757 614 1798 praetexitur
652 1766 803 1798 purpura

96 1814 289 1849 uterentur,
312 1809 477 1840 duntaxat
495 1809 545 1840 illi
569 1818 710 1850 quorum
738 1809 802 1839 Pa-

95 1867 164 1893 tres
179 1862 336 1893 Curulem
350 1864 527 1902 gesserant
537 1857 803 1900 Magistratum‚'

96 1916 161 1944 ἃς.
196 1912 377 1951 Asconius,
399 1912 409 1928 ‘
426 1909 549 1950 Bulla‚'
568 1910 690 1950 inquit,
706 1911 715 1927 ‘
733 1919 801 1941 sus-

94 1962 199 2004 pendi
224 1963 257 1993 in
281 1962 370 1993 collo
394 1961 547 2002 ingenuis
573 1961 659 1992 solet
688 1970 800 2000 aurea,

95 2013 263 2045 libertinis
279 2017 425 2051 scortea,
453 2011 549 2052 quasi
569 2012 801 2043 communiens

96 2069 219 2106 pectus
233 2063 384 2104 puerile!
406 2062 507 2094 Alex.
524 2062 567 2094 ab
580 2062 681 2094 Alex.
695 2071 736 2093 11.
750 2065 801 2094 19.

96 2114 145 2147 sic
160 2114 286 2145 habet:
311 2115 320 2131 ‘
333 2113 556 2145 Praetextatis
572 2113 697 2145 bullam
721 2122 803 2153 pen-

95 2166 178 2198 dere
195 2174 257 2206 pro
279 2169 421 2206 pectore
447 2163 616 2196 affirmant
636 2165 801 2205 nonnulli,

94 2220 134 2249 ut
149 2215 198 2248 ibi
214 2215 326 2248 cordis
339 2215 469 2256 insigne
492 2220 657 2254 maneret,
678 2215 736 2246 ubi
753 2225 801 2247 se-

92 2266 156 2299 des
170 2271 245 2298 erat
261 2265 417 2297 consilii!
465 2265 512 2296 Et
528 2265 679 2306 ejusdem
695 2265 752 2297 lib.
769 2276 800 2297 c.

93 2320 148 2350 25.
171 2319 181 2334 ‘
195 2317 343 2349 Romani
366 2325 490 2357 pueros
515 2320 684 2356 praetexta
699 2316 802 2348 dona-

92 2369 191 2409 bant,
207 2373 244 2400 et
271 2368 373 2400 bulla.
417 2368 505 2399 Haec
529 2376 632 2399 aurea
652 2371 740 2408 erat,
753 2367 802 2398 in-

93 2420 190 2461 signe
211 2418 413 2458 nobilitatis,
437 2417 580 2459 figuram
607 2418 719 2450 cordis
746 2418 802 2449 ha-

94 2469 193 2511 bens,
209 2474 247 2502 ut
262 2471 434 2511 signarent
455 2479 532 2502 eam
555 2474 692 2501 aetatem
718 2469 801 2500 alte-

95 2520 164 2552 rius
191 2522 331 2554 consilio
364 2520 557 2562 regendam.
604 2520 704 2551 Bulla
734 2519 800 2560 pri-

95 2579 188 2604 mum
217 2582 237 2604 a
263 2573 450 2614 Tarquinio
487 2571 605 2604 Prisco
639 2570 800 2602 donatum

97 2629 194 2653 suum
207 2621 312 2655 filium
325 2623 478 2662 tradunt,
490 2632 590 2664 quem
603 2622 636 2653 in
654 2626 801 2662 praetex-

98 2674 144 2704 tae
160 2672 262 2702 anuis
282 2673 412 2705 hostem
441 2673 561 2705 dicunt
582 2671 801 2704 occidisse.—

98 2721 225 2755 norum
238 2732 318 2756 vero
344 2728 420 2758 erat
434 2725 566 2766 insigne
588 2723 800 2764 libertorum,

862 644 1070 687 plebeiorum
1102 647 1137 673 et
1164 650 1362 683 pauperum.
1415 639 1565 680 Propius

861 706 942 728 vero
960 699 1027 734 est,
1044 693 1174 725 foedere
1202 693 1271 724 icto
1287 702 1362 723 cum
1378 692 1512 723 Sabinis
1529 696 1566 722 et

861 749 977 788 Tatio,
993 752 1128 778 cautum
1154 746 1271 783 fuisse,
1298 749 1336 775 ut
1361 744 1452 775 bulla
1478 753 1565 783 prae-

860 803 1038 840 textaque,
1056 807 1117 838 per
1140 806 1196 828 eas
1221 799 1443 836 tempestates
1470 793 1566 824 Sabi-

858 861 978 882 norum
995 853 1130 887 ornatu,
1146 852 1318 888 raptarum
1342 845 1402 875 filii
1432 849 1566 875 uteren-

859 905 940 937 tur.’
980 901 1213 935 Posteriorem
1229 899 1314 929 hanc
1332 895 1496 926 rationem
1515 898 1564 924 at-

860 956 963 996 tingit
985 959 1019 985 et
1036 952 1253 991 Plutarchus,
1278 952 1310 982 in
1328 952 1460 984 Quaeat.
1479 949 1564 980 Cen·

861 1011 926 1038 tur.
942 1006 1042 1036 Rom.
1059 1008 1094 1035 et
1110 1004 1191 1034 alias
1208 1001 1368 1043 quasdam
1395 1000 1566 1040 adjungit,

860 1067 921 1089 cur
936 1057 1063 1088 bullam
1081 1058 1256 1096 gestarent
1272 1052 1433 1084 nobilium
1449 1050 1521 1082 filii.

903 1106 1091 1146 Succinctis]
1142 1104 1340 1136 Succinctas
1367 1105 1481 1133 vestes
1508 1101 1566 1132 ha·

860 1158 1030 1197 bentibus,
1047 1165 1141 1187 more
1157 1153 1306 1186 militari.
1336 1154 1435 1184 Vett.
1452 1151 1566 1183 Gloss.

859 1211 868 1227 ‘
885 1209 1018 1242 Gabino
1034 1208 1154 1239 habitu
1179 1206 1362 1245 cinctuque
1379 1204 1439 1235 Dii
1454 1203 1566 1234 Pena-

859 1266 911 1293 tes
932 1259 1180 1295 formabantur,
1196 1256 1350 1288 obvoluti
1366 1259 1447 1296 toga
1462 1264 1566 1296 super

856 1314 1030 1345 humerum
1046 1311 1230 1348 sinistrum,
1244 1308 1367 1339 dextro
1383 1306 1499 1338 nudo.'

901 1364 1031 1395 Donata
1044 1360 1204 1403 pependit]
1226 1359 1360 1391 Bullam
1378 1357 1476 1388 simul
1490 1366 1565 1388 cum

858 1420 1029 1457 praetexta
1055 1413 1196 1446 Laribus
1223 1409 1471 1442 consecrabant
1487 1408 1566 1440 ado-

857 1471 1042 1507 lescentes,
1064 1476 1140 1498 cum
1164 1469 1278 1504 togam
1305 1461 1435 1492 virilem
1458 1468 1566 1491 sume·

857 1524 955 1557 rent3
979 1519 1066 1550 sicut
1087 1515 1211 1557 puellae
1235 1522 1342 1554 pupas
1364 1510 1492 1541 Veneri
1507 1508 1566 1541 do-

856 1581 938 1601 nare
956 1568 1085 1600 solitae:
1110 1562 1394 1607 quemadmodum
1412 1561 1485 1601 jam
1508 1559 1566 1591 ob-

857 1619 991 1652 servavi
1019 1619 1091 1649 Sat.
1122 1625 1162 1647 11.
1194 1618 1231 1646 et
1259 1613 1362 1644 docet
1389 1610 1490 1642 Alex,
1523 1610 1566 1642 ab

857 1671 959 1701 Alex.
974 1680 1007 1700 v.
1024 1672 1075 1700 18.

900 1724 942 1752 32
968 1721 1047 1751 Cum
1063 1717 1167 1749 blandi
1181 1714 1320 1754 comites]
1352 1713 1433 1745 Non
1453 1712 1567 1753 asperi

856 1771 1042 1803 monitores
1072 1768 1216 1800 aderant
1257 1764 1413 1805 amplius,
1448 1763 1565 1804 quales

856 1825 1009 1862 patruus,
1034 1822 1092 1849 aut
1121 1816 1346 1857 paedagoguS,
1369 1813 1425 1854 qui
1456 1817 1568 1844 sumta

855 1871 945 1903 virili
958 1874 1038 1910 toga
1052 1865 1304 1899 removebatur.

899 1918 1038 1958 Subura]
1089 1917 1158 1948 Ubi
1187 1914 1386 1947 meretrices
1418 1913 1566 1944 diversa·

857 1971 994 2009 bantur,
1009 1969 1043 1999 iu
1056 1968 1195 2008 regione
1208 1974 1267 1996 seu
1282 1964 1356 1995 vico
1372 1962 1490 1995 infami
1501 1962 1565 1994 sub

857 2021 998 2062 antiqua
1013 2019 1113 2057 urbe,
1136 2017 1228 2048 unde
1247 2025 1369 2047 nomen
1386 2026 1394 2045 2
1419 2013 1565 2045 vocaba-

857 2077 913 2103 tur
926 2075 961 2101 et
983 2068 1227 2106 summoenium,
1251 2066 1347 2107 quasi
1370 2064 1431 2095 sub
1447 2062 1565 2095 moeni-

858 2122 934 2154 bus.
957 2121 1046 2151 Vide
1061 2119 1140 2151 JuV.
1157 2118 1226 2148 Sat.
1243 2125 1299 2147 111.
1316 2126 1364 2146 vs.
1378 2118 1408 2145 5.

898 2175 939 2204 33
964 2169 1114 2202 Permisit
1128 2168 1276 2209 sparsisse
1300 2165 1414 2206 oculos]
1448 2166 1564 2198 Quan-

855 2223 898 2254 do
913 2222 981 2253 mei
1000 2220 1086 2262 juris
1112 2219 1236 2257 factus,
1262 2217 1397 2250 nemine
1415 2217 1489 2256 jam
1506 2215 1565 2248 ob·

854 2275 1011 2304 servante
1026 2280 1079 2301 me
1097 2273 1155 2299 aut
1169 2268 1370 2308 castigante,
1381 2266 1489 2297 libere
1504 2275 1564 2307 po·

856 2327 965 2355 teram
982 2322 1016 2352 in
1032 2318 1250 2351 meretricum
1268 2317 1438 2348 domicilia
1455 2316 1564 2357 respi-

856 2382 947 2411 cere,
963 2376 998 2403 et
1014 2380 1076 2412 per
1096 2369 1256 2401 suburam
1282 2368 1409 2409 vagari.
1456 2365 1563 2400 Ovid.

855 2423 866 2442 ‘
884 2422 987 2455 Oculi
1000 2425 1078 2453 sunt
1094 2421 1126 2451 in
1143 2429 1256 2451 amore
1271 2418 1396 2451 duces!
1419 2418 1563 2450 Terent.

855 2473 966 2505 Andr.
990 2472 1071 2504 Act.
1096 2481 1119 2502 1.
1146 2471 1248 2502 Scen.
1276 2472 1305 2501 1.
1343 2469 1352 2486 ‘
1371 2469 1560 2509 Postquam

855 2524 1002 2556 excessit
1030 2533 1073 2555 ex
1087 2521 1239 2563 ephebis,
1251 2519 1391 2551 liberius
1412 2515 1561 2548 Vivendi

856 2575 921 2607 fuit
938 2579 1092 2616 potestas
1103 2577 1261 2605 z-antea
1275 2580 1368 2608 vero,
1380 2573 1475 2608 aetas,
1489 2575 1560 2598 me-

856 2630 922 2663 tus,
936 2625 1100 2666 magister
1117 2619 1364 2664 prohibebant!

899 2676 1059 2707 Candidus
1072 2673 1176 2713 umbo]
1206 2668 1400 2712 Tyronibus
1413 2666 1560 2699 dabatur

853 2726 1001 2769 clypeus
1009 2727 1343 2768 purusseuvacuus,
1357 2717 1393 2750 id
1409 2721 1474 2760 est,
1485 2716 1559 2758 sine
