1888 3032
679 117 843 148 PERSH

207 217 248 245 69
272 212 452 254 Pontifices]
485 211 699 253 Empbatice.
733 211 862 244 Quibus

159 264 210 296 fas
226 268 299 296 erat
315 263 408 294 Deos
433 263 558 293 rectius
584 272 802 298 cognoscere,
827 268 862 293 et

158 316 282 352 colere,
317 323 373 343 vos
400 313 472 343 rudi
500 314 556 343 illa
574 313 752 353 plebovnla
779 313 862 343 nihi-

154 367 188 397 lo
227 364 462 404 sapientiores.
513 363 659 394 Reddite
699 363 862 401 rationes,

156 415 237 456 quid
257 425 337 454 opes
355 415 386 444 iu
406 414 540 454 templis
558 412 703 443 faciant?
738 415 860 444 Casan·

555 465 686 494 Meton.
708 463 861 503 adjuncti

803 516 861 545 Sd-

156 466 235 497 bon.
253 465 350 505 legit,
366 465 398 494 in
410 475 506 495 sacro.

157 526 220 557 pro
237 517 403 556 subjecto.
453 516 489 545 ln
508 524 603 544 sacro
621 515 760 553 templo.

158 576 244 597 crum
261 565 349 596 enixu
368 570 419 595 cst
437 574 489 595 res
512 565 585 594 Deo
602 573 710 594 sacra.

199 620 241 648 70
264 617 409 654 Donatae,
425 615 493 655 qma]
530 614 693 645 Solebant
718 614 861 653 virgines

160 673 240 698 ante
256 677 354 708 quain
379 665 559 704 nuberent,
586 665 739 705 quaedam
763 665 862 705 virgi-

158 719 276 750 nitatis
293 728 360 748 suae
390 717 478 747 dona
497 716 623 747 Veneri
649 726 861 748 consecrare.

158 770 235 801 Hoc
268 774 303 799 et
335 770 440 798 Varro
468 768 597 798 scribit.
650 768 718 798 Vct.
748 767 862 799 sch.—

157 820 276 860 Nempe
294 819 362 858 hoc]
395 819 470 849 Hoc
495 824 558 857 est,
575 818 680 849 Nihil.
727 819 861 858 Nempe

157 869 356 900 tantundem
376 879 492 900 aurum
516 869 549 900 in
567 870 702 909 templis
725 870 778 899 vel
795 874 861 900 sta-

157 921 223 952 tuis
250 920 405 960 prodest,
430 925 591 960 quantum
608 920 733 949 Veneri
754 919 861 950 laneae

155 974 210 1004 vel
228 982 335 1004 cerea2
352 982 464 1012 pupae‚
481 977 516 1003 et
530 972 752 1011 imagunculae
771 973 862 1012 puel-

155 1024 243 1054 lares
277 1033 295 1053 a
315 1023 445 1062 virgine
470 1028 619 1063 nuptura
643 1028 862 1053 consecratae.

157 1074 318 1105 Solebant
347 1078 461 1104 autem
508 1073 666 1114 Virgines
703 1078 862 1114 nupturas,

157 1135 233 1156 suas
248 1135 367 1165 pupaS,
383 1125 611 1165 imagunculas
629 1124 797 1164 puellares
811 1125 862 1154 vel

157 1175 320 1216 sigillaria
335 1175 458 1205 Veneri
474 1173 608 1214 offerre,
622 1174 862 1215 tanquamjam

156 1225 344 1265 puerilibus
375 1225 514 1265 ineptiis
544 1225 787 1255 valedicturae:
813 1225 862 1255 sic

156 1275 272 1315 sponsi
300 1274 412 1305 mariti
444 1284 548 1305 nuces
572 1274 800 1314 spargebant:
827 1280 863 1306 et

155 1325 253 1365 pueri
269 1324 398 1355 virilem
417 1329 530 1365 togam
547 1325 711 1363 indutnri,
723 1325 861 1366 bullam,

156 1385 337 1415 puerorum
354 1376 496 1415 insigne,
519 1376 662 1406 Laribus
678 1377 862 1417 suspende-

160 1424 253 1456 bant.
279 1425 389 1455 Lubin.

199 1477 239 1504 71
267 1473 364 1511 Quin,
391 1472 460 1513 ἐξα]
507 1474 688 1505 Conclusio
718 1475 862 1515 Satyrae.

156 1523 322 1556 Quaenam
336 1524 407 1553 Diis
420 1528 515 1563 grata
527 1525 593 1554 siut
608 1534 759 1565 munera,
769 1526 863 1566 quid-

155 1572 299 1612 queillis
317 1571 542 1612 offerendum,
565 1573 666 1606 docet
692 1585 735 1606 ex
763 1577 864 1607 colla-

155 1622 250 1654 tione
266 1623 498 1662 dissimilium3
523 1633 648 1665 nempe
662 1635 730 1656 nou
749 1626 864 1666 qualia

155 1672 286 1713 vulgus,
302 1678 360 1704 aut
377 1674 536 1705 Messalae
552 1673 654 1715 filius,
670 1680 729 1707 aut
740 1676 862 1717 impro-

154 1721 311 1754 bissimus
321 1724 475 1765 quisque,
486 1724 514 1755 si
526 1725 625 1756 modo
633 1725 727 1756 dives
739 1724 863 1758 offerre

157 1778 282 1814 potest,
299 1774 358 1804 sed
387 1775 488 1805 animi
513 1775 708 1816 candorem,
730 1782 765 1808 et
780 1778 862 1809 vitae

154 1823 508 1865 integritatem—De,
522 1826 593 1866 ξω]
620 1827 720 1859 Quod
735 1828 863 1858 Messa-

155 1873 198 1905 1ae
229 1873 316 1904 filius
342 1874 503 1914 degener,
531 1876 564 1906 in
585 1886 722 1917 magno,
745 1877 864 1919 divite,

154 1922 241 1962 lato,
258 1928 293 1954 et
306 1923 450 1955 rotundo
471 1934 549 1955 vase
563 1926 639 1956 Diis
650 1936 864 1967 consecrare,

156 1977 193 2004 et
208 1971 331 2005 offerre
347 1980 506 2015 nequeat.
553 1976 638 2007 Erat
659 1981 772 2008 autem
788 1979 865 2009 lanx

157 2020 216 2056 v'as
254 2025 355 2057 rebus
388 2025 510 2057 divinis
538 2032 668 2068 aptum.
713 2029 755 2060 ld
784 2034 837 2061 est
854 2041 861 2061 :

157 2075 258 2108 Quod
283 2076 382 2107 nullis
409 2077 531 2117 opibus
548 2079 699 2117 parabile
716 2084 782 2119 est,
796 2080 865 2111 ani-

156 2135 248 2156 mum
286 2129 417 2157 rectum
448 2132 485 2158 et
514 2130 658 2165 θεοσεβῆ.
704 2129 864 2162 Lama.-

155 2175 274 2217 Lance]
298 2176 446 2208 Patella.
468 2177 604 2210 Divites
617 2179 705 2210 enim
718 2188 737 2211 e
750 2181 861 2221 lance,

157 2238 328 2270 pauperes
344 2238 387 2260 ex
402 2238 520 2261 acerra
536 2230 700 2263 libabant.

199 2282 242 2311 72
266 2281 422 2320 Messuloe,
446 2280 515 2320 δῖα]
552 2281 690 2312 Cottam
710 2283 865 2314 Messali-

155 2338 237 2360 num
252 2328 347 2369 dicit,
368 2330 424 2371 qui
442 2335 510 2360 tam
527 2330 666 2362 vitiosos
691 2333 808 2364 oculos
832 2334 865 2364 in

157 2383 335 2410 senectute
351 2379 482 2419 habuit,
498 2385 536 2411 ut
553 2380 728 2422 palpebrae
741 2383 815 2423 ejus
832 2383 866 2414 in

159 2429 366 2460 exteriorem
383 2435 516 2470 partem
532 2435 763 2463 verterentur.
797 2433 865 2464 Hic

157 2479 202 2511 ab
218 2479 358 2512 Aurelio
374 2480 479 2513 Cotta
492 2480 686 2523 adoptatus,
707 2483 866 2515 Aurelius

159 2530 322 2562 maximus
343 2531 533 2570 dicebatur,
549 2532 714 2573 originem
730 2534 866 2566 trahens

161 2578 205 2609 ab
235 2579 377 2612 Aurelio
403 2581 564 2622 Messala,
587 2582 644 2623 qui
658 2583 786 2624 septies
800 2583 868 2617 fuit

161 2629 300 2661 consul:
328 2630 386 2672 qui
401 2640 479 2662 cum
497 2641 516 2664 a
533 2632 679 2673 quodam
705 2633 808 2665 Gallo
823 2635 867 2666 ad

161 2679 430 2712 monomachiam
456 2681 491 2712 in
521 2682 640 2723 praelio
676 2688 869 2726 vocaretur,

1532 106 1617 149 231

916 220 1038 242 corvus
1067 219 1169 250 super
1195 210 1323 251 galeam
1346 210 1380 241 in
1404 209 1520 251 capite
1546 211 1618 250 ojus

915 261 1017 299 sedit,
1033 266 1079 300 et,
1094 261 1183 291 victo
1198 260 1308 297 hoste,
1337 260 1502 292 Corvinus
1517 270 1614 292 voca-

916 316 968 342 tus
986 318 1049 342 est.
1094 312 1161 342 Vet.
1189 310 1436 351 sch—Magni,
1456 311 1524 351 Sym]
1563 311 1618 341 In-

915 363 1041 402 telligit
1071 358 1206 393 Cottam
1233 362 1460 398 Messalinam,
1485 362 1619 402 majori-

914 413 976 443 bus
996 413 1064 443 suis
1081 413 1255 451 indiguum
1283 418 1317 443 et
1333 413 1548 453 degenerem.
1574 412 1620 444 Et

914 473 975 504 pro
990 464 1107 503 quovis
1122 463 1224 492 nobili
1251 467 1285 493 et
1303 462 1408 494 divite
1426 462 1620 503 punitum——

914 514 1030 554 Lippa]
1056 515 1157 553 Lippi
1177 514 1348 544 interdum
1368 524 1428 554 pro
1445 513 1620 555 improbis,

915 569 951 595 ut
970 569 1004 594 et
1021 565 1085 594 liic.
1114 565 1211 594 Idem.

956 617 996 645 73
1024 614 1246 654 Compositum]
1268 615 1395 646 Versus
1421 615 1562 656 egregii,
1586 620 1622 648 et

915 676 934 696 a
959 665 1074 695 multis
1106 665 1320 704 Christianis,
1356 667 1546 708 Lactantio,
1584 672 1622 699 et

913 716 988 747 aliis
1002 716 1142 748 laudati.
1164 716 1539 757 Lubias-Conzlmsitum
1550 718 1621 759 jus]

913 767 1042 798 Notum
1061 772 1123 805 est,
1143 767 1201 806 jus
1231 767 1271 796 ad
1298 766 1406 798 officia
1421 768 1509 799 inter
1522 769 1625 800 homi-

913 827 972 848 nes
989 817 1121 855 referri,
1139 817 1188 847 fas
1203 828 1284 848 vero
1304 819 1344 849 ad
1358 820 1522 859 pietatem
1540 829 1623 859 erga

913 868 1034 899 Deum.
1082 869 1127 898 Et
1148 868 1351 899 membrana*
1380 875 1506 900 nostrae
1523 870 1622 901 animi

912 918 1043 958 legunt,
1068 927 1134 948 non
1157 918 1268 949 animo.
1294 919 1617 960 &mauu—Compo-

912 968 1021 1008 situm]
1067 969 1280 999 Contrarium
1319 976 1372 1000 est
1409 970 1621 1003 dissolutum.

914 1019 954 1049 Id
985 1024 1051 1057 est,
1080 1019 1239 1050 Animum
1265 1020 1462 1059 composita}
1479 1020 1623 1060 justitiae

914 1074 950 1100 et
964 1070 1149 1111 aequitatis.
1195 1070 1251 1100 Sic
1267 1069 1276 1086 ‘
1293 1070 1471 1110 compositi
1489 1070 1625 1102 mores.'

912 1120 1242 1160 —-Sanctosque,&c.]
1278 1120 1319 1151 Id
1343 1125 1409 1160 est,
1434 1120 1622 1153 Interiores

914 1172 990 1203 illos
1006 1172 1151 1211 abditos,
1166 1176 1202 1203 et
1217 1171 1402 1213 profundos
1425 1173 1551 1204 mentis
1567 1183 1624 1205 an·

913 1221 1056 1262 fractus,
1084 1222 1202 1253 abdita
1232 1222 1289 1253 illa
1312 1227 1347 1254 et
1367 1228 1503 1254 secreta
1520 1224 1623 1255 animi

914 1272 1028 1313 adyta,
1059 1277 1187 1312 sancta,
1211 1277 1247 1303 et
1275 1273 1349 1303 sine
1371 1274 1461 1304 omni
1477 1274 1623 1314 macula,

912 1323 1040 1354 scelere
1056 1332 1152 1363 pura,
1169 1322 1326 1355 candida.
1350 1323 1465 1355 Lubin.

955 1377 996 1404 74
1026 1375 1079 1414 Et,
1102 1373 1172 1414 Qun]
1206 1374 1336 1405 Pectus
1363 1374 1467 1405 nobili
1495 1374 1565 1410 illo,
1589 1380 1625 1406 et

913 1435 1078 1466 generoso
1092 1426 1245 1466 honesto,
1261 1426 1402 1467 virtute,
1418 1427 1561 1468 pietate,
1575 1426 1625 1458 in-

915 1476 1092 1516 tegritate,
1105 1486 1171 1508 non
1180 1478 1302 1508 leviter
1314 1477 1471 1518 tinctum,
1481 1476 1539 1508 sed
1552 1478 1623 1518 pla-

914 1535 956 1556 ne
982 1530 1018 1557 et
1041 1526 1142 1566 plene
1158 1526 1339 1565 imbutum,
1356 1528 1559 1566 coloratum,
1575 1527 1625 1557 iu-

914 1580 1061 1607 coctum.
1084 1576 1240 1617 Metaph.
1266 1586 1286 1607 a
1306 1577 1432 1607 vellere
1461 1578 1513 1608 vel
1536 1578 1626 1618 lana,

913 1626 967 1658 cui
984 1628 1116 1658 colores
1140 1627 1382 1668 incoquuntur.
1407 1627 1518 1659 Lubin.
1566 1628 1624 1659 In-

913 1677 1041 1718 telligit
1062 1686 1144 1717 ergo
1160 1677 1316 1718 Persius,
1329 1682 1543 1709 constantem
1559 1678 1626 1709 sibi

914 1731 1018 1768 atque
1033 1727 1281 1759 immutabilem
1302 1728 1474 1760 virtutem.
1523 1728 1624 1759 Gene-

912 1788 1018 1808 rosum
1032 1777 1119 1808 dixit
1132 1778 1302 1816 honestum,
1321 1778 1402 1818 quia
1418 1787 1502 1809 vera
1516 1778 1626 1818 pietas

915 1837 1081 1867 generosa
1114 1831 1180 1866 est,
1211 1827 1309 1858 bonae
1346 1828 1419 1868 spci
1453 1828 1554 1868 plena
1591 1834 1627 1859 et

914 1876 1094 1917 ἐλευθέριος.
1141 1878 1270 1909 Contra
1297 1877 1508 1918 superstitio,
1530 1878 1628 1909 meti·

915 1929 1044 1967 culosa,
1076 1932 1113 1959 et
1150 1928 1185 1958 iu
1206 1928 1346 1958 humum
1369 1927 1516 1968 dejecta.
1565 1930 1626 1959 Ca-

913 1978 999 2009 saub.

958 2032 998 2060 75
1023 2028 1115 2067 Haec,
1143 2027 1215 2068 ᾅίκ]
1250 2026 1327 2059 Hoc
1357 2031 1478 2068 pectus
1514 2027 1627 2059 candi-

912 2079 994 2110 dum
1018 2083 1052 2109 et
1077 2088 1200 2119 purum
1216 2076 1301 2109 offer
1316 2079 1396 2110 Deo
1410 2078 1445 2109 in
1459 2077 1625 2109 sacrifici-

913 2140 987 2168 um3
1019 2133 1056 2161 et
1080 2130 1163 2170 cedo,
1179 2128 1303 2160 exhibe
1320 2128 1413 2167 mihi,
1430 2133 1466 2159 ut
1484 2128 1552 2159 aris
1569 2129 1625 2160 vel

911 2180 1036 2221 templis
1064 2180 1218 2211 Deorum
1242 2180 1276 2210 iu
1303 2178 1506 2210 sacrificium
1533 2178 1629 2209 exhi-

913 2230 1026 2271 beam,
1057 2235 1094 2262 et
1121 2229 1491 2269 admoveam—Ferre]
1536 2229 1626 2260 Boni

914 2282 1018 2313 etiam
1049 2281 1139 2312 farre
1170 2285 1206 2312 et
1234 2280 1335 2311 fictili
1360 2279 1507 2320 religiosi
1534 2284 1625 2311 sunt.

914 2332 1000 2363 Erat
1018 2336 1130 2363 autem
1145 2330 1205 2369 far
1220 2331 1309 2362 mola
1325 2331 1426 2371 salsa,
1441 2341 1522 2371 qua,
1537 2335 1626 2362 teste

915 2382 1040 2420 Plinio,
1063 2391 1244 2423 pauperes,
1275 2381 1332 2423 qui
1365 2382 1464 2412 thure
1492 2386 1625 2421 carent,

914 2434 1016 2465 litare
1028 2433 1358 2474 solebam—Fam]
1376 2433 1418 2464 Id
1433 2438 1497 2473 est,
1513 2434 1625 2464 Parvo

916 2484 1082 2516 sacrificio
1106 2494 1180 2516 cum
1198 2483 1394 2515 innocentia
1409 2483 1540 2524 gratior
1552 2491 1625 2522 ero,

908 116 1014 148 SA'r.
1047 117 1099 148 11.

916 2544 1018 2577 quam
1034 2544 1156 2577 magno
1179 2533 1331 2566 adhibito
1349 2532 1530 2571 sacrificio,
1547 2541 1624 2562 cum

916 2585 1096 2627 impietate
1108 2590 1145 2617 et
1156 2581 1473 2623 scelere.—Litab0]
1508 2581 1624 2612 Litare

917 2641 971 2668 est
985 2636 1051 2668 rite
1066 2635 1261 2668 sacrificare
1276 2638 1313 2664 et
1333 2633 1518 2674 impetrare
1533 2630 1624 2674 quod

918 2695 938 2718 a
953 2686 1033 2719 Diis
1045 2687 1204 2728 petimus.
1226 2682 1338 2714 Luhin.
