1888 3032
711 136 892 167 SATIRA
924 133 989 166 IV.

125 233 298 282 Dicere,
321 231 501 273 sorbitio
522 232 638 273 tollit
654 244 781 285 quem
803 230 900 271 dira
917 230 1073 271 cicutae
1091 227 1124 283 :)

125 299 228 350 Quo
249 298 417 340 fretus?
451 298 521 339 dic
542 299 640 348 hoc,
662 298 808 351 magni
830 298 999 350 pupille
1019 296 1195 338 Pericli.

123 435 271 477 interficit
286 446 383 467 θαι-ηε
400 436 527 466 haustus
542 436 689 475 cicntoe.)
712 436 818 475 Ecqua
833 443 865 465 re
880 431 1001 466 nexus?
1024 433 1184 474 Responde
1203 432 1295 473 illud,
1310 441 1330 463 o
1344 431 1462 473 pupille
1475 430 1582 470 magni

735 519 851 530 σσσσσσ

856 518 971 529 aeaeaeaeaeae

164 577 181 605 1
207 574 278 606 Hoc
299 576 387 606 crede
408 575 500 606 Edit.
523 574 710 614 Stepli.—-2
734 573 881 607 Quidam
898 572 1007 604 Codd.
1031 574 1134 609 dura,·
1156 571 1266 604 minus
1291 575 1407 603 recte:
1433 570 1580 602 cicutam

780 661 810 691 N
819 660 921 692 OTAE

122 732 243 770 quarta
271 738 384 760 rursus
418 729 573 769 ejusdem
612 728 822 760 Alcibiadem

120 779 274 810 Primum
290 779 456 818 imitatur,
477 779 625 821 indeque
644 780 824 811 materiam

121 839 254 861 omnem
277 840 316 861 ac
333 831 501 861 Personas
518 831 669 869 assumit,
694 835 731 861 ut
755 831 824 861 Ne-

121 881 206 920 roni,
233 891 331 922 quern
359 881 558 919 insectatur,
581 881 699 912 lateat.
756 881 825 911 Hic

119 930 237 972 itaque
262 941 322 971 per
343 930 556 962 Alcibiadem
586 931 680 962 Nero
705 930 827 961 intelli-

121 980 262 1021 gendus,
289 991 350 1021 per
380 983 554 1012 Socratem
586 980 736 1018 Persius,
769 980 826 1021 qui

115 1030 281 1070 juvenum
311 1030 570 1070 Rempublicam
597 1030 683 1060 male
707 1039 824 1070 capes-

120 1080 265 1111 sentium
283 1080 459 1120 redarguit
481 1080 688 1120 imperitiam
713 1089 751 1111 ac
776 1086 824 1112 te-

120 1129 324 1161 meritatem.

162 1179 339 1211 Barbatum
352 1179 552 1219 magistrum]
583 1179 760 1210 Socratem
778 1180 827 1210 ni-

119 1228 254 1269 mirum,
280 1235 317 1259 ut
348 1229 498 1270 probant
526 1229 699 1270 adjuncta.
744 1230 828 1260 Bar-

121 1278 227 1310 batum
242 1284 361 1318 vocat;
380 1280 431 1310 vel
449 1280 528 1321 quia
545 1279 682 1310 barbam
700 1279 826 1319 alebat,

121 1329 401 1369 quemadmodum
422 1334 457 1359 et
480 1329 536 1360 alii
554 1329 594 1359 iis
619 1329 827 1369 temporibus

121 1379 319 1419 Philosophi
336 1390 343 1410 :
364 1381 428 1417 vel,
445 1389 483 1410 co
500 1379 603 1420 quod,
617 1383 656 1410 ut
679 1384 828 1410 testatur

121 1429 249 1461 Tullius
266 1433 297 1461 4.
315 1430 356 1460 de
374 1429 524 1469 Finibus,
537 1429 626 1469 apud
652 1430 824 1461 Romanos

122 1480 254 1521 antiqui
275 1479 456 1519 Sapientes
483 1479 616 1509 lionoris
641 1489 745 1509 causa
761 1479 829 1509 bar-

122 1528 187 1560 bati
204 1529 421 1560 vocabantur.
460 1529 505 1559 Et
524 1528 611 1559 l‘lin.
628 1529 661 1559 in
684 1529 828 1568 Epistol.

122 1580 131 1597 ‘
149 1579 284 1619 Barba,'
308 1580 430 1620 inquit,
456 1580 464 1596 ‘
477 1580 612 1619 sylvosa
634 1584 670 1610 et
687 1579 827 1619 pulchre

122 1629 218 1668 alita,
235 1629 385 1670 quamvis
398 1637 452 1659 res
476 1629 551 1669 ipsa
566 1628 609 1659 sit
625 1628 775 1659 exterior
793 1634 829 1659 et

122 1677 277 1718 fortuita,
297 1679 386 1710 iuter
410 1679 552 1710 bominis
579 1679 705 1709 eruditi
730 1678 829 1719 insig-

123 1728 179 1760 nia
192 1729 412 1760 recensetur!
457 1728 643 1760 Athenaeus
667 1729 726 1760 lib.
745 1738 826 1760 xm.

125 1778 174 1810 ait
187 1778 377 1810 Alexandri
394 1784 526 1810 tantum
543 1780 671 1810 saeculo
686 1778 828 1810 barbam

126 1828 266 1860 radendi
279 1830 451 1860 invectum
464 1839 604 1869 morem,
618 1839 657 1860 ac
675 1829 828 1860 derasam

125 1878 265 1910 barbam
279 1877 438 1918 flagitiosi
450 1878 592 1908 hominis
607 1884 722 1909 notam
747 1878 830 1910 exti-

126 1927 219 1958 tisse.

169 1977 379 2017 Mag-istrum]
404 1978 471 2008 Seu
487 1977 564 2018 quia
581 1976 648 2008 suit
673 1978 829 2009 Socrates

125 2027 340 2068 Paedagogus
359 2028 547 2058 Alcibiadis
564 2039 570 2057 :
587 2028 656 2058 sive
674 2028 778 2068 quod,
791 2032 829 2059 ut

127 2078 231 2109 habet
268 2079 387 2110 Cicero
414 2079 456 2109 de
496 2078 636 2108 Finibus
659 2087 700 2108 ιι.
734 2088 766 2109 n.
798 2081 828 2108 1.

128 2128 137 2145 ‘
155 2128 313 2159 Socrates
346 2127 570 2168 Philosophiae
602 2137 722 2167 parens
751 2128 830 2168 jure

128 2177 195 2209 dici
213 2178 348 2218 potest.'
373 2186 413 2208 11.
437 2178 479 2208 de
502 2179 636 2208 Natura
666 2179 832 2215 Deorum,

127 2239 163 2260 n.
194 2232 267 2260 167.
302 2229 495 2270 ‘Princeps
524 2234 576 2260 est
612 2229 832 2270 Philosopho-

129 2279 228 2310 rum!
257 2280 356 2310 Tusc.
374 2280 506 2312 Quaest.
524 2287 578 2308 ιιι.
607 2288 638 2308 n.
655 2281 686 2309 8.
703 2279 712 2293 ‘
726 2279 759 2309 A
776 2279 832 2309 So-

128 2333 226 2360 crate
241 2329 346 2359 omnis
364 2339 437 2369 quae
450 2333 503 2358 est
516 2329 556 2359 de
570 2334 640 2359 vita
653 2334 688 2359 et
705 2328 747 2359 de
764 2338 832 2359 mo-

130 2379 223 2410 ribus
232 2379 451 2419 Philosophia
466 2378 638 2409 manavit?
683 2379 780 2410 Tusc.
799 2388 831 2411 v.

130 2438 164 2460 n.
182 2432 233 2460 10.
247 2430 256 2446 ‘
272 2429 408 2460 Primus
430 2429 486 2459 ille
502 2429 759 2470 Philosophiam
776 2429 832 2460 de-

129 2480 266 2510 vocavit
281 2489 298 2510 e
317 2480 423 2516 Coelo,
439 2484 474 2511 et
503 2480 537 2510 in
566 2479 705 2510 urbibus
733 2480 833 2511 collo-

131 2528 234 2567 cavit,
274 2532 310 2560 et
345 2529 378 2559 in
411 2529 527 2560 domos
559 2530 769 2560 introduxit:
799 2535 833 2560 et

135 2578 248 2618 coegit
263 2579 306 2610 de
324 2580 393 2609 vita
416 2585 450 2610 et
475 2580 635 2620 moribus,
666 2579 833 2620 rebusque

133 2627 230 2658 bonis
245 2635 281 2660 et
296 2630 391 2660 malis
406 2629 581 2670 quaerere.’

175 2679 195 2708 2
230 2677 367 2711 Sorbitio
396 2679 520 2719 cicutae]
573 2679 661 2711 Plin.
693 2687 768 2713 xiv.
802 2682 835 2710 5.

880 730 888 746 ‘
903 728 1020 768 Sicut}
1037 728 1159 769 inquit,
1174 728 1182 744 ‘
1202 728 1319 758 cicuta
1340 725 1466 757 homini
1484 734 1583 756 vene-

880 788 959 809 nuni
973 782 1038 817 est,
1061 778 1108 808 sic
1124 778 1246 808 cicutae
1270 774 1408 806 vinum.'
1454 775 1500 805 Et
1522 774 1584 805 lib.

879 837 965 859 xxv.
998 829 1111 867 capite
1135 828 1273 858 ultimo:
1305 827 1313 843 ‘
1333 826 1455 856 Cicuta
1482 833 1585 855 vene-

879 888 958 908 num
977 883 1042 916 est,
1057 878 1192 918 publica
1210 876 1468 907 Atheniensium
1484 884 1586 914 poena

880 930 1013 967 invisa,’
1029 932 1092 960 Sec.
1142 928 1253 968 Hujus
1270 937 1405 958 succum
1422 925 1584 956 lethalem

881 979 922 1009 ab
940 979 1081 1019 ingratis
1105 978 1237 1009 civibus
1256 977 1390 1017 jussum
1407 976 1586 1006 Socratem

880 1028 1042 1067 ebibisse,
1055 1028 1151 1059 testis
1164 1032 1217 1058 est
1231 1027 1332 1057 Plato
1350 1036 1425 1056 cum
1439 1024 1575 1056 ceteris.

926 1078 1025 1113 Quem
1055 1078 1137 1109 tollit
1164 1077 1249 1117 dira]
1299 1076 1433 1108 Socrati
1463 1084 1585 1116 nempe

882 1130 1016 1160 oraculo
1034 1129 1202 1169 Apollinis
1218 1126 1466 1167 sapientissimo
1482 1124 1587 1155 homi-

882 1189 960 1209 num
974 1179 1129 1219 judicato
1140 1179 1254 1219 plures
1264 1175 1477 1207 invidebant.
1503 1174 1586 1215 Ejus

884 1234 998 1260 autem
1012 1228 1311 1269 reprehensionum
1326 1225 1463 1267 quidam
1479 1225 1587 1265 impa-

882 1279 1020 1317 tientes,
1055 1277 1177 1308 fraude
1216 1277 1463 1315 circumvento,
1489 1275 1587 1316 quasi

883 1328 1044 1360 adversus
1072 1328 1274 1369 religionem
1310 1324 1466 1357 Deorum
1500 1334 1589 1356 nova

883 1379 1033 1410 molienti
1060 1378 1248 1419 perniciem
1285 1376 1470 1407 machinati
1497 1380 1588 1406 sunt.

882 1430 1004 1459 'restes
1022 1433 1099 1459 sunt
1118 1427 1283 1468 Apuleius
1301 1426 1358 1457 lib.
1372 1435 1407 1457 x.
1422 1425 1464 1456 de
1483 1424 1588 1455 Asino

883 1488 1008 1517 aure03
1032 1478 1133 1508 Plato
1165 1478 1198 1507 in
1230 1475 1381 1507 Socratis
1406 1473 1587 1514 Apologia.

884 1528 1093 1566 Lactantius,
1108 1537 1142 1558 v.
1156 1530 1208 1557 15.
1247 1526 1391 1556 Sanctus
1405 1524 1588 1564 Augustin-

883 1579 940 1609 lib.
956 1587 1037 1609 vm.
1054 1580 1084 1608 3.
1105 1577 1145 1607 de
1175 1576 1324 1607 Civitate
1342 1575 1424 1613 Dei,
1443 1574 1452 1590 ‘
1470 1574 1589 1605 Socra-

886 1627 961 1666 tes,’
992 1627 1114 1668 inquit,
1145 1626 1153 1641 ‘
1178 1624 1360 1656 concitatis
1403 1623 1588 1654 inimicitiis

884 1678 1094 1708 calumniosa
1134 1675 1371 1707 criminatione
1409 1674 1589 1705 damnatus

884 1732 990 1758 morte
1005 1727 1190 1758 mulctatus
1206 1729 1270 1756 est.
1301 1724 1366 1755 Sed
1381 1733 1457 1755 eum
1472 1727 1590 1764 postea

884 1779 942 1808 illa
956 1778 1030 1818 ipsa
1051 1787 1125 1818 quae
1143 1775 1277 1816 publice
1299 1774 1521 1804 damnaverat
1543 1771 1591 1804 A-

885 1828 1109 1859 theniensium
1126 1826 1246 1856 civitas
1265 1824 1401 1863 publice
1416 1823 1526 1853 luxit:
1555 1823 1590 1853 in

885 1877 968 1908 duos
983 1877 1056 1916 ejus
1068 1881 1285 1906 accusatores
1303 1882 1407 1913 usque
1425 1872 1510 1903 adeo
1528 1881 1585 1912 po-

885 1927 956 1966 puli
981 1926 1214 1966 indignatione
1238 1931 1414 1961 conversa,
1438 1926 1478 1952 ut
1504 1930 1590 1952 unus

884 1986 1001 2007 eorum
1027 1984 1210 2016 oppressus
1235 1973 1265 2004 vi
1290 1972 1514 2003 multitudinis
1542 1972 1590 2003 in-

884 2027 1004 2058 teriret
1019 2037 1027 2064 ;
1050 2025 1150 2056 exilio
1163 2029 1275 2055 autem
1288 2023 1478 2054 voluntario
1487 2028 1590 2064 atque

885 2082 1053 2118 perpetuo
1069 2085 1204 2116 poenam
1228 2074 1371 2105 similem
1399 2073 1488 2104 alter
1510 2082 1587 2104 eva·

885 2128 995 2158 deret.
1054 2127 1136 2157 Tam
1166 2125 1330 2166 praeclara
1366 2124 1471 2164 igitur
1508 2123 1588 2155 vitae

886 2177 1072 2218 mortisque
1090 2177 1177 2207 fama
1192 2176 1351 2206 Socrates
1368 2174 1506 2214 reliquit
1518 2173 1591 2213 plu-

886 2227 988 2257 rimos
1013 2236 1080 2256 suae
1114 2224 1343 2264 Philosophiae
1370 2221 1591 2254 Sectatores.’

886 2276 1070 2306 Athenaeus
1083 2275 1142 2305 lib.
1156 2282 1237 2304 xxii.
1249 2274 1289 2303 ad
1305 2272 1417 2310 finem,
1429 2272 1531 2312 paulo
1545 2271 1594 2302 di-

886 2336 1016 2357 versam
1028 2323 1128 2355 affert
1140 2333 1275 2354 causam
1292 2322 1410 2353 mortis
1423 2322 1570 2353 Socratis
1584 2334 1592 2361 ;

886 2384 1008 2415 nempe
1025 2374 1067 2405 ob
1085 2373 1281 2414 frequentes
1303 2373 1377 2413 ejus
1400 2373 1435 2403 in
1458 2372 1592 2413 discep-

889 2426 990 2456 tando
1013 2425 1226 2464 ambitiones,
1242 2423 1344 2464 rixas,
1364 2427 1400 2454 et
1425 2422 1592 2463 importu-

887 2486 947 2506 nas
965 2475 1254 2516 reprehensiones,
1279 2478 1314 2504 et
1329 2483 1406 2505 cum
1423 2472 1513 2513 apud
1529 2473 1589 2507 Ju-

887 2526 982 2557 dices
997 2531 1088 2556 sorte
1105 2524 1213 2563 datos,
1236 2523 1465 2554 furacissimos
1487 2521 1592 2552 homi-

888 2587 958 2614 nes,
976 2577 1122 2617 dejusto
1139 2575 1366 2605 disseruisset.

936 2629 954 2657 3
981 2625 1179 2665 Quasi-etus]
1204 2626 1280 2657 Qua
1299 2621 1432 2662 peritia,
1461 2629 1526 2660 quo
1543 2629 1593 2651 re-

893 2687 967 2709 rum
985 2686 1057 2719 usu,
1072 2676 1195 2720 quibus
1212 2672 1395 2706 virtutibus
1410 2671 1531 2712 polles,
1555 2676 1594 2703 ut
