1888 3032
257 74 342 115 142

764 85 807 114 Α.
842 83 1003 113 PERSII
1041 84 1211 115 FLACC!

257 181 305 222 Si
325 182 554 235 increpuit,
587 184 598 201 ‘
617 191 766 220 cessas
787 179 1011 232 nugatori’
1044 181 1270 223 servitium
1291 196 1391 226 aere

253 249 319 290 Te
336 250 440 290 nihil
461 248 664 301 impellit:
694 259 776 287 nec
799 248 1038 301 quicquam
1059 250 1331 292 extrinsecus
1350 253 1496 303 intrat,

256 316 389 368 Quod
410 329 562 356 nervos
584 316 739 368 agitet:
772 315 851 356 sed
872 316 911 357 si
933 318 1049 358 intus
1070 321 1113 359 et
1132 318 1177 358 in
1191 318 1340 372 jecore
1363 332 1482 376 aegro

258 384 511 425 Nascantur
531 383 711 435 domini,
738 385 812 439 qui
834 388 882 426 tu
903 385 1157 439 impunitior
1177 388 1290 438 exis,

1635 392 1720 433 130

254 450 404 505 Atque
423 451 509 502 hic,
532 465 658 506 quem
679 452 734 493 ad
757 453 945 507 strigiles
967 455 1136 496 scutica
1155 459 1199 497 et
1217 459 1358 498 metus
1379 456 1465 511 egit
1481 457 1662 500 herilis?

255 598 336 629 raris
353 598 467 638 etiam,
489 609 505 629 ο
521 609 631 639 nugax
642 599 658 632 2
702 602 785 632 Tum
802 606 897 633 certe
913 604 992 634 dura
1014 605 1149 636 servitus
1164 605 1338 636 nullatenus
1353 608 1384 636 te
1400 606 1516 645 adigit,
1532 606 1670 648 nihilque
1684 607 1722 638 ab

254 644 381 672 externo
392 642 581 681 ingreditur,
598 645 678 683 quod
694 654 801 675 nervos
816 646 970 684 exagitet.

1015 648 1061 677 At
1074 649 1102 678 si
1118 648 1235 679 domini
1252 650 1437 680 intrinsecus
1453 650 1611 688 oriantur,
1635 654 1665 681 et
1689 651 1722 682 in

252 685 362 725 hepate
377 686 457 715 male
472 685 584 725 affecto
595 697 607 724 ,·
630 689 777 727 quomodo
801 691 835 719 tu
851 688 918 719 ubis
939 687 1041 720 miuus
1059 691 1192 732 punitus
1213 701 1304 731 quam
1320 692 1383 731 ille,
1407 703 1495 733 quem
1510 692 1676 733 flagellum
1692 695 1722 723 et

870 784 986 794 ιιιιιι

990 784 1085 795 ooooo

254 837 313 866 127
331 835 468 876 increpui
482 836 575 868 Edit.
588 837 823 879 steph—130,
832 841 907 881 quin
920 844 953 872 lu
966 841 1160 882 inportunior
1172 841 1239 873 Ms.
1253 841 1400 872 R.—131
1419 851 1506 882 quem
1520 840 1619 872 abest
1632 840 1665 873 in
1683 841 1725 874 C.

923 927 1062 959 NOTAE

297 985 437 1027 Crispini
451 988 490 1018 ad
506 987 629 1029 balnea]
666 989 834 1031 Opulenti
861 991 960 1032 quili-

255 1036 314 1068 bet
344 1037 408 1068 sibi
440 1042 475 1069 et
503 1039 621 1070 amicis
661 1040 837 1072 habebant
868 1041 960 1072 domi

253 1087 401 1117 thermas
418 1092 453 1117 et
468 1088 610 1119 balnea:
629 1098 711 1130 ergo
726 1095 762 1121 et
775 1091 962 1130 Crispinus,

253 1138 311 1179 qui
327 1148 370 1169 ex
387 1148 485 1169 servo
501 1138 611 1170 factus
626 1141 739 1181 Eques
749 1142 889 1182 jamque
906 1142 963 1173 de-

252 1189 386 1220 licatior
416 1191 581 1231 arguitur.
640 1192 800 1224 Juvenal.
831 1193 904 1224 Sat.
935 1203 961 1224 1.

251 1240 259 1255 ³
274 1240 359 1271 Cum
376 1250 456 1280 pars
471 1241 613 1273 Niliacae
628 1242 753 1284 plebis,
767 1253 843 1274 cum
858 1254 963 1275 verna

253 1290 384 1329 Canopi
415 1291 616 1332 Crispinus,'
648 1295 713 1323 ἃς.
782 1294 852 1325 Hic
898 1294 961 1324 sub

253 1339 398 1370 Claudio
424 1340 640 1381 Imperatore
672 1343 841 1374 Praetorio
874 1353 961 1384 prae-

252 1388 362 1420 fectus
379 1389 516 1430 dicitur,
532 1395 567 1422 et
584 1392 830 1423 Consularibus
854 1393 961 1433 Insig-

252 1439 350 1470 nibus
370 1440 538 1479 donatus3
564 1442 627 1472 sub
655 1443 793 1473 Nerone
818 1452 899 1474 vero
927 1443 961 1473 in

251 1491 443 1522 Sardiniam
472 1492 622 1523 Insulam
652 1494 826 1534 relegatus
853 1499 962 1526 semet

252 1542 483 1574 interfecisse.
509 1544 646 1575 Cornel.
663 1546 773 1576 Tacit.

294 1592 409 1632 Defer]
433 1594 494 1623 Vir
512 1594 680 1625 delicatus
697 1599 837 1625 notatur
851 1600 886 1626 et
903 1605 961 1636 po-

252 1645 341 1682 tens,
355 1643 411 1683 qui
429 1652 496 1673 non
511 1645 743 1675 communibus
761 1645 870 1676 utitur
886 1646 962 1676 stri-

252 1692 385 1733 gilibus,
395 1693 455 1724 sed
469 1694 624 1734 proprias
639 1695 702 1726 sibi
719 1695 845 1726 deferri
856 1695 959 1736 jubet

253 1742 294 1773 ad
311 1742 442 1773 balnea.

295 1797 357 1825 127
378 1795 485 1826 Cessas
497 1795 648 1836 nugator]
666 1796 855 1837 Imperiosa
871 1798 960 1828 u‘tra-

252 1853 318 1885 que
354 1855 419 1876 vox
436 1856 443 1876 :
484 1846 573 1877 uude
599 1852 634 1878 et
664 1847 831 1888 sequitur,
863 1848 960 1878 servi-

251 1896 332 1927 tium
347 1907 431 1929 acre.

295 1948 465 1980 Servitium
482 1959 552 1980 acre
568 1953 598 1980 te
610 1949 689 1980 nihil
701 1950 848 1990 impellit]
865 1950 960 1982 Nihil

246 1998 320 2038 jam
337 2003 372 2029 te
390 2004 526 2040 torquet
543 2000 627 2030 illud
642 2001 831 2040 imperium,
843 2005 879 2032 et
893 2011 961 2041 poe-

252 2057 371 2078 narum
388 2055 510 2088 metus,
524 2051 683 2081 nimirum
695 2051 775 2092 quia
786 2051 877 2082 civili
895 2061 963 2082 ser-

251 2096 362 2128 vitute
379 2098 541 2129 liberatus
559 2110 608 2137 es,
632 2110 695 2130 nee
721 2101 826 2131 ullum
842 2111 960 2141 corpo-

252 2145 298 2177 ris
314 2147 484 2178 domiuum
501 2149 604 2180 habes
621 2151 775 2190 amplius.

294 2200 357 2229 128
378 2198 445 2228 Nec
461 2199 621 2239 quicquam
637 2200 831 2231 extrinsecus
846 2201 959 2243 intrat]

253 2247 406 2278 Externa
422 2259 486 2279 vox
505 2250 614 2280 civilis
637 2250 763 2281 domini
789 2261 906 2291 parum
925 2258 958 2283 te

252 2302 367 2328 movet
398 2305 456 2329 aut
486 2301 570 2340 agit,
608 2301 686 2342 quia
716 2301 802 2333 liber
830 2312 867 2333 es
897 2313 958 2343 per

253 2346 455 2379 Praetorem.

297 2399 359 2427 129
371 2397 461 2431 Quod
471 2401 696 2440 ue›·1-0s11g·13tet]
710 2403 842 2441 Non,ut
852 2404 959 2443 prius,

250 2455 319 2477 vox
334 2446 450 2476 herilis
470 2456 530 2487 per
543 2459 640 2478 aures
654 2450 797 2488 intrans,
813 2453 907 2491 cogit
921 2458 955 2483 te

253 2504 373 2526 nervos
402 2501 575 2538 totumque
602 2508 724 2538 corpus
750 2501 893 2539 agitare,
917 2502 959 2531 ad

253 2545 493 2585 obediendum,
518 2554 550 2577 et
569 2549 649 2579 illuc
666 2550 856 2590 quojubet,
884 2561 959 2591 pro-

255 2595 456 2636 perandum,
473 2606 513 2627 ne
531 2595 620 2629 forte
637 2600 780 2640 vapules
798 2605 959 2642 tanquam

255 2651 407 2677 cessator
423 2650 459 2678 et
476 2647 583 2680 deses,

1059 990 1121 1022 Sed
1156 991 1183 1022 si
1222 991 1322 1033 intus]
1376 991 1412 1023 Si
1450 990 1613 1023 exteriori
1653 991 1724 1033 qui-

1016 1041 1093 1072 dem
1120 1045 1154 1072 et
1180 1042 1332 1082 corporis
1349 1042 1517 1073 servitute
1545 1042 1724 1082 liberatus,

1017 1092 1146 1133 pateris
1177 1097 1291 1124 tamen
1322 1097 1358 1126 et
1393 1094 1499 1124 servis
1528 1093 1724 1125 interiorem

1016 1141 1175 1173 vitiorum
1189 1142 1402 1174 servitutem.

1060 1192 1223 1232 lajecore]
1238 1194 1335 1224 Jecur
1347 1193 1444 1224 sedes
1460 1193 1635 1234 appetitus
1649 1201 1727 1224 con-

1016 1242 1222 1282 cupiscentis
1237 1254 1244 1274 ι
1271 1244 1337 1280 vel,
1354 1248 1392 1274 ut
1409 1243 1501 1283 alibi,
1517 1243 1655 1283 ponitur
1667 1242 1724 1274 hic

1017 1302 1077 1332 pro
1095 1292 1210 1332 corde,
1225 1293 1315 1334 quod
1333 1298 1384 1324 est
1400 1292 1473 1324 fons
1491 1298 1527 1324 et
1543 1294 1639 1334 origo
1655 1303 1725 1324 om-

1017 1342 1107 1373 nium
1136 1342 1332 1375 affectuum.
1379 1346 1500 1383 AEgro:
1522 1345 1654 1376 scilicet
1681 1345 1724 1376 ob

1015 1392 1242 1424 inveteratam
1266 1394 1300 1424 in
1325 1395 1413 1424 malo
1430 1393 1724 1433 consuetudinem,

1017 1452 1084 1482 qua
1110 1442 1148 1473 fit
1172 1448 1211 1473 ut
1237 1442 1380 1475 affectus
1405 1444 1659 1484 ingravescant,
1688 1448 1725 1475 et

1016 1493 1122 1533 magis
1152 1494 1329 1535 magisque
1368 1494 1448 1526 tabe
1486 1504 1546 1526 sua
1575 1495 1724 1526 animum

1015 1549 1248 1584 corrumpant.
1699 1539 1706 1544 ”

1062 1597 1124 1625 130
1151 1595 1331 1625 Nascantur
1356 1594 1488 1635 domini]
1525 1594 1722 1635 Imperiosae

1015 1645 1174 1676 libidines
1193 1650 1227 1676 te
1245 1646 1397 1687 quolibet
1415 1647 1469 1677 vel
1486 1647 1627 1677 invitum
1646 1657 1721 1687 rap·

1014 1701 1142 1736 tantes,
1159 1697 1310 1737 pigritia,
1327 1698 1481 1737 avaritia,
1496 1698 1641 1738 luxuria,
1657 1700 1723 1729 &m

1013 1752 1050 1777 ut
1066 1757 1145 1778 mox
1165 1748 1298 1788 patebit
1314 1749 1473 1789 exemplo
1490 1754 1526 1780 et
1546 1748 1723 1790 experien-

1013 1797 1074 1828 tia.

1060 1849 1123 1884 Qui
1151 1853 1186 1880 tu
1212 1850 1397 1890 impunitior
1423 1851 1506 1891 exis]
1544 1850 1722 1884 Quomodo

1015 1905 1052 1930 tu
1068 1900 1208 1931 serviles
1233 1911 1349 1941 poenas
1367 1911 1432 1931 non
1460 1901 1575 1939 subis;
1600 1904 1635 1931 et
1661 1909 1724 1932 cur

1014 1950 1152 1990 impune
1183 1950 1378 1982 libertatem
1407 1955 1560 1981 ostentas
1587 1951 1621 1980 in
1653 1954 1722 1980 tam

1015 2001 1086 2031 acri
1113 2000 1268 2042 duroque
1296 2002 1448 2041 servitio,
1481 2010 1548 2041 quo
1583 2000 1721 2041 quidem

1015 2051 1114 2082 civile
1142 2055 1177 2081 et
1205 2057 1384 2082 externum
1423 2052 1518 2092 pejus
1558 2060 1626 2081 non
1658 2054 1721 2082 est.

1016 2102 1138 2133 Horat.
1172 2102 1245 2133 Sat.
1278 2111 1320 2133 11.
1351 2106 1382 2134 7.
1420 2103 1554 2142 ‘Tergo
1586 2102 1721 2142 plector

1013 2152 1099 2182 enim
1116 2163 1123 2182 ;
1151 2152 1207 2193 qui
1225 2156 1259 2183 tu
1278 2153 1506 2193 impunitior?

1057 2205 1117 2233 131
1136 2202 1239 2243 Atque
1254 2203 1316 2241 hic,
1330 2214 1429 2244 quem,
1445 2204 1513 2244 δῖα]
1530 2205 1598 2236 Cur
1612 2205 1720 2237 minus

1014 2254 1186 2294 plecteris,
1215 2265 1315 2295 quam
1342 2255 1398 2286 ille
1420 2265 1549 2295 servus,
1577 2257 1636 2298 qui
1659 2256 1720 2287 sub

1013 2303 1110 2334 herili
1140 2309 1313 2344 potestate
1340 2314 1516 2345 poenarum
1534 2311 1626 2337 metu
1650 2305 1721 2336 adi-

1013 2353 1104 2393 gitur
1131 2354 1174 2384 ad
1201 2353 1436 2385 facessendnm
1461 2356 1588 2386 domini
1613 2355 1720 2386 civilis

1012 2403 1203 2443 imperium,
1220 2415 1251 2436 v.
1267 2415 1297 2445 g.
1312 2406 1354 2435 ad
1370 2406 1529 2445 strigiles,
1542 2405 1584 2435 ad
1599 2405 1721 2436 balnea

1010 2454 1080 2483 sine
1099 2464 1191 2484 mora
1208 2454 1422 2494 deferendas,
1437 2455 1525 2486 &c.?

1058 2503 1199 2543 Sentica]
1224 2505 1410 2544 Flagellum
1427 2514 1446 2535 e
1462 2505 1557 2535 loris.
1581 2505 1718 2543 Graece,

1012 2552 1051 2582 τὸ
1078 2552 1191 2585 σκύτος
1222 2555 1347 2595 pellem
1378 2559 1414 2586 et
1437 2555 1564 2587 corium
1595 2556 1720 2598 signifi-

1014 2607 1084 2635 cat.
