1888 3032
754 150 786 180 A
820 149 1001 180 pensu.
1514 129 1600 181 297

148 249 248 292 17625
278 248 494 294 Rostochii‚
528 256 564 288 8.
609 248 725 286 Persii
759 249 884 300 Satyr.
904 263 939 286 c.
961 261 1057 286 νοτε.
1090 260 1209 297 germ.
1229 245 1395 297 prosaria
1430 247 1488 284 M.
1509 248 1601 287 Joh.

200 312 312 361 Benj.
334 314 556 363 Dragheini.

151 381 249 419 1737
281 376 508 422 Mediolani,
531 384 567 415 4.
598 376 748 414 Persius
783 390 819 414 c.
841 390 938 414 vers.
960 376 1092 413 Italica
1121 378 1210 413 Ant.
1233 376 1368 412 Mariae
1388 375 1543 421 Salvini,
1565 375 1602 412 in

201 440 320 489 Corp.
343 441 510 478 omnium
535 448 608 479 vet.
629 445 734 490 poet.
756 440 823 477 lat.
846 440 1004 478 Mediol.
1026 440 1077 476 T.
1100 450 1195 476 XVI.

154 507 252 546 1738
282 505 392 554 Lips.
427 512 464 544 8.
497 505 646 542 Persius
679 520 714 543 c.
750 517 847 542 vers,
877 505 1011 543 (ierm.
1044 504 1200 552 poetica
1229 504 1292 540 J0.
1326 504 1426 540 Dan.
1451 502 1602 554 Heydii.

204 567 303 610 Quae
324 568 479 618 quidem
501 569 764 619 interpretatio
784 569 874 606 satis
894 575 952 605 est
971 567 1070 604 fusa.

156 630 253 673 1765
283 632 567 683 Norimbergae,
589 639 626 670 4*
649 636 696 672 Λ.
730 632 846 670 Persii
877 632 1032 681 Satyras
1063 645 1128 668 sex
1158 630 1207 668 ad
1229 630 1345 668 fidem
1373 631 1606 680 optimarum

205 696 415 733 editionum
452 710 527 734 una
560 712 648 735 cum
670 699 784 736 variis
816 695 1046 734 lectionibus
1080 695 1226 733 codicis
1246 695 1451 732 Ebneriani
1489 694 1611 732 edidit

206 760 353 810 Georg.
374 761 475 798 Frid.
493 762 699 808 Sebaldus,
721 762 939 811 tabulisque.
960 760 1074 797 aeneis
1090 759 1226 796 incidit
1244 760 1306 796 J0.
1321 758 1443 796 Mich.
1461 758 1610 795 Schmi-

205 823 304 869 dius,
326 825 516 863 sumtibus
538 827 576 863 b.
597 828 725 865 Balth.
748 826 931 865 Schmidii
953 826 1163 862 haeredum.

155 910 205 916 —-
225 889 373 935 Bernae,
397 896 434 928 8.
465 891 535 927 Les
557 892 709 942 Satyres
731 891 780 928 de
800 892 926 928 Perse.
959 891 992 925 A
1014 890 1133 925 Berne
1152 887 1247 925 chez
1270 888 1314 923 Β.
1337 887 1381 923 L.
1396 886 1611 932 Walthard,

213 951 476 996 1765.—-Auli
502 955 630 1000 ‚Persii
667 955 797 993 Flacci
834 955 995 1003 Satyrae.
1036 954 1184 995 Bernae,
1213 964 1257 987 ex
1297 950 1450 987 officina
1484 950 1614 987 liered.

210 1016 401 1066 Wagneri,
423 1017 538 1061 1765.
588 1021 741 1070 Sumpt.
763 1020 807 1056 B.
830 1019 874 1055 L.
897 1016 1122 1055 Walthardi.
1166 1014 1375 1065 Dupliceni
1403 1014 1506 1051 hunc
1528 1014 1618 1051 titu-

213 1080 290 1118 lum
322 1082 468 1133 excipit
500 1083 678 1134 praefatio
709 1083 865 1121 editoris
898 1083 975 1129 (J⁰.
997 1081 1099 1119 Rud.
1130 1079 1292 1124 Sinneri,
1326 1077 1616 1115 Bibliotliecarii

212 1149 293 1181 tum
316 1146 533 1192 Bernensis,
549 1147 599 1184 ab
620 1160 680 1185 an.
708 1146 822 1190 1776.
844 1145 1035 1183 Advocati
1055 1144 1230 1194 provinc.
1250 1143 1287 1180 in
1309 1142 1468 1188 Erlach)
1488 1141 1524 1178 in
1542 1154 1619 1191 qua

214 1220 254 1245 se
284 1210 479 1260 praecipue
505 1224 551 1247 ex
570 1211 726 1248 Theod.
750 1209 915 1247 Mareilii
933 1214 972 1246 et
1004 1209 1055 1245 ts.
1079 1207 1296 1246 casauboni
1316 1206 1468 1244 comm.
1490 1204 1619 1255 profe-

216 1270 325 1319 cisse,
345 1274 549 1312 Ta1·te·r0ni
570 1288 668 1313 vers.
689 1275 778 1325 gall.
801 1280 889 1312 utut
909 1273 1047 1323 saepius
1082 1286 1104 1309 a
1135 1285 1249 1310 sensu
1281 1276 1408 1322 poetae
1443 1270 1620 1307 aberrare

217 1335 288 1373 sibi
307 1337 440 1383 visam,
460 1344 498 1376 et
518 1339 706 1389 Drydenii
727 1352 827 1377 vers.
849 1338 1065 1388 Anglicam‚
1088 1350 1176 1386 quae
1196 1336 1317 1386 magis
1337 1334 1529 1384 ingenium
1564 1334 1622 1370 in-

218 1401 409 1449 terpretis,
430 1414 545 1450 quam
567 1402 686 1439 Persii
713 1402 898 1447 redoleat,
920 1400 1170 1443 consuluisse,
1191 1399 1348 1437 tandem
1369 1398 1486 1434 vitani
1509 1396 1625 1434 Persii

218 1466 387 1511 (vetusto
407 1473 564 1504 auctore
584 1479 606 1503 a
627 1466 776 1503 Pithoeo
796 1465 955 1512 editam)
974 1464 1022 1501 ad
1050 1463 1200 1513 regulas
1220 1462 1311 1499 artis
1332 1461 1478 1499 criticae
1499 1473 1624 1497 emen-

218 1527 344 1573 dasse,
365 1528 582 1579 profitetur.
630 1529 830 1578 (Videmus
849 1534 990 1573 autem,
1006 1527 1090 1575 jam
1111 1526 1201 1563 olim
1222 1525 1337 1562 vitam
1361 1524 1469 1560 istam
1490 1522 1527 1559 in
1549 1521 1624 1559 fine

219 1604 242 1629 a
261 1592 361 1630 Dan.
383 1594 551 1632 Eremita
587 1594 721 1631 melius
754 1592 972 1630 ordinatam
1003 1590 1224 1641 conspirare
1245 1601 1334 1625 cum
1356 1586 1626 1625 emendatione

221 1655 479 1706 Sinneriana.)
505 1658 578 1708 Cuj
588 1671 708 1708 usque
725 1657 813 1695 dein
834 1658 980 1706 Satyrae
1001 1655 1118 1692 fronti
1139 1654 1233 1691 scite
1253 1652 1452 1702 appictum
1474 1657 1529 1687 est
1549 1663 1627 1688 em-

222 1719 377 1766 blema3
409 1721 530 1759 textui
564 1722 682 1759 latino
715 1734 736 1758 e
769 1721 921 1770 regione
954 1726 1011 1756 est
1031 1717 1154 1758 versio
1176 1716 1278 1755 Gall.
1300 1715 1481 1765 prosaria.
1530 1714 1628 1751 Dein

224 1783 301 1821 vita
320 1784 439 1822 Persii
469 1786 642 1835 sequitur
662 1799 696 1823 c.
719 1798 816 1822 vers.
837 1793 917 1821 tum
939 1796 960 1820 a
981 1796 1070 1832 pag.
1093 1788 1156 1826 Sl,
1178 1779 1386 1829 explicatio
1419 1778 1629 1815 emblema-

225 1852 321 1892 tum,
341 1858 404 1885 VI.
425 1848 570 1898 Satyris
590 1855 629 1885 et
648 1848 760 1885 titulo
781 1847 868 1883 libri
884 1846 1019 1884 Latino
1039 1844 1284 1895 appictoruni
1305 1856 1351 1879 ex
1371 1841 1627 1890 antiquitate;

225 1911 378 1948 tandem
400 1924 422 1949 a
441 1924 530 1962 pag.
547 1917 612 1956 91.
629 1911 678 1948 ad
705 1916 790 1949 184.
808 1916 910 1947 notae
930 1910 967 1946 in
989 1911 1143 1960 Satyras
1159 1905 1310 1945 Gallice
1331 1905 1420 1942 satis
1440 1905 1631 1953 eleganter

226 1974 396 2024 scriptae.

181 2044 280 2082 1775
311 2039 431 2077 Paris.
453 2045 489 2077 8.
516 2037 666 2076 Persius
699 2051 734 2075 e.
767 2049 863 2074 verS.
899 2041 1007 2087 poet,
1028 2035 1183 2074 Gallica
1214 2032 1352 2071 Selisii.
1399 2030 1496 2068 Vide
1533 2029 1633 2068 infra

229 2115 341 2139 verss.
363 2103 466 2140 Gall.

178 2187 230 2194 —-
249 2165 414 2203 Berolin.
437 2171 474 2202 et
506 2164 610 2214 Lips.
646 2170 666 2202 8
697 2164 790 2201 min.
818 2163 971 2204 Persius
1003 2176 1039 2201 c.
1059 2175 1158 2199 vers.
1187 2162 1321 2200 Germ.
1356 2171 1444 2209 quae
1477 2156 1632 2207 quidem

231 2228 493 2278 interpretatio
514 2228 598 2265 fusa
617 2233 688 2266 est.

695 2321 1114 2360 VERSIONES.

798 2405 1021 2434 GALLICAE.

189 2467 290 2501 1514
317 2462 357 2499 h.
379 2475 414 2499 a.
442 2461 612 2498 Persium
646 2460 798 2498 Gallica
831 2457 1064 2509 metaphrasi
1095 2455 1254 2495 donavit
1272 2454 1391 2492 Abel.
1413 2450 1637 2496 Foulonius,

239 2526 358 2568 Paris.
392 2524 482 2563 Vid.
504 2525 653 2563 Fabric.

193 2588 291 2628 1586
317 2588 470 2627 Persius
489 2602 537 2627 ex
555 2601 654 2626 vers·
674 2588 819 2626 Gallie.
834 2589 887 2628 G.
904 2585 1097 2631 Durandi,
1115 2590 1151 2624 8.
1172 2598 1209 2622 c.
1229 2586 1337 2620 textu
1353 2580 1436 2616 Lat.
1468 2574 1559 2614 vid.
1574 2573 1639 2613 ed.

240 2651 305 2691 ad,
325 2652 362 2690 h.
381 2665 415 2691 a.
