1888 3032
237 131 325 172 5242

240 234 535 270 ('‹1s‹1u1›.——It[u!ta‚
562 231 631 270 ἔξω]
669 228 788 258 Omnis
809 225 944 267 generis

238 296 317 317 vasa
348 278 680 323 intelligia—Putet]
727 277 783 309 Ob
811 277 944 317 copiam

236 336 385 373 nimiam,
401 344 439 364 eo
466 331 556 373 quod
579 340 661 361 vasa
689 328 747 360 illa
773 332 846 359 tota
870 336 944 358 raro

239 384 496 422 exhauriuntur,
522 385 558 411 ct
589 379 685 410 cibus
712 379 745 410 in
774 378 841 409 illis
871 386 944 407 cor-

239 438 428 475 rumpatur,
445 436 481 464 et
501 435 623 471 putere
640 429 792 470 incipiat.
816 426 929 459 Lubin.

285 488 326 516 74
350 486 399 522 Iri,
414 482 484 523 Sym]
506 481 637 513 Divitis
654 479 826 511 advocati.
872 478 945 508 Me-

240 543 368 576 tonym.
399 532 551 575 adjuncti
593 541 653 572 pro
691 530 857 570 subjecto,
886 537 948 568 pro

242 588 327 618 cella
343 584 516 625 penuaria,
534 583 566 613 in
584 592 649 623 qua
665 580 821 611 conditur
838 582 874 609 ct
891 577 948 608 ad-

241 642 396 669 servatur
428 632 750 676 penuS.—De¹‚s‹·nsis‚
776 629 846 669 ξω]
898 629 949 659 Eo

241 687 376 718 nomine
402 685 490 726 quod
509 683 632 714 divites
660 682 734 712 illos
751 679 900 710 Umbros
915 678 950 709 in

237 737 371 778 judicio
399 734 595 766 defenderit
622 737 797 773 patronus,
812 730 866 759 vel
894 728 951 759 ad-

243 792 394 819 vocatus.
441 787 548 816 Erant
577 786 691 814 autem
723 780 834 811 Umbri
865 779 951 810 auti-

246 837 399 879 quissimi
412 836 523 866 Italiae
541 833 669 875 populi.
705 830 854 862 Turneb.
874 839 951 860 xrv.

251 892 282 919 8.

288 941 329 969 75
356 938 414 977 Et,
429 937 499 977 &NJ
514 935 555 966 Id
572 939 637 974 est,
654 933 755 967 Quod
772 933 805 964 iu
821 932 953 963 illorum

246 988 488 1019 advocatorum
513 995 603 1026 penu
632 990 666 1016 et
694 983 824 1015 cibario
841 982 955 1013 condi-

249 1044 320 1069 tum
336 1038 382 1068 sit
400 1036 511 1076 piper,
527 1045 651 1076 pernae,
668 1039 702 1065 et
716 1042 846 1071 maenae,
863 1032 955 1062 Mar-

247 1087 274 1118 si
305 1085 509 1118 consultoris
540 1090 576 1115 et
606 1083 741 1115 clientis¹
768 1083 800 1113 in
824 1081 956 1122 judicio

248 1135 384 1167 defensi
405 1138 624 1166 monumenta
647 1138 680 1164 et
698 1132 849 1163 donaria.
896 1132 958 1161 Est

250 1191 364 1217 autem
383 1185 490 1216 Manu
507 1184 585 1215 vilis
599 1183 747 1213 marinus
766 1181 877 1222 piscis.
893 1180 957 1211 Lu-

249 1236 312 1267 bin.
345 1235 435 1266 Plin.
462 1243 513 1265 tx.
536 1236 591 1265 26.
637 1231 840 1264 Caussidicis
867 1231 957 1261 enim

249 1286 359 1317 solitae
388 1284 506 1315 donari
535 1285 668 1324 lagenae
697 1282 764 1313 vini
793 1286 829 1312 et
856 1281 957 1311 salsa-

250 1339 376 1374 menta,
388 1339 491 1375 atque
507 1333 673 1374 ejusmodi
690 1331 808 1363 tenuia
825 1339 958 1361 munus-

250 1387 339 1425 cula,
369 1395 510 1426 quorum
535 1384 589 1415 hic
621 1382 776 1414 meminit
808 1380 958 1412 Persius.

256 1435 391 1467 (r'asaub.

295 1488 337 1516 76
363 1484 465 1523 Quod,
482 1483 550 1523 ἔξω]
597 1483 690 1513 Orca
705 1481 818 1512 bellua
833 1479 962 1510 marina

254 1534 461 1575 appellatur,
475 1532 615 1563 balaenis
642 1530 779 1569 infesta,
801 1540 900 1571 quam
927 1529 961 1560 in

253 1587 363 1616 frusta
377 1584 558 1614 dissectam
576 1581 820 1613 salsamentarii
847 1582 881 1611 in
906 1590 962 1610 va-

255 1635 300 1664 sis
330 1632 570 1664 adservabant.
640 1631 750 1661 Prima
781 1631 863 1661 Orco
900 1639 962 1670 pro

257 1682 362 1723 priori
376 1691 454 1713 vase
469 1681 618 1721 ponitur,
633 1680 722 1720 quod
735 1680 768 1710 in
783 1679 839 1710 illo
855 1680 963 1719 pisces

256 1732 470 1764 illinendum
487 1730 691 1769 defecerint,
715 1739 779 1761 nec
801 1729 883 1760 illud
907 1739 964 1760 ex-

256 1785 412 1815 haustum
429 1782 494 1813 sit:
529 1791 605 1813 cum
622 1780 758 1820 insuper
772 1780 881 1811 adhuc
899 1779 965 1809 alia

258 1832 457 1873 offerantur,
486 1836 522 1863 et
545 1832 617 1872 jam
647 1831 714 1861 alia
744 1830 963 1860 donarentur.

258 1885 320 1916 Vel
334 1894 395 1925 pro
411 1887 510 1924 parte
526 1882 635 1924 prima
652 1891 691 1912 ac
707 1880 884 1921 superiore
899 1880 965 1911 Or-

261 1944 323 1965 (τε.
368 1933 482 1964 Lubin.

303 1989 344 2017 77
370 1986 434 2016 Hic
450 1983 575 2024 aliquis]
609 1982 798 2023 Impatiens
814 1992 899 2013 meae
916 1992 966 2013 se-

260 2036 319 2066 riae
351 2034 591 2066 admonitionis
621 2038 657 2064 et
686 2033 870 2072 libertatis,
914 2032 967 2063 vel

261 2085 490 2125 Philosophiae
514 2084 662 2115 studium
686 2083 969 2114 irridens—Hir-

262 2135 344 2176 tosa]
378 2134 536 2175 Hispida,
562 2134 704 2173 hirsuta,
727 2134 867 2172 inculta,
895 2134 967 2165 illu-

264 2186 352 2217 viem
387 2185 521 2215 illorum
557 2189 592 2215 et
627 2182 809 2224 δυσχέρειαν
838 2189 969 2215 notans.

268 2235 328 2266 Vel
345 2235 477 2273 hircosa,
495 2235 608 2274 turpia
624 2239 659 2265 ct
676 2233 777 2273 foeda,
805 2233 894 2275 quod
912 2233 969 2265 foe-

266 2286 344 2315 «lum
356 2285 493 2316 odorem
505 2285 685 2325 spirarent.
703 2284 970 2315 Turneb.xx111.

266 2335 605 2375 23.—-Centurionum]
650 2336 695 2365 Et
712 2339 806 2365 recte
827 2334 970 2364 militum

265 2385 340 2415 heic
355 2385 519 2423 meminit,
534 2390 674 2425 propter
687 2385 891 2415 contrarium
904 2388 972 2415 stu-

267 2434 371 2464 dium.
419 2434 512 2464 Nihil
538 2434 626 2464 enim
652 2434 843 2474 refragatur
859 2434 972 2465 Philo-

269 2484 394 2525 sophiae
425 2483 542 2523 magis,
570 2493 669 2523 qnam
697 2484 769 2513 vita
796 2483 972 2519 militm-{53

269 2535 328 2566 ubi
343 2540 378 2566 et
395 2534 468 2574 ipsa
484 2534 590 2564 virtus
606 2533 733 2563 exulat.
781 2533 878 2563 Idem.

312 2587 354 2615 78
380 2584 479 2624 Quod,
492 2582 562 2622 Bra]
597 2582 842 2622 Prosopopoeia
858 2580 974 2611 militis

272 2634 466 2665 vecordiam
484 2643 576 2665 suam
600 2636 636 2664 et
661 2636 808 2663 mentem
827 2642 845 2662 a
861 2631 975 2662 Philo-

269 2685 388 2726 sophia
425 2685 570 2717 alienam
606 2683 821 2718 excusantis:
867 2682 975 2723 primo

698 133 840 166 NO'PAE
874 132 900 159 V
910 129 1099 160 ARIORU
1110 129 1140 158 M
1177 129 1226 159 IN

995 223 1130 264 quidem
1158 232 1199 253 ex
1225 222 1405 263 adjunctis,
1422 220 1512 262 quod
1535 219 1616 250 satis
1638 217 1703 249 sibi

995 273 1115 314 sapiat.
1163 272 1260 303 Idem.

1036 325 1080 355 '79
1107 323 1194 363 Esse,
1208 322 1276 362 ἐξα]
1299 321 1339 352 Id
1357 325 1422 360 est,
1439 321 1622 361 Nunquam
1640 317 1705 348 Ar·

997 374 1137 412 cesilao,
1156 373 1280 411 Soloni,
1298 377 1333 403 et
1356 371 1496 412 reliquis
1513 369 1644 400 miseris
1668 372 1705 399 et

999 424 1196 456 aerumnosis
1230 421 1447 461 l’hilosophis
1485 420 1601 451 similis
1633 428 1705 450 esse

999 476 1101 506 volui.
1147 474 1226 505 Fuit
1240 478 1355 504 autem
1372 470 1558 510 Arcesilas,
1575 471 1629 501 vel
1643 469 1708 500 Ar-

999 526 1144 557 cesilaus
1161 524 1278 566 Seythi
1301 523 1389 554 filius
1415 532 1457 554 cx
1482 521 1607 552 Pitane
1625 520 1708 552 civi-

1001 582 1072 608 tate
1099 578 1242 615 AEolica,
1259 575 1435 606 Crantoris
1464 572 1709 613 discipulus.—

1004 628 1247 667 AEru-nmosique,
1261 625 1330 666 &NJ
1355 626 1404 656 Eo
1422 623 1514 666 quod
1531 621 1648 653 multis
1664 631 1720 656 an„

1001 678 1126 708 rumnis
1157 682 1192 707 et
1223 675 1395 707 laboribus
1427 673 1468 704 ad
1506 671 1709 712 sapientiam

1003 725 1422 769 pc1·veniant.—Solones]
1466 725 1568 756 Solon
1603 723 1709 754 Athe-

1002 779 1126 809 niensis
1142 788 1227 809 uuus
1243 787 1261 807 e
1286 781 1417 815 septem
1432 773 1657 815 sapientibus,
1673 777 1710 804 et

1003 829 1176 869 legislator
1191 839 1199 859 ε
1225 832 1261 859 et
1277 827 1401 858 Solones
1416 835 1477 867 pro
1495 823 1711 865 Philosophis

1005 879 1104 910 dixit.
1151 878 1249 909 Idem.

1047 931 1089 959 80
1115 927 1254 968 Obstipo,
1269 926 1339 967 ξω]
1372 924 1574 966 Descriptio
1598 923 1713 955 Philo-

1006 980 1198 1019 sophorum,
1215 988 1298 1019 quos
1316 987 1421 1008 vanus
1449 980 1485 1007 et
1509 974 1601 1006 rudis
1627 975 1714 1006 Cen-

1006 1030 1095 1060 turio
1113 1027 1407 1068 ridet.—-—Obstr'po]
1442 1026 1483 1057 Id
1501 1028 1566 1064 est,
1587 1023 1714 1065 Rigida

1007 1080 1094 1111 collo
1121 1083 1156 1110 et
1183 1078 1328 1117 cervice,
1354 1081 1389 1108 et
1410 1077 1443 1107 in
1466 1076 1644 1106 humerum
1661 1083 1717 1105 cas

1008 1130 1080 1171 pite
1095 1130 1259 1161 inclinato
1275 1140 1283 1168 ;
1320 1127 1410 1169 quod
1431 1126 1558 1158 attenti
1575 1129 1609 1156 et
1624 1124 1716 1165 cogi-

1009 1180 1148 1212 tabundi
1166 1180 1297 1221 signum
1315 1175 1612 1217 est.—Obstipare]
1630 1175 1716 1207 Con-

1008 1236 1182 1272 torquere,
1198 1229 1492 1267 incurvare—Et,
1508 1227 1578 1268 ξω]
1625 1226 1716 1258 Ocu-

1008 1283 1115 1312 lorum
1132 1281 1258 1311 luminc
1276 1281 1407 1311 intente
1432 1283 1558 1310 terram
1581 1277 1716 1308 intuen-

1010 1338 1084 1370 tes;
1118 1332 1207 1372 quod
1235 1331 1282 1362 illi
1309 1330 1452 1369 faciunt,
1470 1329 1524 1370 qui
1549 1327 1716 1359 attentius

1011 1381 1090 1422 qnid
1108 1381 1198 1421 apud
1214 1391 1248 1411 se
1264 1381 1486 1411 meditantur.
1533 1379 1633 1410 Idem.

1053 1434 1093 1462 81
1122 1430 1302 1469 Murmura]
1318 1430 1453 1461 Tacitas
1465 1428 1720 1467 meditationes,

1012 1492 1094 1524 quas
1122 1481 1234 1512 verbis
1251 1481 1424 1511 submissis
1451 1479 1541 1520 apud
1569 1489 1604 1510 se
1630 1488 1719 1510 mur-

1012 1532 1178 1564 murando
1214 1530 1596 1572 exprimunt.—Secmn]
1637 1529 1722 1561 Soli.

1014 1582 1081 1615 Qui
1099 1586 1256 1622 tanquam
1273 1581 1383 1612 insani
1400 1581 1461 1611 soli
1476 1589 1589 1610 secum
1607 1579 1719 1620 dispu-

1014 1636 1100 1663 tant.
1144 1631 1208 1661 Vel
1225 1630 1315 1671 quod
1333 1629 1404 1660 fere
1421 1630 1455 1660 in
1473 1630 1601 1660 rabiem
1619 1638 1721 1669 agan-

1014 1686 1081 1720 tur,
1098 1690 1173 1712 cum
1192 1690 1257 1710 non
1274 1680 1451 1711 inveniunt
1477 1679 1565 1720 quod
1584 1677 1722 1719 quaesie-

1015 1731 1294 1770 runt—Raditur]
1340 1729 1441 1761 Quod
1478 1738 1649 1760 murmura
1685 1732 1723 1760 et

1014 1781 1266 1819 meditationes,
1291 1785 1325 1811 et
1350 1780 1562 1812 inventiones
1579 1789 1654 1810 cum
1680 1778 1723 1810 si-

1015 1831 1119 1862 lentio
1145 1841 1258 1862 secum
1285 1831 1419 1869 rodant,
1447 1834 1641 1869 attenuent,
1664 1838 1722 1860 ex—

1016 1882 1166 1923 pendant
1183 1886 1286 1922 atque
1304 1881 1488 1922 expoliant.
1535 1881 1633 1911 Idem.

1059 1935 1100 1964 82
1126 1931 1335 1972 Exporrecto]
1373 1932 1442 1963 Per
1460 1931 1613 1971 Metaph.
1654 1930 1721 1960 Ex-

1018 1983 1167 2024 primens
1192 1982 1472 2021 Philosophorum
1502 1984 1647 2020 gestum,
1664 1979 1722 2021 qui

1018 2033 1098 2063 dum
1115 2042 1228 2063 secum
1246 2032 1464 2070 meditantur,
1487 2031 1536 2062 ita
1559 2031 1649 2062 labia
1665 2040 1723 2062 ex-

1019 2082 1177 2121 tendunt,
1204 2087 1240 2113 ut
1259 2082 1325 2112 illis
1342 2081 1447 2112 verba
1464 2081 1659 2121 adpendere
1676 2081 1724 2112 vi-

1020 2131 1443 2171 deantuin—Trutinarum]
1492 2132 1666 2172 Tanquam
1691 2130 1726 2161 in

1019 2183 1115 2214 librae
1147 2184 1243 2214 lance
1275 2183 1460 2223 pensitant.
1520 2182 1676 2222 Metaph.
1705 2191 1725 2212 a

1021 2234 1150 2265 trutina
1167 2235 1217 2263 vei
1235 2233 1332 2264 libra.
1379 2234 1475 2264 [dem.

1064 2287 1104 2315 83
1129 2284 1267 2323 AEgroti,
1292 2283 1360 2323 ξιτ]
1405 2283 1503 2315 Quod
1529 2281 1727 2322 Philosophi

1023 2334 1103 2365 talia
1120 2335 1230 2364 animo
1249 2333 1390 2372 agitent,
1406 2338 1440 2363 et
1459 2333 1634 2370 rimentur,
1647 2340 1727 2372 qua·

1021 2385 1067 2414 lia
1096 2384 1213 2423 {egroti
1242 2383 1420 2422 somniant,
1435 2383 1468 2413 id
1495 2388 1559 2421 est,
1583 2381 1727 2412 ridicula

1024 2439 1058 2465 ct
1082 2433 1424 2473 nugacia.—-Veteris]
1470 2431 1523 2463 Ad
1547 2441 1664 2462 senum
1690 2436 1728 2462 et

1025 2489 1227 2524 aegrotorum
1244 2483 1410 2512 insomnia
1427 2481 1575 2521 respicit,
1591 2491 1665 2521 quae
1683 2481 1726 2511 ab

1025 2533 1170 2562 Horatio
1183 2541 1243 2570 pro
1256 2531 1382 2561 deliriis
1394 2529 1727 2570 ponuntur.-Gigni

1025 2584 1062 2612 de
1077 2582 1183 2620 nihilo,
1194 2581 1263 2621 [roz]
1297 2580 1441 2612 Axioma
1459 2580 1644 2621 Pliysicum
1660 2580 1729 2611 vul-

1027 2632 1247 2672 gatissimum.
1296 2630 1392 2660 Idem.

1069 2685 1108 2712 85
1134 2681 1215 2722 Hoc,
1239 2680 1309 2721 tra]
1353 2680 1395 2711 Id
1422 2684 1486 2722 est,
1509 2681 1584 2712 haec
1605 2678 1726 2712 naeniae
