1888 3032
684 167 868 199 SA'HRA
902 170 967 202 IV.

98 258 407 314 Nequicquam
426 262 589 314 populo
611 263 785 305 bibulas
810 266 1042 308 donaveris
1065 281 1207 309 aures.

1477 167 1559 208 107

1505 273 1560 313 50

101 326 293 380 Respue,
317 329 432 381 quod
456 342 542 369 non
563 343 632 372 es:
665 332 788 372 tollat
807 347 885 374 sua
906 348 1081 375 munera
1102 336 1246 377 cerdo.

97 391 264 435 Tecum
284 396 445 445 habita,
476 401 517 437 et
536 400 666 448 noris,
690 412 821 452 quam
841 403 897 442 sit
919 403 997 442 tibi
1021 406 1143 443 curta
1163 404 1374 457 supelleX.

99 526 203 565 puteal
228 527 391 567 multiplici
417 529 572 566 cicatrice,
593 529 717 567 frustra
740 530 910 570 proelmerz's
929 533 962 572 pl
980 531 1010 562 bi
1025 542 1114 564 aures
1127 534 1312 565 sitibundas.
1359 535 1468 572 Refice
1482 536 1560 574 quod

100 577 159 598 non
175 577 217 599 σε.
263 570 356 600 Sutor
371 571 494 609 miserat
509 573 587 602 dona
603 583 670 603 sua.
711 573 807 604 Mane
822 576 903 614 apud
920 575 1124 615 temetipsum,
1139 581 1169 607 et
1185 587 1328 617 cognosce
1343 582 1490 617 quantum
1505 588 1560 608 an-

98 614 192 648 gusta
205 612 246 642 sit
257 613 313 643 tibi
329 623 377 643 res
393 615 569 645 domestica.

711 704 946 716 oeeeeeeeeeeo

100 769 140 797 51
168 770 202 797 ut
217 767 300 798 noris
316 769 381 800 Ms.
400 769 443 800 R.
469 774 505 801 et
530 770 614 801 edit.
645 772 780 811 plurim.

103 809 223 840 damno
240 811 431 852 elegantiae.
472 813 644 845 Casauhon.

834 772 999 804 Quaedam
1025 774 1210 807 membran.
1239 778 1272 806 ut
1288 776 1386 816 noris,
1406 785 1472 807 non
1489 775 1561 807 sine

763 915 903 947 NOTAE

144 998 185 1026 50
213 997 420 1039 Nequz'cquam
442 1002 550 1041 populo
571 1001 690 1032 bibulas
708 1002 802 1032 dona-

102 1046 183 1076 rer-is
197 1049 301 1089 aures]
343 1051 418 1081 Non
436 1051 592 1092 estquod
605 1052 802 1082 adulatoriis

101 1095 354 1131 laudationibus
382 1102 499 1142 populi
523 1102 748 1134 adliaerescas:
775 1103 802 1134 si

104 1151 137 1178 te
155 1152 278 1190 tuaque
306 1151 388 1182 vitia
413 1153 557 1184 noveris.
604 1153 727 1185 Horat.
744 1153 802 1186 lib.

101 1203 126 1228 1.
145 1198 247 1239 epist.
265 1204 316 1233 16.
361 1204 369 1218 ‘
383 1202 452 1233 Sed
475 1213 595 1234 vereor
615 1214 657 1235 ue
683 1204 739 1235 cui
760 1204 803 1236 de

102 1251 136 1278 te
153 1249 229 1288 plus
246 1260 345 1291 quam
363 1252 426 1283 tibi
444 1253 588 1284 credas!

145 1299 280 1331 Bibulas
288 1302 390 1342 aures]
430 1301 556 1334 Avidas
572 1304 680 1335 laudis
696 1310 732 1336 et
747 1315 803 1346 ap-

103 1347 247 1387 plausus.
284 1351 407 1383 Hor-at.
423 1353 480 1383 lib.
493 1362 534 1385 11.
554 1354 619 1386 ode
630 1357 682 1386 13.
721 1356 729 1372 ‘
746 1356 803 1386 Bi-

102 1397 153 1429 bit
169 1408 249 1431 aure
265 1402 406 1442 vulgus?

145 1453 185 1480 51
211 1450 332 1491 Respice
348 1455 428 1493 quod
443 1464 502 1485 mm
518 1455 564 1495 es]
593 1454 660 1486 Alii
676 1456 806 1496 legunt,

103 1499 248 1540 Respice.
294 1504 416 1535 Sensus
444 1505 623 1547 utrobique
651 1505 806 1538 manifes-

104 1556 169 1582 tus.
217 1553 270 1584 Ne
298 1555 360 1586 tibi
378 1566 499 1597 arroga
514 1557 604 1598 quod
621 1567 685 1588 non
702 1562 755 1588 est
772 1557 805 1588 in

104 1608 149 1635 te.
194 1605 248 1636 Ne
275 1610 309 1636 te
332 1608 409 1648 capi
434 1609 523 1639 sinas
543 1608 806 1640 adulationibus.

102 1653 234 1686 Seneca
250 1656 350 1697 epist.
368 1661 421 1689 80.
466 1661 474 1675 ‘
488 1659 523 1689 Si
542 1659 756 1700 perpendere
772 1664 806 1691 te

102 1705 206 1744 voles,
221 1715 347 1747 sepone
364 1709 555 1748 pecuniam,
573 1709 720 1749 domum,
734 1709 805 1751 dig-

103 1756 258 1798 nitatem,
273 1759 364 1790 intus
381 1763 414 1790 te
430 1759 502 1800 ipse
519 1759 682 1791 consule.'

150 1807 252 1838 Tollat
265 1818 321 1839 sua
336 1819 462 1840 munera
477 1809 580 1849 cerdo]
629 1809 728 1842 Quod
746 1809 806 1842 dat

105 1858 223 1898 vulgus
241 1859 400 1899 recipiat;
436 1869 558 1900 nempe
574 1870 678 1890 vanas
695 1870 804 1891 assen-

105 1908 250 1938 tationes
265 1913 368 1949 atque
383 1909 654 1940 laudatiunculas
670 1919 689 1940 a
705 1915 738 1941 te
754 1919 806 1940 re-

107 1957 220 1998 pulsas
237 1959 455 2001 rejectasque
471 1959 535 1990 sibi
553 1959 690 1990 habeat.
737 1959 807 1990 Ho-

105 2008 226 2047 ratius,
263 2012 272 2027 ‘
286 2010 417 2042 Stultus
437 2010 599 2042 honorem
622 2011 723 2051 Saepe
747 2010 807 2041 dat

107 2057 278 2099 indignis.¹

152 2109 267 2149 Cerdo]
314 2111 376 2141 Est
403 2111 547 2152 quilibet
576 2122 594 2143 e
629 2111 808 2152 plebecula

108 2159 182 2190 vilis
207 2159 328 2190 artifex
355 2161 439 2191 lucri
465 2171 567 2192 causa
583 2172 677 2192 suam
693 2162 807 2192 locans

108 2218 266 2249 operam:
290 2209 350 2239 ἀπὸ
360 2210 416 2240 τοῦ
427 2209 549 2250 κέρδους
563 2210 685 2249 dictim,
701 2216 738 2242 ut
756 2221 809 2242 vo-

109 2260 194 2300 lunt,
211 2260 303 2302 quasi
321 2260 437 2292 lucrio.
479 2260 566 2291 Vide
582 2260 734 2292 Maniai.
747 2261 808 2292 lib.

857 1011 914 1032 111.
933 1002 1134 1043 epigramm.
1152 1005 1204 1035 16.

900 1055 941 1084 52
969 1054 1081 1084 Tecum
1096 1054 1218 1095 habita]
1268 1054 1462 1095 Temetipse
1485 1063 1563 1087 con-

858 1103 943 1142 sule,
970 1103 1099 1144 inspice
1122 1108 1157 1134 et
1181 1104 1372 1142 considera,
1399 1115 1474 1145 quae
1495 1105 1564 1136 sint

858 1153 960 1183 animi
975 1153 1022 1184 tui
1040 1152 1251 1186 affectiones.
1296 1155 1399 1186 Satir.
1416 1164 1440 1187 1.
1465 1157 1474 1172 ‘
1487 1156 1562 1187 Nec

858 1207 892 1234 te
916 1204 1112 1245 quaesiveris
1139 1204 1255 1236 extra!
1300 1205 1424 1237 Horat.
1453 1206 1512 1238 lib.
1537 1215 1563 1238 1.

859 1253 951 1284 satir.
965 1257 995 1285 3.
1032 1255 1041 1270 ‘
1054 1255 1211 1296 Teipsum
1231 1256 1400 1287 concute!
1439 1257 1484 1287 Et
1500 1256 1561 1287 lib.

859 1312 900 1334 11.
917 1308 980 1334 sat.
997 1307 1027 1335 7.
1072 1304 1174 1336 ‘Non
1200 1306 1316 1337 horam
1346 1311 1460 1337 tecum
1488 1316 1563 1338 esse

858 1354 982 1394 potes.’

905 1405 1012 1443 Naris,
1036 1415 1126 1445 quam
1149 1405 1192 1436 sit
1218 1405 1278 1436 tibi
1298 1409 1387 1437 curta
1409 1405 1563 1447 supellex]

859 1454 947 1485 Vide
972 1465 1069 1496 quam
1097 1456 1141 1487 sis
1167 1456 1352 1497 imparatus
1378 1457 1420 1488 ad
1442 1467 1565 1498 magna

860 1504 1089 1545 suscipienda,
1110 1516 1207 1546 quam
1224 1516 1342 1547 parum
1358 1507 1494 1538 virtutis
1511 1507 1565 1539 ha-

862 1554 941 1586 beas
953 1560 988 1586 et
1001 1556 1193 1597 sapientiae:
1218 1561 1343 1598 quauta
1355 1557 1416 1588 tibi
1430 1557 1566 1597 desunt,

860 1606 1012 1636 attende.
1067 1607 1196 1637 Verum
1225 1608 1410 1647 enimvero,
1444 1612 1482 1638 ut
1517 1608 1566 1639 ait

861 1656 982 1687 Cicero
1000 1666 1040 1688 11.
1064 1657 1198 1689 Tuscul.
1217 1658 1350 1691 Quaest.
1364 1667 1396 1690 n.
1411 1660 1464 1689 63.
1487 1659 1564 1689 ‘tuo

860 1705 1066 1747 tibijudicio
1081 1713 1134 1738 est
1145 1707 1327 1738 utendum:
1352 1707 1416 1738 tibi
1429 1708 1456 1738 si
1469 1713 1565 1740 recte

861 1755 1021 1795 probanti
1049 1756 1215 1797 placebis,
1242 1762 1312 1788 tum
1329 1767 1394 1788 non
1410 1758 1510 1788 modo
1530 1763 1565 1789 tu

863 1809 896 1835 te
920 1805 1056 1846 viceris,
1080 1805 1139 1836 sed
1161 1816 1275 1837 omnes
1297 1812 1333 1837 et
1353 1807 1493 1837 omniaz’
1529 1812 1566 1838 at

862 1854 889 1884 si
905 1861 1038 1895 contra,
1052 1860 1090 1886 ut
1107 1860 1185 1886 ante
1202 1855 1286 1895 dixi,
1302 1861 1335 1887 te
1349 1857 1475 1887 sentias
1491 1857 1564 1898 ipse

861 1913 1001 1944 pravum
1022 1909 1058 1935 et
1080 1914 1236 1945 nequam,
1257 1905 1381 1935 nedum
1406 1906 1496 1945 plebi
1517 1907 1566 1936 in-

861 1963 962 1993 sanae,
986 1955 1087 1986 immo
1110 1965 1171 1985 nec
1189 1956 1323 1986 Burrho
1347 1961 1406 1986 aut
1425 1956 1564 1987 Senecae

861 2006 1155 2038 abblandientibus
1169 2006 1270 2038 fidem
1288 2007 1424 2039 habeas.

905 2056 1064 2097 supellex]
1118 2058 1411 2090 Quemadmodum
1428 2057 1565 2089 domum

863 2113 985 2139 ornant
1013 2118 1052 2139 ae
1079 2109 1236 2139 muniunt
1262 2109 1310 2139 rei
1328 2108 1500 2140 familiaris
1517 2110 1567 2141 in·

862 2164 1053 2190 strumenta
1077 2159 1183 2197 varia,
1205 2159 1254 2190 sic
1277 2159 1424 2190 animum
1446 2160 1566 2198 virtus,

863 2208 1022 2246 eruditio,
1037 2209 1215 2249 sapientia,
1231 2209 1376 2251 aliaeque
1393 2209 1490 2241 dotes
1506 2219 1565 2251 op-

864 2259 965 2290 timae.
