1888 3032
243 136 328 179 156
751 149 796 177 A.
832 147 991 178 pensu
1027 148 1198 180 FLACCI

243 239 443 290 Exieras,
464 254 516 282 ne
536 239 674 280 nunc.'

737 240 844 290 Hic,
862 241 948 291 hic,
973 255 1102 295 quem
1123 244 1373 297 quaerimus,
1393 244 1464 286 hic
1485 249 1568 295 cst,

243 306 345 347 Non
365 308 408 347 in
428 307 606 356 festuca,
628 307 753 348 lictor
774 321 905 361 quam
920 308 1065 362 jactat
1084 310 1277 363 ineptus.
1613 312 1701 355 175⁷

242 373 271 413 J
276 386 327 414 us
348 373 479 413 habet
500 374 570 413 ille
591 374 659 414 sui
682 375 833 428 palpo,
856 389 988 429 quem
1011 376 1130 418 ducit
1149 377 1336 418 hiantem

241 508 328 538 quem
352 499 584 538 investigamus,
599 501 649 531 ille
665 505 731 532 est:
754 512 811 532 non
828 512 907 533 vero
932 504 957 534 is
984 514 1070 544 quem
1086 504 1248 544 apparitor
1262 514 1358 535 canus
1374 503 1476 543 agitat
1493 505 1526 535 in
1551 504 1701 535 vindicta.

240 543 291 572 An
319 541 366 572 sui
391 543 558 574 dominium
577 544 714 584 possidet
740 545 882 576 adulator
910 547 972 586 ille,
1000 557 1088 588 quem.
1103 548 1229 578 uvidum
1246 547 1345 578 trahit
1366 547 1494 578 ambitio
1509 546 1704 580 candidata?

852 632 985 645 eeeeeee

989 634 1084 644 eeeee

597 685 656 715 175
681 685 772 715 lictor
786 695 872 725 qucm
889 685 957 716 Ms.
978 686 1016 718 R.
1034 687 1156 727 iniquus
1178 687 1243 719 Ms.
1262 687 1340 718 Gal.

899 770 1044 802 NOTAE

285 843 348 872 174
373 841 425 872 Ne
450 843 544 882 nnnc]
587 842 657 874 Alii
687 845 885 885 explicant:
918 845 944 875 si

242 902 379 931 prorsus
396 902 595 925 excusseras
612 895 800 926 meretricis
819 900 855 926 et
875 895 947 927 libi-

241 943 327 974 dinis
345 944 476 983 jugum,
508 945 601 984 signa
633 945 728 976 dabis
755 945 947 977 certissima

241 997 308 1023 tuae
340 992 522 1032 libertatis,
553 1005 629 1026 cnm
668 1006 730 1026 nec
769 1000 945 1036 rogantem

239 1042 367 1073 audies.
413 1043 484 1074 Alii
509 1045 640 1085 legunt,
666 1055 745 1076 nunc
769 1055 877 1083 mmc;
910 1050 946 1077 et

232 1092 383 1133 jungunt
396 1103 471 1124 cum
489 1094 709 1135 sequentibus
725 1106 733 1134 ;
763 1096 822 1126 sed
840 1097 946 1127 multo

238 1142 348 1173 minus
370 1143 520 1183 placent,
543 1144 768 1186 videnturque
786 1151 945 1177 truncare

238 1192 364 1233 priora.
412 1194 534 1235 ltaque
550 1195 724 1226 concludit
740 1196 794 1227 hic
811 1197 945 1228 Stoicus

240 1242 471 1283 syllogismum
507 1254 568 1285 per
596 1245 834 1286 aposiopesim,
870 1257 945 1288 quae

241 1294 394 1334 suppleri
408 1300 523 1334 potest
535 1295 581 1326 sic
596 1307 604 1326 2
619 1305 710 1334 erg0‚
726 1306 744 1326 o
758 1297 807 1328 M.
821 1297 946 1337 Dama,

240 1343 424 1374 tandenme
452 1345 548 1384 capis
574 1345 753 1375 discrimen
767 1346 883 1386 ingens
899 1347 947 1377 in-

239 1397 294 1424 ter
322 1393 516 1425 libertatem
549 1395 662 1434 animi,
687 1400 723 1426 et
750 1396 946 1427 libertatem

240 1444 413 1484 corporis?
439 1450 621 1485 praeterea,
637 1446 775 1476 videsne
790 1455 857 1476 non
872 1456 948 1476 enm

240 1503 313 1524 esse
329 1495 489 1525 continuo
518 1495 659 1526 liberum
685 1497 808 1536 animo,
826 1497 882 1538 qui
899 1507 948 1527 se-

239 1544 306 1574 mel
323 1549 381 1575 aut
408 1545 531 1576 iterum
564 1545 751 1577 reluctatus
770 1551 821 1577 est
848 1547 950 1585 vitiis,

240 1599 276 1624 et
318 1594 548 1635 importunam
589 1606 707 1626 eorum
748 1597 949 1627 servitutem

240 1646 389 1676 tentavit
420 1647 606 1677 excutere?
651 1648 821 1687 Spectasti
853 1652 949 1678 certe

241 1695 507 1726 Chaeresti·atuin
521 1697 614 1726 illum
633 1707 776 1737 corpore
793 1697 949 1738 liberum,

240 1745 300 1775 sed
329 1745 463 1776 libidini
490 1748 694 1778 servientem
722 1747 851 1779 frustra
881 1753 949 1780 tre-

239 1795 385 1836 pidasse,
413 1801 449 1828 et
477 1797 652 1838 Chrysidis
681 1799 769 1829 haud
799 1799 948 1839 potuisse

240 1845 413 1877 declinare
426 1851 483 1878 aut
496 1846 655 1887 frangere
673 1849 823 1890 laqueos,
836 1858 948 1890 quam-

240 1896 290 1926 vis
318 1896 350 1926 id
375 1902 516 1928 conatus
544 1898 587 1928 sit
615 1897 744 1936 facere,
775 1903 810 1929 et
828 1899 948 1940 jugum

239 1946 384 1977 amoliri.

284 1997 361 2038 Hic,
372 1997 433 2035 laic,
446 2008 532 2037 quem
547 1998 725 2038 quoerimus,
738 1998 789 2029 hic
804 1999 864 2039 est]
883 1999 950 2032 Qui

239 2046 390 2078 oblatam
421 2049 553 2088 spernit
570 2049 784 2079 occasionem
803 2055 861 2080 aut
878 2049 951 2080 libi-

239 2098 327 2128 dinis
356 2099 547 2138 explendae,
579 2105 638 2130 aut
675 2099 824 2131 faciendi
851 2101 950 2139 lucri,

240 2151 303 2180 δατ.
335 2149 400 2188 liic,
428 2150 495 2187 hic,
519 2150 669 2190 inquam,
695 2160 774 2181 vei-e
789 2151 951 2181 animoli-

241 2199 303 2230 ber
319 2204 383 2240 est,
411 2200 466 2230 hic
491 2205 556 2238 est,
575 2211 675 2241 quem
699 2201 889 2241 quaerimus,
915 2205 950 2231 et

241 2259 340 2290 quem
365 2251 396 2281 in
414 2255 460 2289 te,
478 2261 496 2281 o
519 2252 642 2291 Dama,
665 2261 730 2282 non
749 2252 949 2282 invenimus.

286 2303 345 2330 175
373 2301 445 2331 Non
462 2302 494 2331 in
503 2301 642 2341 festuca,
656 2302 724 2342 ξω]
759 2302 853 2332 Talis
869 2311 951 2332 vero

243 2358 307 2381 non
339 2354 405 2388 est,
431 2361 531 2391 quem
565 2353 698 2383 Praztor
726 2352 876 2384 vindicta
903 2352 952 2383 fa-

242 2399 291 2430 cit
312 2399 456 2430 liberum
474 2402 578 2440 civili,
596 2404 685 2443 quod
703 2414 805 2434 unuin
824 2408 950 2444 potest,

238 2450 415 2481 libertate.

287 2499 435 2539 Festum]
461 2500 605 2532 Quidam
622 2503 795 2541 accipiunt
807 2512 868 2542 pro
886 2502 949 2532 vir-

244 2560 298 2591 ga,
336 2560 396 2581 seu
435 2550 569 2588 bacillo,
605 2551 759 2591 adeoque
786 2551 947 2589 vindicta,

244 2611 345 2642 quam
377 2601 493 2632 Lictor
519 2601 667 2632 Praetori
695 2601 876 2641 offerebat,
900 2602 949 2632 in-

245 2652 378 2692 quiunt,
404 2661 423 2682 e
448 2649 596 2682 fascibus
620 2656 826 2691 extractam,
844 2657 881 2683 ut
898 2662 950 2691 ea,

246 2701 287 2731 de
304 2710 411 2742 more,
440 2701 700 2733 manumittendi
717 2707 823 2744 caput
839 2703 949 2744 pulsa-

1000 850 1066 886 ret,
1081 850 1232 886 utsupra
1246 844 1499 886 explicavimus.
1537 843 1608 874 Alii
1626 853 1708 874 vero

1000 906 1060 936 pro
1092 897 1228 937 stipula,
1253 905 1352 937 quam
1381 895 1498 926 dicunt
1521 894 1555 925 in
1581 904 1706 934 corpus

1001 947 1074 987 ejus
1091 947 1386 988 quiliberabatur,
1413 946 1507 987 injici
1522 950 1558 976 et
1582 946 1709 985 insper-

1001 996 1033 1035 gi
1067 996 1200 1027 solitam
1240 1007 1258 1026 a
1301 996 1455 1034 Lictore,
1495 999 1581 1026 teste
1624 994 1707 1025 Plu-

1004 1046 1134 1084 tarcho,
1150 1046 1192 1076 de
1209 1055 1284 1076 sera
1300 1046 1368 1076 Dei
1382 1045 1546 1076 vindicta.
1589 1044 1708 1075 Plaut.

1002 1097 1077 1128 Mil.
1092 1097 1188 1128 Glor.
1203 1106 1253 1128 ιν.
1273 1100 1301 1128 1.
1321 1099 1371 1127 15.
1402 1098 1410 1113 ‘
1429 1096 1519 1129 Quid
1534 1097 1545 1126 ?
1560 1095 1643 1126 Ean’
1659 1096 1708 1126 in·

1003 1155 1124 1187 genua,
1158 1157 1200 1177 an
1222 1146 1355 1178 festuca
1386 1146 1478 1178 facta
1502 1156 1520 1177 e
1548 1156 1646 1177 serva
1671 1146 1709 1176 li-

1002 1197 1084 1228 bera
1103 1203 1155 1228 est
1167 1197 1187 1228 ?'

1044 1247 1168 1287 Lictor]
1206 1247 1432 1288 Apparebant
1469 1245 1619 1277 Praetori
1651 1255 1709 1276 sex

1002 1298 1148 1329 ministri
1184 1308 1243 1328 seu
1277 1298 1445 1338 fictores,
1470 1301 1540 1328 tum
1573 1297 1711 1327 honoris

1002 1357 1116 1386 causa,
1132 1352 1203 1378 tum
1216 1347 1405 1378 ministerii.

1047 1397 1165 1437 Quam]
1189 1398 1244 1428 Sic
1269 1398 1387 1437 legunt
1409 1397 1479 1436 alii,
1509 1400 1544 1427 et
1557 1395 1709 1433 adfestu-

1002 1440 1070 1478 cam
1092 1447 1258 1485 referunt,
1282 1457 1381 1488 quam
1407 1457 1426 1477 a
1445 1447 1568 1477 lictore
1580 1445 1711 1486 jactari

1003 1508 1075 1529 mos
1093 1503 1184 1529 esset
1201 1509 1209 1528 :
1233 1498 1304 1537 alii,
1325 1508 1425 1538 quem,
1440 1502 1476 1528 et
1493 1496 1648 1528 referunt
1668 1496 1710 1528 ad

1004 1558 1092 1587 euin,
1120 1548 1177 1588 qui
1203 1550 1417 1579 asserebatur
1440 1549 1472 1578 in
1502 1547 1713 1587 libertatem,

1004 1608 1044 1629 eo
1062 1598 1163 1629 inodo
1182 1608 1246 1639 quo
1264 1608 1341 1628 mox
1359 1598 1517 1629 diximus.

1046 1647 1173 1686 Jactat]
1210 1647 1285 1678 Hoc
1314 1647 1417 1678 etiam
1447 1647 1503 1678 alii
1535 1647 1713 1688 explicant

1004 1698 1130 1735 alitei·;
1168 1698 1220 1728 vel
1243 1698 1359 1736 jactat,
1388 1698 1420 1728 id
1451 1702 1517 1737 est,
1543 1697 1711 1729 festucam

1005 1748 1135 1787 injicit3
1159 1749 1324 1787 veljuctut
1339 1749 1503 1786 fictor-‚id
1521 1753 1586 1789 est,
1603 1754 1714 1780 osten-

1004 1803 1054 1830 tat
1070 1800 1195 1839 populo
1212 1799 1380 1830 hominem
1406 1809 1424 1830 e
1451 1810 1548 1830 servo
1566 1799 1712 1831 liberum

1004 1849 1193 1889 derepente
1206 1848 1348 1880 factum.

1048 1900 1191 1940 [neptus]
1238 1900 1302 1930 Vel
1342 1900 1487 1931 Lictoris
1525 1900 1717 1941 epitheton,

1003 1955 1215 1982 contemtum
1248 1951 1420 1981 indicans:
1457 1951 1509 1982 vel
1543 1950 1714 1991 significat

1004 2011 1069 2032 non
1087 2002 1200 2032 valere
1218 2001 1259 2031 ad
1279 2000 1517 2031 conferendam
1543 2001 1644 2031 animi
1675 2001 1713 2031 li-

1006 2052 1186 2087 bertatem,
1202 2051 1260 2081 sed
1280 2055 1413 2081 tantum
1432 2050 1474 2080 ad
1493 2050 1641 2081 civilem.

1048 2103 1111 2131 176
1132 2101 1193 2130 Jus
1218 2100 1310 2130 habet
1337 2100 1388 2130 ille
1412 2100 1474 2139 sui,
1499 2099 1568 2140 tiso]
1608 2099 1713 2131 Aliud

1005 2152 1196 2191 exemplum
1226 2150 1267 2180 de
1298 2149 1493 2189 ambitioso,
1521 2151 1614 2192 quod
1643 2159 1715 2181 rur-

1004 2211 1075 2231 sum
1105 2201 1227 2242 incutit
1256 2200 1371 2230 Damae
1403 2200 1552 2240 Stoicum,
1579 2201 1715 2231 adeum

1006 2252 1137 2292 plenius
1168 2251 1449 2282 convincendum.
1495 2250 1564 2290 An,
1591 2251 1715 2291 inquit,

1006 2303 1084 2333 talis
1114 2302 1212 2333 homo
1240 2301 1343 2332 habet
1363 2301 1411 2332 sui
1437 2306 1656 2341 potestatem,
1681 2306 1716 2332 et

1006 2353 1108 2383 animi
1137 2352 1355 2383 libertatem?
1379 2352 1512 2384 Seneca
1529 2353 1628 2392 dicit,
1643 2361 1714 2382 ιιι-α-

1006 2413 1056 2433 ros
1069 2413 1127 2433 non
1138 2403 1250 2433 hahere
1264 2402 1405 2440 divitius,
1429 2403 1482 2433 sed
1493 2413 1511 2432 α
1527 2403 1648 2433 divitiis
1660 2402 1712 2432 Im-

1005 2454 1081 2484 beri.
1130 2455 1174 2484 Et
1192 2453 1232 2483 de
1251 2453 1359 2482 Laide
1383 2453 1542 2493 jactabat
1569 2451 1713 2493 Aristip-

1005 2513 1080 2542 pus,
1096 2501 1175 2540 ἔχω,
1191 2503 1263 2532 ἀλλ’
1277 2502 1331 2531 οὐκ
1347 2501 1469 2540 ἔχομαι.

1048 2551 1162 2591 Pulpo]
1186 2546 1340 2591 Siintqui
1354 2552 1539 2581 ablativum
1559 2552 1675 2583 dicant
1693 2562 1712 2582 a

1003 2602 1127 2632 nomin.
1156 2602 1295 2641 pulpum,
1319 2601 1353 2631 id
1377 2602 1605 2642 est,illicium‚
1624 2603 1715 2634 blan-

1003 2651 1189 2682 dimentum
1206 2660 1214 2680 :
1239 2655 1274 2682 at
1302 2661 1377 2681 cum
1401 2652 1474 2682 aliis
1490 2653 1610 2683 melius
1627 2652 1717 2684 acci-

1004 2705 1076 2744 pies
1093 2704 1126 2734 in
1138 2704 1360 2744 nominativo,
1379 2705 1484 2746 palpo,
1503 2705 1581 2743 onis,
1599 2704 1635 2737 id
1650 2708 1718 2743 est,
