1888 3032
187 141 274 184 278
660 149 803 182 NOTAE
834 149 1101 181 VAaioRUM
1134 144 1185 183 tN

189 256 325 288 semper
340 245 485 278 includit
500 243 596 284 illud,
611 243 653 275 de
673 253 739 285 quo
755 243 896 275 dicitur.

191 297 506 335 Casaubonus.—Et,
534 295 602 336 Esau]
637 295 765 326 Contra
794 295 898 335 parsi-

188 349 334 380 moniam
352 347 500 378 nimiam.
546 347 610 377 Fas
628 350 681 377 est
697 346 786 387 quod
802 351 898 377 terra

189 398 350 436 nascitur,
378 397 543 437 granaria,
571 401 606 428 et
637 396 809 428 frumenta
838 401 898 428 tua

191 450 351 487 emolere,
369 453 404 479 et
420 458 526 489 panes
544 448 620 479 inde
638 447 819 488 conficere,
845 449 897 479 vel

191 500 233 530 ad
248 499 330 530 alios
347 509 423 530 usus
440 499 611 530 adhibere.
659 499 819 530 Granaria
838 510 898 540 pro

188 549 359 581 frumento
374 550 406 580 in
424 550 582 590 granario
600 550 790 582 recondito.
818 550 898 582 Luh.

189 600 310 640 -Fas,
334 600 404 641 ὅςα]
434 601 524 633 Quid
550 601 694 641 cogitas,
726 601 850 642 inquit,
880 612 899 632 o

190 651 308 691 stulte,
322 651 401 681 duni
427 651 562 682 assidue
589 652 676 682 bona
692 653 849 692 congeris
866 653 899 683 in

190 703 315 733 horrea
330 707 366 733 et
383 703 563 741 granaria?
588 703 667 744 quin
694 703 807 743 potius
823 713 901 744 pro-

191 753 255 783 mis
284 762 358 794 quae
391 763 505 784 servas
537 754 690 793 condita,
715 758 751 785 et
783 754 901 785 amicis

191 804 398 844 pauperibus
415 805 472 834 illa
489 805 644 845 clai-giris
659 805 670 835 ?
695 805 826 835 Casaub.

235 857 277 885 26
301 855 424 894 Emole,
445 855 513 896 ἔγω]
560 855 630 886 Pro
659 856 805 886 Exhauri
836 866 902 886 mo·

193 904 307 943 leudo,
338 915 377 936 ac
410 905 561 946 quotidie
591 906 777 937 liberaliter
814 906 904 937 insu-

192 956 330 987 mendo.
354 957 715 997 Casmib.—Quid‚&c.]
741 958 905 989 Occurrit

195 1006 382 1047 objectioni
411 1007 516 1038 avari.
561 1007 608 1038 At
624 1013 753 1045 metuo,
770 1018 810 1038 ne
829 1018 907 1040 con-

195 1062 307 1088 sumto
324 1057 382 1087 illo
406 1056 590 1097 frumento,
609 1063 813 1098 paupertate
830 1069 907 1099 pre-

195 1115 278 1140 mar.
303 1109 502 1148 Respondet
520 1109 680 1139 Persius:
706 1110 756 1139 Tu
773 1113 906 1140 tantum

193 1159 307 1190 officia
337 1164 397 1189 tua
424 1169 464 1190 ae
495 1160 609 1190 munia
635 1159 784 1191 fideliter
813 1171 907 1192 exse-

194 1220 311 1251 quere,
329 1215 364 1241 et
381 1211 462 1241 nibil
480 1211 527 1241 ibi
551 1210 749 1242 defuturum
767 1217 838 1243 est:
870 1217 906 1243 tu

197 1266 330 1293 tantum
364 1272 435 1300 ara,
466 1271 550 1301 sere,
582 1272 679 1302 occa,
715 1267 750 1293 et
780 1263 907 1293 rustica

196 1323 300 1354 opera
318 1313 501 1353 diligenter
517 1312 584 1351 obi,
601 1317 636 1343 et
653 1313 762 1343 altera
776 1314 908 1352 messis,

196 1366 304 1395 altera
321 1373 428 1404 seges,
446 1363 537 1393 aliud
555 1362 764 1394 frumentum
789 1364 851 1394 tibi
874 1364 906 1394 in

194 1417 302 1449 herba
312 1422 377 1456 est,
390 1417 453 1448 tibi
464 1417 497 1448 in
508 1427 589 1457 agro
602 1421 759 1458 resurget
772 1422 808 1448 et
821 1427 907 1448 cres-

196 1472 263 1500 cet.
311 1469 419 1499 Recte
436 1471 556 1498 metuas
572 1467 679 1500 dixit:
705 1468 799 1498 avari
816 1468 907 1498 enim

195 1519 340 1561 cupiunt
369 1523 404 1549 et
429 1523 600 1557 metuunt,
617 1518 706 1549 unde
735 1518 908 1559 pusillani-

194 1581 285 1609 mes;
308 1575 345 1602 ut
359 1575 478 1602 contra
489 1571 907 1612 prodigus‚magnanimus

197 1611 650 1662 superius‘dicitui-.—0cea]
667 1621 826 1652 Grandes
840 1623 908 1661 gle-

198 1673 260 1703 bas
287 1672 433 1710 caedere,
449 1675 484 1701 et
501 1671 670 1711 ligonibus
692 1671 909 1712 frangere.—

200 1724 252 1762 1η,
264 1723 334 1763 ξω]
349 1722 438 1753 'Vide
449 1721 676 1753 Proverbium
694 1733 702 1754 z
721 1723 729 1738 ‘
743 1723 813 1753 Tua
826 1732 911 1753 mes-

199 1775 243 1805 sis
259 1774 293 1804 in
309 1773 416 1803 herba
433 1772 510 1803 est.’
546 1773 677 1804 Turneb.
695 1779 790 1803 xxx.
808 1776 846 1809 7.,

240 1827 282 1856 27
310 1824 367 1864 At,
383 1823 453 1864 ἔξω]
489 1823 576 1854 Haee
600 1823 779 1864 sequentia
805 1824 909 1854 inter-

198 1879 313 1915 pretes
330 1874 441 1905 Persii
454 1873 560 1904 verba
571 1883 644 1904 esse
659 1877 813 1904 censent.
844 1873 909 1904 Sed

199 1929 278 1957 sunt
295 1925 398 1962 avari,
421 1924 663 1965 parsimoniam
686 1933 778 1955 suam
797 1923 912 1954 defen-

199 1977 324 2016 dentis,
341 1976 439 2016 eique
454 1975 724 2006 honestissimam
741 1975 910 2006 rationem

199 2026 440 2068 praetexentis,
458 2025 515 2067 qui
532 2026 667 2056 simulat
692 2036 726 2057 se
752 2036 910 2057 accumu-

199 2077 270 2108 lare
297 2087 391 2117 open,
415 2082 453 2106 ut
480 2076 559 2107 olim
586 2077 702 2107 amicis
728 2077 910 2116 egentibus

200 2127 310 2168 possit
327 2126 544 2158 benefacere.
589 2127 713 2157 Sensus
731 2131 803 2159 est:
837 2128 911 2167 Ego

202 2176 341 2219 quidem
361 2177 506 2208 libenter
531 2177 705 2208 liberalius
730 2187 804 2208 mea
823 2178 913 2209 bona

200 2227 414 2259 insumerem.
444 2227 490 2258 At
505 2227 648 2258 hominis
665 2227 812 2259 officium
829 2228 911 2260 mihi

204 2277 425 2317 contradicit,
439 2282 475 2309 et
492 2282 605 2317 vocat,
622 2277 729 2317 exigit
752 2282 788 2309 et
804 2278 914 2320 requi-

202 2328 261 2367 rit,
283 2333 320 2359 ut
343 2329 522 2368 egentibus
548 2333 583 2360 et
606 2328 778 2369 naufragis
797 2330 913 2361 amicis

202 2379 607 2419 opituler.-—Tr11be‚25·c.]
625 2380 825 2420 Descriptio
836 2391 915 2411 nau-

201 2428 301 2469 fragi.
326 2429 457 2460 Amicus
471 2439 561 2459 meus
575 2430 673 2469 inops,
687 2431 916 2470 calamitosus,

204 2484 240 2511 et
253 2478 450 2519 naufragus,
463 2479 552 2509 trabe
567 2483 673 2518 rupta,
685 2484 721 2510 et
734 2481 811 2510 navi
828 2480 916 2511 frac-

204 2534 253 2570 ta,
269 2530 326 2561 vix
344 2529 516 2560 enatando
539 2529 698 2567 evadens,
721 2538 799 2559 suma
814 2530 915 2559 Brut-

203 2581 262 2617 tia,
276 2584 311 2611 et
323 2580 478 2619 scopulos
489 2578 630 2618 Lucani,
641 2579 795 2608 etBrutii
805 2579 916 2618 maris,

201 2631 342 2671 prendit,
357 2634 394 2661 et
409 2639 451 2660 ne
468 2629 722 2669 submergatur,
740 2629 915 2669 amplecti-

207 2688 276 2714 tur.
320 2683 366 2714 Et
383 2682 430 2714 sic
445 2692 509 2713 rem
525 2691 618 2712 suam
635 2691 754 2712 omnem
780 2686 816 2712 et
831 2691 915 2723 spem

211 2736 246 2763 et
262 2736 332 2764 rota
349 2742 408 2765 sua
429 2733 536 2773 surda,
561 2735 597 2763 et
620 2731 697 2762 Diis
721 2735 817 2763 tanto
833 2741 914 2763 nau·

948 244 1060 285 fragio
1074 255 1141 277 non
1158 245 1286 285 audita,
1298 246 1394 278 Ionio
1411 247 1493 278 mari
1505 247 1658 288 condidit,

949 300 984 326 et
998 296 1176 337 naufragio
1193 297 1318 337 amisit,
1334 305 1369 329 et
1387 298 1548 338 perdidit.
1575 298 1657 330 Lub.

991 350 1033 378 29
1062 348 1164 388 Ionio]
1205 349 1291 379 Pars
1320 350 1419 380 maris
1451 350 1660 381 Mediterra-

948 398 1018 437 nei,
1035 409 1109 439 quae
1127 409 1226 439 supra
1242 399 1356 430 fauces
1379 399 1549 431 Adriatici
1573 400 1662 430 inter

950 448 1100 480 Siciliam
1119 454 1154 480 et
1172 449 1308 480 Cretam
1332 448 1660 490 expanditur.—Ja-

949 502 1008 537 cet,
1024 499 1093 539 Syru]
1119 499 1314 541 Naufragus
1331 500 1575 540 amicus—Et,
1591 501 1659 541 Sym]

952 550 1010 580 Dii
1029 550 1062 580 in
1080 560 1220 591 quorum
1239 552 1349 581 tutela
1365 550 1460 581 navis
1478 550 1552 582 fuit.
1570 552 1661 584 Quo-

950 612 1022 633 rum
1052 607 1181 634 statuas
1209 607 1243 634 et
1267 603 1445 634 simulacra
1472 603 1514 633 de
1544 612 1660 644 puppe

951 653 1081 693 ablata,
1099 664 1213 684 secum
1238 664 1256 683 e
1275 653 1453 693 naufragio
1469 654 1608 694 eripuit,
1628 657 1663 685 et

953 704 993 734 ad
1012 705 1104 734 littus
1120 704 1254 735 detulit.
1291 704 1421 735 Tarmel).
1439 714 1515 735 xix.
1534 708 1563 735 2.

996 758 1036 785 30
1061 755 1220 793 Ingentes,
1236 754 1303 794 8513]
1339 755 1485 785 Navium
1515 755 1661 786 tutelam

955 805 1051 845 dicit,
1067 815 1165 846 quam
1190 806 1223 835 in
1253 805 1425 845 puppibus
1448 805 1585 845 habent,
1608 805 1664 835 vel

958 856 1113 896 pingunt.
1144 856 1212 887 Vct.
1229 856 1409 892 Sca—Dp,
1424 856 1492 896 gna]
1516 857 1568 886 Ex
1586 864 1665 887 con-

956 907 1135 938 suetudine
1160 912 1328 945 veterum,
1347 907 1401 947 qui
1427 907 1460 937 in
1484 906 1593 946 puppi
1616 916 1667 937 sa·

958 957 1118 996 crarium,
1133 958 1225 988 velut
1245 958 1400 989 lararium
1420 957 1589 998 quoddam
1611 958 1667 988 ha-

959 1008 1288 1048 bcl›ant.—.Jamqn.:,
1315 1008 1382 1047 Era]
1409 1008 1449 1038 Id
1476 1012 1542 1048 est,
1569 1007 1666 1038 Ratis

957 1059 1094 1097 lacerae,
1116 1062 1151 1088 et
1175 1057 1292 1089 fractae
1311 1069 1402 1098 pars,
1419 1063 1455 1089 et
1471 1063 1566 1089 costa
1583 1058 1667 1098 ipsis

959 1110 1084 1150 mergis
1095 1114 1129 1140 et
1138 1109 1256 1140 avibus
1268 1110 1420 1149 marinis,
1431 1110 1509 1140 dum
1524 1119 1559 1140 se
1571 1110 1667 1151 aquis

959 1160 1178 1200 immergunt,
1194 1159 1295 1190 obvia
1312 1165 1375 1190 est.
1400 1159 1514 1190 Luhin..

1002 1214 1041 1241 31
1070 1211 1176 1249 Costa,
1193 1210 1262 1250 ssa]
1297 1211 1366 1242 Pro
1392 1216 1489 1251 parte
1518 1210 1668 1241 navis.—

960 1263 1063 1300 Nunc,
1076 1261 1145 1302 iren]
1158 1263 1272 1292 Verba
1286 1262 1392 1292 avari.
1421 1261 1569 1302 Hicjam
1583 1271 1670 1302 opus

959 1319 1011 1344 est
1035 1314 1067 1344 in
1095 1318 1192 1344 tanta
1219 1314 1411 1344 calamitate
1439 1314 1550 1353 amici,
1567 1318 1604 1343 ut
1629 1313 1669 1343 li-

960 1365 1175 1396 beralitatem
1194 1375 1376 1395 exerceas:
1402 1374 1491 1395 nunc
1509 1374 1592 1404 opus
1617 1368 1669 1395 est

960 1420 997 1446 ut
1016 1425 1080 1446 non
1099 1419 1230 1445 tantuin
1249 1425 1290 1445 ex
1307 1424 1429 1453 messe,
1447 1414 1616 1444 reditibus
1633 1417 1670 1444 et

960 1464 1141 1504 fructibus,
1157 1465 1217 1496 sed
1241 1470 1277 1496 et
1301 1465 1343 1495 de
1368 1465 1443 1495 vivo
1468 1465 1611 1504 cespite,
1634 1468 1671 1495 et

961 1516 1085 1546 virenti
1104 1517 1214 1557 agello
1232 1516 1358 1556 aliquid
1377 1515 1508 1546 auferas
1526 1520 1562 1546 e‘t
1578 1514 1672 1546 fran-

961 1576 1032 1606 gas,
1050 1567 1249 1607 particulam
1265 1567 1410 1607 aliquam
1424 1565 1519 1596 fundi
1535 1571 1568 1596 et
1582 1574 1669 1605 prae·

961 1617 1092 1647 diorum
1111 1618 1218 1648 amico
1243 1617 1334 1657 inopi
1359 1616 1526 1657 largiaris,
1549 1620 1584 1646 et
1601 1615 1669 1646 dis-

961 1667 1102 1706 tribuas,
1118 1667 1207 1697 nnde
1227 1668 1342 1706 vitam,
1359 1667 1484 1697 victum
1502 1672 1537 1697 et
1566 1666 1671 1697 amic-

961 1722 1031 1747 tum
1049 1718 1112 1748 sibi
1126 1722 1309 1748 sustentet.
1345 1718 1406 1747 Est
1424 1722 1537 1747 autem
1556 1717 1670 1757 Cespes

960 1768 1061 1807 rit-us,
1077 1768 1215 1808 proprie
1232 1768 1352 1807 herba,
1376 1777 1442 1798 una
1469 1777 1546 1798 cum
1573 1772 1668 1798 terra

961 1819 1089 1849 avulsa.
1116 1819 1213 1850 Idem.

1004 1872 1045 1899 32
1071 1870 1133 1909 Ne,
1147 1870 1216 1910 8512]
1252 1868 1420 1910 Naufragi
1438 1880 1553 1901 casum
1571 1880 1668 1901 suum

961 1919 994 1949 in
1013 1920 1126 1950 tabula
1140 1921 1327 1961 depictum,
1340 1921 1462 1960 stipem
1477 1921 1672 1952 mendican-

962 1975 1027 2009 tes,
1065 1971 1576 2011 circuinterebant.—Oberret]
1622 1972 1673 2004 Ut

961 2021 1212 2059 mendicantes,
1229 2021 1271 2051 ab
1288 2031 1354 2052 uno
1372 2021 1413 2051 ad
1441 2022 1541 2051 aliiun
1567 2026 1671 2055 erret.

1005 2074 1045 2102 33
1067 2071 1225 2111 Coerulea]
1250 2072 1290 2102 In
1304 2082 1369 2112 qua
1384 2082 1469 2112 aqua
1483 2073 1596 2113 pelagi
1610 2083 1676 2105 cae·

962 2123 1058 2154 rulea
1074 2122 1347 2163 depictae—Sed,
1361 2123 1429 2163 ὅγε]
1449 2124 1481 2153 >Ji
1500 2124 1671 2156 liberalius

962 2173 1186 2214 victitaveris,
1220 2174 1319 2205 heres
1350 2179 1427 2205 tuus
1456 2174 1607 2205 infensus
1637 2180 1674 2206 et

964 2225 1079 2263 iratus,
1094 2225 1182 2266 quod
1200 2235 1282 2264 rein,
1297 2225 1523 2263 hereditates,
1538 2229 1574 2256 et
1590 2234 1672 2266 opes

966 2280 1041 2307 tuas
1073 2276 1281 2306 imminueris
1312 2281 1348 2306 et
1386 2276 1589 2315 curtaveris,
1616 2275 1675 2307 ubi

965 2331 1117 2358 mortuns
1140 2326 1256 2363 fueris,
1281 2336 1400 2366 parum
1426 2325 1611 2357 honorifice
1638 2331 1674 2357 te

967 2378 1310 2419 sepeliet.—Coe71um,
1338 2378 1407 2417 ἃς]
1455 2376 1672 2407 Silicernium

966 2428 1142 2468 intelligit,
1170 2438 1244 2468 quze.
1278 2437 1375 2457 coena
1406 2427 1437 2456 in
1463 2431 1673 2456 mortuorum

967 2479 1122 2509 solatium
1142 2479 1217 2509 Diis
1229 2478 1385 2508 Manibus
1400 2476 1625 2516 inferebatur,
1639 2481 1675 2507 et

967 2538 1033 2558 una
1046 2539 1120 2558 cum
1135 2527 1254 2558 funere
1270 2527 1497 2558 cremabatur.
1544 2527 1674 2558 Silicer-

965 2577 1063 2616 nium,
1086 2577 1182 2617 quasi
1208 2577 1344 2607 silentes
1360 2577 1488 2607 umbrae
1512 2586 1585 2607 eam
1602 2586 1674 2608 cer-

967 2632 1099 2659 nerent.
1126 2627 1226 2658 Idem.

1009 2680 1049 2708 34
1095 2677 1289 2717 Curtazreris]
1335 2677 1564 2717 Iinmiuueris,
1594 2687 1672 2709 con-

967 2729 1295 2761 sumseris.—Urnoe
1322 2727 1406 2768 ossa]
1436 2728 1546 2759 Vetus
1578 2737 1676 2767 sepe*-
