1888 3032
717 131 900 161 SA'rinA
936 130 1008 161 111.
1524 123 1589 177 '87

137 225 362 266 Faucibus
382 229 617 279 exsuperat
637 225 782 278 gravis
801 226 963 267 halitus
977 240 998 267 :-
1014 225 1198 279 inspice,
1218 225 1360 275 sodes,

137 292 228 342 Qui
247 291 354 332 dicit
373 292 559 342 medico,
575 293 726 346 jussus
747 293 1035 346 requiescere,
1057 297 1291 347 postquam
1537 295 1593 333 90

136 359 284 400 Tertia
306 359 576 412 compositas
599 359 708 401 vidit
726 371 818 398 nox
840 372 1007 399 currere
1026 372 1175 410 venas,

138 426 207 466 Dc
229 426 394 480 majore
417 426 547 467 domo
567 425 738 466 modice
764 426 936 466 sitiente
955 426 1130 479 lagena,

138 493 274 535 Lenia
293 494 433 535 loturo
454 494 537 534 sibi
557 493 806 534 Surrentina
825 494 1009 545 rogavit.

137 635 184 665 m't
197 635 340 665 Medico.-
357 636 491 674 Intuere,
506 634 663 664 considera
678 644 795 674 quoeso:
819 636 918 666 nescio
934 645 989 666 cur
1001 636 1136 676 palpitat
1150 635 1226 666 mihi
1238 645 1299 675 cor,
1315 639 1344 666 et
1359 635 1489 675 spiratio
1500 645 1597 674 grace

139 679 221 708 olens
236 688 250 707 e
261 680 391 715 gutture
406 677 482 707 nuile
497 677 608 717 affecta
625 678 691 708 exit
706 678 914 709 (mundantem
938 679 964 709 is
981 679 1114 709 monitus
1129 688 1248 709 cessare
1263 689 1282 708 α
1305 678 1419 716 labore,
1438 682 1598 718 postquam

138 721 261 758 aspexit
276 729 368 750 renas
376 720 551 759 pacatiores
566 720 612 750 ire
629 729 689 759 per
705 723 768 750 tres
782 724 896 759 nectere,
912 721 983 761 jam
1008 721 1148 751 balneum
1163 720 1339 760 ingressuro
1353 720 1413 751 sibi
1425 721 1505 760 petit
1521 720 1598 751 vina

139 761 230 792 ”eilia
245 772 260 793 e
275 762 425 793 Surrento
447 764 484 792 de
498 762 559 792 viri
572 762 708 802 potentis
722 763 850 802 mathus,
864 764 986 795 vasculo
1005 763 1201 794 mediocriter
1215 764 1332 803 capaci.
1376 762 1458 802 Age,
1482 763 1532 793 vir
1547 772 1599 802 op-

755 845 988 857 eeeeeeeeeeee

141 902 256 931 cmudnt
274 901 365 932 Edit.
381 902 502 942 Steph.
548 902 617 932 Pro
633 903 798 942 exsuperat
815 900 871 931 alii
886 900 961 931 libri
978 902 1126 933 exsudat:
1149 902 1304 942 plerique
1325 904 1461 932 veteres
1487 900 1600 931 exube-

142 946 210 974 rat:
235 944 460 974 rectissimum
477 948 531 975 est
546 948 731 984 exsuperat:
756 953 832 973 nam
849 949 966 974 ructus
983 954 1000 974 e
1019 944 1207 975 ventriculo
1233 953 1364 974 sursum
1390 943 1602 980 ascendunt;

143 985 233 1026 quod
253 986 365 1016 Gra-ci
382 986 500 1017 dicunt
515 986 688 1016 ἂναδίδοθαι
713 990 750 1016 et
765 984 919 1017 ἀνάδοσιν.
946 986 1204 1017 Casaubon.—90
1226 986 1360 1016 medicus
1375 986 1442 1016 Ms.
1460 985 1501 1016 R.
1526 985 1602 1015 Jus-

142 1037 205 1066 sus,
232 1028 344 1059 Grmc.
361 1028 554 1067 διαταχθείς;
580 1029 666 1059 male
695 1028 751 1058 alii
781 1028 857 1058 libri
886 1028 968 1059 visus
995 1028 1203 1061 medicorum
1234 1038 1334 1059 voces
1363 1026 1538 1058 διατάττειν
1566 1030 1603 1058 et

143 1069 341 1109 συντάττειν;
367 1072 456 1112 quod
475 1071 614 1103 verbum
631 1081 650 1102 a
662 1071 802 1102 medicis
819 1076 1000 1112 acceptum
1016 1071 1082 1102 alio
1098 1072 1273 1112 eleganter
1286 1070 1448 1102 transfert
1464 1071 1602 1102 Marcus

808 1151 947 1183 NOTAE

146 1213 176 1244 vi
197 1213 301 1254 perit:
326 1213 373 1244 sic
397 1214 499 1244 etiam
527 1214 677 1256 quisquis
695 1215 848 1247 Philoso-

145 1265 229 1305 phos
254 1264 355 1295 animi
371 1265 526 1297 Medicos
543 1266 662 1297 audire
679 1276 746 1296 non
764 1266 848 1305 vult,

146 1317 314 1356 corruptis
341 1316 546 1356 acrperditis
571 1316 733 1355 moribus,
758 1316 847 1356 seip-

147 1374 218 1396 sum
238 1366 363 1406 perdit.

192 1415 328 1456 Inspice]
359 1416 474 1446 Verba
486 1421 564 1448 sunt
580 1416 699 1456 aegroti
718 1416 760 1446 ad
775 1416 849 1446 Me-

149 1466 274 1496 dicum.

194 1516 306 1546 Nescio
321 1516 395 1556 quid
409 1517 560 1557 trepidat,
571 1517 641 1558 85⁴2]
675 1519 777 1558 AEger
793 1518 849 1549 ille

149 1568 243 1599 velut
268 1568 428 1599 leviorem
456 1569 695 1609 aegritudinem
723 1574 850 1607 narrat,

151 1628 225 1658 quic
265 1622 377 1648 tamen
416 1624 494 1650 sunt
543 1620 707 1659 gravioris
745 1620 851 1651 morbi

149 1672 393 1708 symptomata:
417 1678 540 1708 nempe
569 1668 681 1699 cordis
711 1669 854 1709 palpita-

151 1717 291 1755 tionem,
308 1728 435 1758 aegram
453 1718 724 1758 respirationem,
740 1722 775 1749 et
796 1718 852 1749 ba-

151 1767 248 1798 litum
267 1768 534 1807 graveolentem.

196 1817 474 1856 AEgrissaucibus]
520 1819 598 1848 Non
627 1819 729 1849 aliter
755 1828 854 1858 aegrae

154 1865 283 1905 fauces,
300 1877 396 1907 quam
415 1868 457 1898 ob
472 1868 663 1908 respirandi
680 1868 856 1899 difficulta-

157 1923 237 1956 tem,
249 1918 408 1958 quicquid
422 1919 576 1949 nonnulli
593 1919 755 1950 sentiant.

198 1971 240 1999 89
265 1968 459 2008 Exsuperat]
505 1969 608 2009 Apud
633 1974 767 2000 veteres
792 1970 855 2000 Co-

156 2018 248 2050 dices
266 2018 402 2059 legitur,
416 2018 578 2057 exuberat,
593 2019 650 2050 sed
678 2023 772 2050 vetat
789 2029 856 2049 me-

157 2069 202 2101 tri
216 2070 302 2100 ratio
318 2081 325 2107 ;
350 2069 516 2110 siquidem
541 2069 572 2100 in
589 2071 674 2110 uber,
690 2071 791 2111 longa
807 2075 858 2101 est

158 2118 266 2158 prima
284 2119 427 2157 syllaba.
473 2119 620 2152 Quidam
648 2121 778 2160 legunt,
805 2131 857 2151 ex-

156 2169 267 2203 sudut;
291 2169 466 2199 Marcilius
482 2169 565 2209 vult,
580 2169 731 2209 exspirat.
777 2169 857 2210 Alii,

157 2223 332 2260 exsuperat,
369 2219 402 2249 id
434 2225 498 2259 est,
535 2220 747 2251 abundanter
773 2221 856 2251 exit.

159 2269 259 2300 Hanc
284 2269 466 2299 lectionem
497 2274 611 2300 tuetur
628 2270 859 2310 (lasaubonus,

159 2327 199 2349 eo
226 2318 317 2359 quod
344 2328 361 2348 e
389 2319 575 2350 ventriculo
600 2324 714 2350 ructus
731 2329 861 2351 sursum

159 2369 360 2400 ascendunt.

206 2419 321 2450 Gravis
335 2419 465 2458 halitus]
509 2421 613 2450 Teter
635 2425 685 2451 est
709 2426 746 2452 et
774 2421 860 2452 male

162 2470 255 2500 olens
291 2479 405 2500 eorum
436 2470 572 2510 halitus,
606 2471 664 2512 qui
697 2472 861 2503 stomachi

163 2519 334 2550 cruditate
352 2519 518 2550 laborant.

206 2572 247 2601 90
272 2570 334 2605 Qui
354 2570 432 2600 dicit
456 2570 585 2610 medico]
629 2570 790 2612 AEgrotus
806 2572 863 2613 qui

165 2618 338 2650 Medicum
356 2620 592 2660 accersiverat,
607 2621 707 2662 eique
720 2621 866 2662 dixerat,

166 2667 314 2708 Inspice,
343 2669 483 2711 inspice,
511 2669 658 2712 inquam,
688 2681 749 2703 cur
776 2672 865 2703 male

902 1215 1030 1254 habe03
1069 1215 1198 1256 accipit
1227 1214 1423 1246 mandatum
1454 1215 1604 1256 requies-

902 1266 1015 1305 cendi,
1034 1269 1070 1296 et
1085 1276 1105 1296 a
1123 1266 1200 1297 cibo
1217 1265 1441 1306 temperandi.

944 1318 1057 1347 Jussus
1072 1317 1270 1357 requiescere]
1314 1317 1403 1347 Nam
1434 1319 1472 1346 ut
1501 1314 1606 1345 habet

904 1369 1079 1400 Cornelius
1109 1369 1230 1399 Celsus
1253 1376 1310 1399 ιιι.
1335 1370 1366 1397 2.
1392 1367 1482 1397 inter
1508 1365 1606 1395 initia

903 1418 1024 1457 morbi,
1041 1418 1190 1449 omnium
1215 1419 1345 1459 optima
1368 1417 1464 1459 quies
1481 1420 1516 1447 et
1533 1415 1608 1446 abs·

903 1468 1057 1499 tinentia,

950 1519 1116 1558 Postquam
1133 1518 1228 1548 tertia
1238 1517 1433 1557 compositos,
1445 1516 1515 1556 ζα]
1530 1516 1608 1548 Jus-

905 1579 959 1599 sns
976 1568 1090 1599 fuerat
1106 1568 1162 1598 ille
1187 1577 1281 1608 aeger
1305 1568 1338 1598 in
1362 1567 1500 1598 tertium
1517 1566 1607 1597 diem

907 1624 1097 1659 temperare
1111 1618 1187 1657 sibi,
1200 1623 1291 1648 metu
1307 1617 1464 1648 tertianae
1482 1615 1606 1647 febris:

908 1674 944 1700 at
962 1669 1017 1700 ubi
1036 1669 1178 1709 primuni
1195 1667 1266 1698 dies
1286 1667 1405 1698 tertius
1426 1666 1550 1705 illuxit,
1573 1671 1609 1697 et

908 1721 1041 1761 pulsum
1058 1720 1145 1750 vidit
1162 1719 1362 1760 aequabilem
1389 1728 1462 1749 esse
1490 1722 1526 1748 et
1543 1727 1610 1748 ino-

909 1772 1077 1808 dcratum,
1104 1775 1175 1801 tuni
1201 1770 1274 1800 sine
1301 1769 1368 1799 ullo
1394 1773 1485 1798 metu
1511 1777 1610 1808 quar-

908 1825 998 1851 tanae
1049 1819 1267 1856 imminentis,
1313 1818 1610 1858 intemperantiam

909 1871 1057 1911 priorem
1073 1870 1213 1910 repetit,
1228 1874 1264 1900 et
1281 1870 1313 1899 in
1328 1868 1461 1908 gravius
1478 1868 1609 1908 pericu-

908 1921 977 1951 lum
993 1921 1073 1951 vitae
1090 1920 1264 1950 relabitur.

951 1972 992 2001 91
1017 1970 1210 2009 Compositas
1233 1968 1312 1999 vidit
1334 1978 1396 1998 nox
1417 1976 1541 1998 cwrrere
1562 1975 1611 1997 ce-

910 2019 979 2059 nas]
1022 2019 1255 2059 Metonymia:
1288 2019 1321 2049 id
1352 2022 1418 2058 est,
1439 2027 1514 2049 cum
1538 2017 1610 2057 jam

911 2070 1015 2101 tertia
1042 2074 1143 2101 nocte
1167 2069 1254 2099 vidit
1281 2078 1383 2099 venas
1409 2072 1444 2098 et
1471 2067 1611 2098 arterias

913 2121 1048 2161 pulsare
1086 2119 1311 2161 aequabiliter,
1349 2118 1539 2156 moderate,
1577 2121 1613 2148 et

913 2170 1168 2209 convenienter,
1183 2174 1254 2201 tum
1274 2170 1352 2200 vina
1366 2169 1493 2207 statim,
1507 2167 1613 2205 cibos,

914 2223 1035 2253 balnea
1048 2222 1179 2261 cogitat
1193 2220 1444 2261 intempestive,
1458 2224 1496 2250 ut
1508 2219 1614 2260 prius.

963 2273 1050 2304 Vidit
1065 2274 1141 2313 nox]
1178 2273 1295 2303 Noctu
1312 2272 1513 2311 plerumque
1529 2279 1614 2300 inor-

915 2324 949 2355 bi
964 2324 1218 2364 ingravescunt,
1245 2331 1372 2363 suaque
1400 2326 1543 2352 exerunt.
1566 2321 1616 2351 in·

914 2374 1015 2404 dicia.

957 2426 999 2454 92
1015 2424 1066 2455 De
1080 2424 1194 2461 majore
1206 2424 1308 2464 domo]
1331 2422 1427 2454 Petit
1443 2423 1485 2453 ab
1502 2422 1613 2463 aliquo

915 2473 1100 2514 potentiori
1115 2473 1235 2504 amico.

959 2524 1086 2554 Modice
1098 2523 1224 2554 sitiente
1240 2522 1364 2562 lagena]
1390 2523 1480 2552 Vase
1497 2529 1615 2561 parvo,

918 2583 995 2605 nam
1011 2574 1214 2614 exquisitum
1241 2577 1329 2612 erat,
1346 2577 1381 2603 et
1398 2580 1499 2612 parce
1515 2569 1616 2601 daba-

920 2628 975 2656 tur
989 2624 1104 2655 vinum
1121 2623 1296 2664 ejusmodi.

961 2677 1003 2705 93
1027 2673 1123 2706 Lenia
1137 2672 1198 2704 sibi
1212 2670 1414 2711 Surrentina]
1457 2669 1546 2700 Vina
1562 2678 1618 2699 vc-
