1888 3032
739 184 922 216 SATIRA
952 186 995 216 V.

1511 175 1597 217 157

132 277 311 320 Cretata
331 277 541 318 ambitio?
584 276 752 330 Vigila,
773 282 816 319 et
836 280 949 319 cicer
969 279 1114 332 ingere
1131 280 1251 334 large

134 345 318 387 Rixanti
339 346 519 400 populo,
540 351 691 402 nostra
706 350 754 386 ut
774 346 970 387 Floralia
985 348 1156 401 possint

139 466 226 505 Vigil
238 470 322 497 esto:
349 471 440 507 atque
455 467 647 498 abundanter
673 467 753 498 cicer
777 467 912 506 elargire
925 467 1006 507 plebi
1014 468 1171 509 jurganti,
1188 473 1222 501 ut
1238 471 1335 501 vetuli
1350 471 1390 501 ad
1404 471 1493 501 solem
1504 480 1595 510 expo-

133 509 190 540 siti
215 519 450 541 cornmemorare
478 514 590 550 queant
612 513 716 541 nostra
745 509 850 540 Florae
873 509 972 546 festa.

749 593 871 605 ιιιιιι

1021 512 1177 546 Quidnam
1207 511 1386 545 honestius?
1411 514 1462 545 sed
1477 514 1596 555 quando

876 595 992 606 eeeeee

429 650 491 679 177
514 647 674 688 placebat
687 649 822 688 evigila.-
845 650 904 681 sed
919 651 1002 682 nihil
1015 655 1119 683 muto.
1146 653 1319 685 Casaubon.

798 759 937 791 NOTAE

137 829 304 862 adulator.
328 832 476 872 Pulparc,
493 832 627 873 proprie
653 837 718 873 est,
741 843 841 864 manu

137 881 299 921 mulcere,
315 887 475 923 tractare,
495 883 696 924 explorare3
725 889 760 915 et
781 894 842 925 per

138 932 384 973 metaphoram,
400 933 568 974 significat
590 935 770 975 explorare
786 935 843 966 bo-

137 981 265 1012 minum
293 989 437 1023 mentes,
461 988 668 1024 praetentare
688 985 842 1016 volunta-

139 1038 221 1072 tem,
246 1033 288 1064 ad
310 1035 455 1074 gratiam
468 1035 510 1066 ab
525 1036 565 1066 iis
582 1036 842 1078 surripiendam.

139 1083 207 1114 Hic
224 1085 363 1124 ponitur
386 1095 447 1125 pro
463 1086 654 1127 ambitioso,
672 1088 729 1129 qui
747 1099 845 1129 pren-

138 1142 193 1167 sat
204 1136 307 1176 cives,
324 1142 360 1168 et
371 1147 488 1169 auram
503 1140 700 1179 popularem
714 1146 845 1181 captat,

140 1190 177 1216 ut
194 1195 310 1217 eorum
331 1186 490 1228 suffragia
505 1188 731 1229 demereatur,
747 1195 783 1221 et
797 1191 845 1222 sic

138 1235 182 1266 ad
197 1235 343 1267 honores
361 1242 396 1268 et
414 1238 600 1278 dignitates
613 1241 802 1280 perveniat.

184 1286 304 1327 Ducit]
328 1288 397 1319 Per
411 1289 532 1321 Tribus
551 1291 787 1331 circumducit,
802 1292 845 1323 ad

140 1337 283 1377 gratiam
299 1338 418 1378 populi
435 1339 579 1371 Romani
599 1342 845 1382 aucupandam.

138 1387 210 1418 Alii
224 1387 355 1428 legunt,
371 1389 467 1427 tollit,
484 1390 627 1429 perinde
643 1394 706 1422 est.
742 1391 847 1422 Hian-

142 1439 215 1477 tem,
231 1438 445 1469 anhelantem
459 1438 501 1469 ad
518 1440 674 1480 honores,
689 1450 729 1471 ac
754 1442 848 1472 velut

141 1492 263 1529 aperto
279 1497 338 1519 ore
352 1493 583 1529 appetentem.

187 1539 249 1568 177
275 1537 406 1568 Cretata
421 1538 564 1578 ambitio]
588 1540 666 1570 Mos
685 1544 760 1572 erat
776 1541 849 1571 Ma-

143 1587 324 1628 gistratum
350 1587 494 1628 aliquem
522 1589 748 1621 ambientibus
786 1591 850 1621 cir-

145 1638 274 1671 cumire
297 1638 330 1669 in
365 1643 461 1670 veste
485 1640 632 1671 candore
657 1641 846 1681 splendida.

143 1689 224 1720 Nou
235 1688 324 1720 enim
340 1689 389 1720 illi
403 1690 555 1721 contenti
570 1690 672 1722 insito
685 1692 771 1722 lanae
794 1701 849 1722 co-

144 1738 226 1778 lore,
242 1743 371 1770 cretam
388 1739 562 1772 addebant
587 1741 623 1772 in
647 1746 790 1782 vestem,
813 1746 852 1773 ut

145 1789 380 1829 candesceret,
399 1790 500 1821 immo
517 1790 725 1830 splenderet.
751 1791 851 1822 Unde

146 1839 214 1870 κατ’
232 1837 348 1877 ἐξοχὴν
368 1840 453 1870 dicti
472 1841 643 1871 Candidati
657 1852 666 1871 .·
681 1841 759 1872 hinc
783 1847 819 1872 et
833 1851 852 1872 a

145 1889 248 1930 vulgo
279 1889 434 1929 discreti,
457 1890 513 1920 cui
540 1890 617 1920 alba
644 1891 778 1931 quidem
793 1892 852 1922 sed

148 1948 214 1971 non
231 1940 378 1971 candida
399 1945 476 1980 toga
491 1947 577 1973 erat.
622 1941 707 1972 Haec
720 1941 853 1973 erudite

146 1990 238 2023 Just.
267 1990 357 2031 Lips.
382 1991 493 2022 Elect.
511 2000 535 2022 1.
555 1993 606 2022 13.
632 1991 690 2022 ubi
714 1995 749 2022 et
771 1993 856 2023 citat

148 2039 329 2080 Isidorum,
354 2049 432 2072 xiv.
461 2043 515 2072 24.
548 2043 556 2058 ‘
576 2041 632 2072 Fit
647 2046 723 2081 toga
738 2042 855 2073 addito

149 2089 295 2130 quodam
312 2095 416 2122 cretae
447 2101 572 2131 genere
585 2092 763 2124 candidior
777 2093 796 2123 :’
819 2098 855 2124 et

148 2139 221 2170 haec
242 2139 317 2178 ipsa
341 2141 452 2171 Persii
478 2141 584 2172 verba
608 2141 718 2179 affert,
736 2144 854 2174 multa-

151 2200 217 2231 que
255 2190 332 2230 alia,
370 2195 410 2222 ut
449 2193 572 2232 probet
621 2193 855 2234 quotidianam

152 2240 233 2272 olim
259 2242 420 2273 Romanis
448 2247 560 2283 togam
598 2243 700 2274 fuisse
732 2245 855 2284 albam,

153 2292 308 2332 quamvis
324 2293 427 2324 certis
456 2293 574 2324 diebus
591 2294 803 2325 candidiores
821 2300 856 2326 et

151 2341 397 2382 splendidiores
411 2342 589 2382 prodirent
601 2343 644 2373 ob
656 2348 783 2374 vestem
795 2354 854 2374 seu

144 2396 337 2431 ,recentem,
353 2402 413 2423 seu
429 2397 605 2424 eret-atam.
651 2392 741 2424 Hinc
754 2402 854 2433 porro

154 2441 335 2473 discrimen
359 2443 462 2482 jubet
493 2443 572 2482 poni
606 2442 695 2474 inter
727 2447 855 2474 vestem

154 2492 293 2531 pullam,
311 2502 386 2533 quae
399 2491 549 2524 funebris
565 2498 696 2524 tantum
713 2505 721 2532 ;
737 2498 772 2525 et
785 2503 856 2524 sor-

156 2542 281 2582 didam,
303 2545 376 2575 sive
405 2545 623 2584 sordidatam,
639 2545 674 2575 id
701 2550 766 2584 est,
781 2555 858 2576 con-

158 2593 276 2623 tractis
293 2593 446 2624 sordibus
461 2593 602 2633 fuscam,
625 2605 691 2635 qua
719 2595 858 2626 uteban-

159 2645 215 2672 tur
243 2643 426 2682 supplices.
472 2645 529 2676 De
557 2644 678 2686 quibus
705 2645 858 2676 omnibus

161 2692 218 2724 ille
235 2691 329 2729 susm.
338 2693 475 2725 ibidem.

210 2742 326 2782 Vigila,
347 2746 377 2774 et
400 2744 492 2785 cicer,
513 2745 584 2786 fisa]
601 2724 603 2726 -
618 2744 864 2787 Prosopopoeia

897 834 1091 866 ambitionis
1118 834 1242 865 homini
1274 835 1438 865 bonorum
1473 834 1600 876 cupido

896 885 1142 925 praecipientis,
1181 895 1248 926 quo
1286 889 1389 925 pacto
1427 885 1600 926 popularis

896 934 970 975 fiat,
985 941 1021 966 et
1041 935 1225 976 dignitates
1242 935 1460 975 adipiscatur.
1512 936 1601 975 Vigi-

897 987 940 1025 la,
976 986 1096 1028 iuquit,
1131 995 1259 1017 summo
1297 995 1396 1016 mane
1435 984 1602 1025 discurre,

896 1036 1025 1076 labora,
1055 1046 1178 1068 exerce
1203 1040 1238 1066 te
1263 1036 1296 1066 in
1319 1036 1381 1066 hac
1399 1035 1526 1066 urbana
1542 1035 1602 1066 mi-

896 1087 972 1117 litia
988 1098 996 1118 ε
1021 1088 1069 1118 sic
1081 1087 1169 1118 euim
1185 1087 1312 1117 Tullius
1322 1086 1365 1116 ad
1379 1085 1487 1116 Attio.
1502 1089 1604 1116 vocat

900 1137 1166 1169 Candidatorum
1201 1138 1317 1168 vitam.
1362 1136 1455 1167 Ante
1492 1137 1603 1167 lucem

899 1188 947 1219 ito
968 1188 1011 1218 ad
1042 1188 1144 1228 cives,
1160 1188 1274 1228 eisque
1290 1187 1433 1218 salutem
1446 1186 1603 1228 diemque

900 1248 1098 1278 prosperam
1123 1247 1323 1279 apprecare,
1349 1247 1486 1277 operam
1510 1242 1604 1268 tuam

901 1293 937 1319 et
965 1288 1113 1320 officium
1144 1288 1284 1329 sponde,
1319 1293 1357 1319 ut
1395 1298 1512 1319 eorum
1541 1287 1605 1319 tibi

900 1349 999 1380 pares
1018 1339 1301 1370 benevolentiam.

947 1389 1039 1420 Cicer
1054 1390 1162 1429 ingere
1175 1389 1278 1429 large]
1308 1389 1497 1429 Legumina
1513 1388 1606 1420 varia

901 1448 1023 1479 sparge
1040 1439 1255 1471 abundanter
1269 1440 1302 1470 in
1319 1440 1453 1480 vulgus,
1479 1439 1605 1477 fabam,

903 1489 994 1520 cicer
1008 1488 1146 1520 frictum
1163 1490 1309 1529 scilicet,
1327 1492 1391 1521 διο.
1408 1490 1456 1521 sic
1477 1490 1607 1521 AEdiles

902 1539 991 1570 viam
1016 1539 1081 1570 sibi
1110 1540 1308 1571 muniebant
1337 1540 1380 1570 ad
1417 1540 1608 1580 superiores

903 1591 1123 1630 Magistratus
1154 1601 1216 1631 per
1237 1591 1378 1621 missilia
1393 1590 1560 1631 ejusmodi
1572 1595 1609 1622 et

903 1640 1084 1681 congiaria,
1093 1641 1239 1681 maxime
1252 1641 1286 1671 in
1299 1640 1498 1671 Floralibus.
1509 1639 1610 1672 Alex.

904 1691 947 1721 ab
978 1690 1080 1722 Alex.
1104 1700 1152 1723 Vl.
1182 1694 1213 1722 8.
1260 1691 1383 1722 Horat.
1415 1691 1483 1722 Sat.
1508 1699 1548 1722 ιι.
1578 1693 1608 1722 3.

904 1741 913 1757 ‘
932 1741 972 1772 Iu
993 1741 1106 1772 cicere
1133 1745 1236 1782 atque
1260 1740 1352 1780 faba,
1374 1741 1464 1772 bona
1479 1746 1517 1772 tu
1534 1751 1609 1782 per·

906 1791 1033 1832 dasque
1049 1791 1199 1831 lupinis!
1245 1791 1398 1822 Martial.
1428 1791 1612 1832 deimpen-

907 1840 963 1879 sis,
994 1841 1027 1871 iu
1055 1840 1262 1871 Floralibus:
1288 1842 1297 1858 ‘
1312 1842 1357 1872 Et
1376 1842 1542 1881 populare
1560 1852 1610 1872 sa·

908 1899 1002 1920 crum
1018 1890 1067 1920 bis
1082 1890 1185 1920 millia
1197 1889 1285 1921 dena
1299 1890 1455 1921 tulisset.’

951 1942 1012 1970 178
1036 1940 1173 1970 Rimanti
1194 1940 1319 1980 populo]
1355 1941 1509 1971 Donaria
1539 1950 1613 1972 cer-

909 1990 1005 2020 tatim
1022 1990 1274 2030 excipientibus
1290 1995 1325 2021 et
1336 2000 1426 2031 saepe
1440 1992 1528 2021 rixas
1542 2001 1611 2023 mo-

909 2039 1067 2071 ventibus
1090 2040 1162 2070 aliis
1189 2040 1221 2070 in
1237 2041 1331 2080 alios,
1358 2051 1430 2081 prae
1445 2041 1611 2073 aviditate

911 2089 1093 2130 colligendi
1118 2094 1152 2121 et
1174 2091 1249 2131 plus
1267 2091 1425 2127 habendi,
1441 2092 1526 2123 adeo
1542 2098 1581 2123 ut
1593 2102 1613 2123 e

909 2140 989 2171 rixis
1016 2139 1128 2171 caedes
1159 2150 1223 2171 non
1261 2150 1338 2172 raro
1361 2141 1612 2182 contingerent.

954 2192 1073 2222 Nostra
1102 2194 1138 2222 ut
1166 2191 1305 2222 Floralia
1328 2192 1457 2232 possint,
1474 2192 1543 2232 3502]
1565 2193 1614 2224 Ut

909 2242 1006 2272 istius
1032 2241 1249 2272 liberalitatis
1271 2242 1433 2272 memoria
1462 2247 1615 2274 transeat

909 2291 952 2321 ad
971 2296 1133 2330 posteros,
1161 2290 1294 2321 senibus
1310 2300 1383 2322 eam
1408 2291 1451 2322 ad
1472 2291 1557 2324 filios
1574 2302 1613 2323 ac

911 2344 1051 2379 nepotes
1071 2338 1312 2370 referentibus.

954 2389 1107 2429 Floralia]
1144 2390 1257 2429 Flora,
1286 2389 1407 2420 mulier
1430 2390 1615 2431 impudica,

909 2445 984 2471 arte
1020 2440 1216 2471 meretricia
1249 2440 1404 2481 ingentes
1432 2442 1613 2481 acquisitas

911 2500 994 2531 opes
1015 2490 1148 2530 Populo
1173 2490 1325 2522 Romano
1351 2501 1393 2521 ex
1408 2496 1614 2521 testamento

911 2541 1049 2582 legavit,
1061 2550 1101 2571 ea
1117 2540 1326 2580 conditione,
1353 2546 1390 2571 ut
1403 2540 1523 2570 natalis
1535 2549 1613 2570 suus

914 2592 986 2622 dies
1016 2591 1121 2622 festus
1137 2591 1332 2622 haberetur.
1379 2589 1469 2619 Huic
1486 2589 1616 2628 itaque,

914 2642 1173 2683 procurantibus
1193 2640 1371 2673 AEdilibus,
1390 2638 1458 2668 ludi
1474 2644 1615 2678 quotan-

915 2692 967 2723 nis
983 2692 1244 2722 celebrabantur
1259 2689 1347 2719 omni
1363 2687 1499 2718 lascivia
1514 2689 1618 2728 pleni,

917 2743 1127 2775 convenientes
1155 2740 1278 2782 quidem
1300 2739 1456 2771 memoriae
1478 2741 1617 2771 meretri·
