1888 3032
267 139 351 182 143
773 146 820 174 A.

854 143 1015 174 PERSH
1050 142 1225 174 FLACCI

270 243 389 294 Quid
406 242 549 297 petis?
581 243 626 280 ut
642 239 823 289 nummi,
845 251 956 292 quos
974 238 1046 279 hic
1068 238 1320 292 quincunce
1340 239 1540 280 modesto

270 312 516 358 Nutrieras,
538 309 721 361 pergant
741 305 896 347 avidos
917 304 1074 346 sudare
1091 305 1309 346 deunces‘e

1647 306 1730 347 150

268 379 448 430 Indulgc
467 376 620 428 genio;
653 386 888 428 carpamus
911 373 1079 415 dulcia:
1111 377 1304 414 nostrum
1324 377 1404 424 est,

270 516 435 555 quincunce
450 514 618 551 moderato,
632 517 767 554 pergant
784 513 847 545 tibi
863 514 997 544 evadare
1022 515 1152 544 deunces
1174 511 1323 553 cupidos?
1356 513 1411 543 Da
1436 515 1467 543 te
1491 512 1660 552 voluptati:
1684 521 1736 542 ra·

266 559 390 598 piamus
394 557 542 595 jucunda.
567 558 715 589 Nostrum
732 561 776 588 est
793 567 925 598 munus,
936 558 1015 597 quod
1027 557 1125 587 vitam
1141 557 1238 588 ducis.
1263 555 1313 587 At
1329 555 1430 596 paulo
1446 560 1535 596 post,
1550 556 1612 586 eris
1619 554 1737 593 scu-illa

888 652 1003 663 aeaeaeaeaeae

270 716 333 743 150
353 716 507 752 peragant
541 713 630 743 avido
654 711 801 743 I'uteani
831 712 949 743 Codex
985 717 1020 742 et
1060 713 1097 743 C.
1135 715 1171 742 et
1198 711 1352 752 quaedam
1380 710 1568 741 Editiones.

1005 651 1121 663 eeeeee

1614 708 1738 739 Potest

271 755 351 785 ferri
369 760 513 795 utraque
530 755 651 786 lectio:
677 755 736 785 sed
767 765 840 795 quu’
867 765 909 785 ex
936 759 1079 795 utraque
1103 758 1183 784 sunt
1209 754 1338 792 mixtae‚
1356 763 1470 783 omnes
1494 751 1735 793 repudiandae:

268 808 398 837 pergere
412 799 534 837 sudare,
553 807 614 838 pro
629 798 751 835 sudare,
769 802 808 828 ut
826 796 935 835 succro
951 798 1086 840 incipere
1104 806 1166 837 pro
1187 795 1297 834 facere
1313 800 1349 826 et
1365 795 1495 826 similia.

1542 795 1662 825 Sudare
1680 803 1737 824 au-

272 846 340 871 tem
357 842 484 872 deuncos
502 850 619 871 usuras
637 840 723 871 dixit
740 844 777 871 ut
794 845 987 881 opponeret
1004 839 1254 881 quincuncibus
1271 838 1391 876 usuris,
1415 848 1490 879 quae
1508 837 1599 868 nullo
1619 836 1737 867 labore

928 927 1071 961 NOTAE

273 992 390 1023 celliis.
422 990 489 1021 Alii
504 991 620 1032 legunt
639 992 753 1023 sessilis
775 992 861 1034 obba,
879 998 914 1025 et
931 993 979 1024 sic

272 1051 344 1073 rem
372 1040 546 1081 explicant
562 1051 570 1071 ε
612 1050 671 1072 vas
707 1042 813 1073 latum
850 1043 979 1074 habens

271 1091 414 1122 fundum
443 1095 479 1121 et
507 1094 675 1131 ventrem,
705 1092 755 1123 ita
785 1097 823 1123 nt
856 1103 917 1134 per
944 1103 980 1124 se

271 1141 372 1173 facile
389 1146 456 1172 stet
471 1145 505 1172 et
524 1142 656 1182 sedeat,
674 1142 764 1174 unde
780 1144 894 1175 sessilis
904 1144 980 1175 obba

273 1191 409 1223 dicitnr.
448 1191 580 1224 Volunt
596 1193 698 1235 aliqui
714 1204 787 1225 esse
805 1194 980 1235 doliolum,

273 1245 308 1275 in
322 1252 386 1286 qno
400 1245 598 1286 navigantes
612 1247 812 1288 plerumque
826 1247 977 1279 sedeant.

318 1298 380 1327 149
406 1296 492 1330 Quid
504 1295 609 1338 petis?
624 1300 659 1327 nt
670 1297 800 1337 nummi,
811 1298 879 1338 ὃν]
895 1297 978 1330 Quis

274 1355 356 1377 vcro
379 1345 456 1376 finis
481 1346 545 1377 tibi
570 1347 790 1387 propositus?
809 1347 979 1379 Nimirum

277 1406 377 1427 usura
393 1396 512 1436 ingens
537 1400 572 1427 et
596 1395 740 1435 infinita,
759 1395 866 1437 qualis
883 1396 981 1426 mari-

274 1446 358 1477 tima
385 1456 458 1477 esse
488 1447 588 1485 solet,
603 1448 674 1487 sed,
690 1446 806 1477 labore
835 1450 870 1477 et
892 1446 980 1486 peri-

276 1497 352 1527 culo
366 1496 506 1536 perinde
522 1506 654 1536 magno.

321 1546 401 1586 Hic]
422 1547 551 1586 Romae,
568 1547 639 1578 sine
656 1546 786 1585 labore,
803 1546 874 1578 sine
891 1547 979 1588 peri-

276 1596 363 1627 culo.

321 1646 513 1686 Quincunce]
539 1647 721 1687 Quinctius,
743 1647 858 1678 uncias
886 1646 980 1688 quin-

277 1706 343 1738 que
360 1695 541 1736 significat.

322 1745 500 1780 Quincunce
526 1746 675 1786 modesto]
703 1746 849 1777 Foenore
875 1745 982 1778 modi-

279 1805 332 1835 co,
347 1796 480 1836 legibus
503 1795 613 1836 licito,
637 1800 673 1827 et
691 1797 843 1827 avaritiae
867 1800 982 1827 notam

278 1846 367 1876 haud
384 1849 583 1885 metuente;
607 1845 763 1877 nimirum
791 1845 900 1887 quinis
927 1856 983 1877 an-

278 1896 365 1935 nuis,
383 1906 443 1936 pro
461 1897 627 1928 centenis.
663 1898 746 1938 Leg.
770 1897 887 1928 Tutor.
917 1897 982 1927 Pa-

279 1946 437 1987 ragraph.
456 1949 508 1977 10.
532 1946 663 1986 Digest.
680 1951 716 1977 et
732 1948 814 1987 Leg.
833 1950 884 1977 17.
902 1947 982 1986 Dig.

280 1996 323 2026 de
345 1996 453 2026 usuris
470 2000 504 2026 et
518 1995 698 2027 fructibus.
744 1996 793 2028 At
817 2007 884 2027 vox
909 1997 983 2035 ista,

280 2046 368 2076 sicut
382 2050 418 2077 et
434 2055 591 2087 sequens,
602 2048 719 2086 deunx,
734 2047 889 2088 ampliori
904 2052 984 2088 eget

280 2095 520 2127 elucidatione.
566 2097 690 2137 Itaque
707 2097 862 2128 observa.
898 2097 984 2128 Gra-

280 2145 415 2176 vissima
432 2146 562 2186 pridem
579 2156 680 2177 usura
707 2151 782 2177 erat
808 2147 984 2187 centesima,

281 2206 348 2237 qua
374 2206 437 2236 pro
461 2202 598 2227 centum
626 2197 768 2227 nummis
794 2201 910 2228 mutuo
931 2208 983 2228 ac-

281 2245 393 2286 ceptis
410 2246 649 2286 pendebantur
672 2247 851 2278 duodecim
870 2248 985 2287 annui,

282 2295 406 2335 singuli
424 2306 483 2336 pro
506 2297 676 2328 mensibus
701 2298 848 2338 singulis.
884 2299 987 2330 ‘Huic

282 2353 364 2375 vero
392 2346 546 2385 proxima
575 2349 688 2387 deunx,
718 2358 795 2379 cum
829 2348 986 2380 undecim

282 2393 513 2425 reddebantur
526 2397 654 2436 pariter
671 2408 732 2437 pro
746 2399 920 2430 centenis:
938 2400 986 2430 sic

285 2448 319 2475 ct
333 2445 468 2475 dextana
485 2450 571 2483 erat,
589 2456 665 2476 cum
683 2447 818 2479 decem:
836 2450 987 2488 (fodrum,

285 2503 363 2525 cum
379 2503 520 2524 novem:
546 2495 681 2534 bessalis,
701 2506 777 2527 cum
801 2501 899 2527 octo:
923 2507 987 2536 sep-

285 2548 377 2585 tunx,
400 2554 475 2576 cum
505 2550 658 2585 septem:
682 2547 783 2585 semis,
811 2556 886 2577 curn
909 2555 986 2576 sex:

288 2595 455 2635 quincunx,
480 2605 557 2625 cum
584 2595 754 2637 quinque:
781 2597 888 2633 triens,
913 2605 988 2627 cum

287 2649 433 2685 quatuor
447 2656 453 2676 :
470 2647 634 2686 quadrans,
651 2656 725 2677 cum
743 2651 831 2678 tres:
851 2650 990 2685 sextans,

287 2702 363 2724 cum
374 2693 440 2725 due
458 2705 466 2725 ε
491 2695 639 2736 denique
654 2696 794 2727 unciaria
810 2706 911 2728 usura
932 2706 988 2728 vo-

1035 991 1193 1030 cabatur,
1222 1000 1289 1032 qua
1327 999 1390 1031 pro
1423 987 1566 1019 nummis
1603 991 1740 1019 centum

1034 1051 1119 1072 unus
1148 1042 1317 1072 duntaxat
1345 1041 1379 1070 in
1408 1039 1519 1070 foenus
1543 1037 1740 1070 solvebatur

1035 1092 1228 1133 quotannis.
1275 1092 1320 1122 Et
1335 1091 1408 1121 haec
1426 1091 1503 1130 lege
1521 1087 1740 1121 decemvirali

1033 1142 1247 1183 potissimum
1262 1141 1418 1182 probata,
1434 1144 1472 1170 ut
1493 1143 1641 1170 testatur
1658 1139 1741 1170 Cor-

1032 1193 1101 1223 nel.
1127 1193 1237 1222 Tacit.
1264 1190 1388 1222 Annal.
1406 1191 1429 1221 l.
1449 1201 1483 1222 v,
1521 1191 1606 1222 Quae
1625 1194 1739 1220 tamen

1034 1243 1076 1274 ob
1101 1242 1345 1274 foeneratorum
1373 1240 1510 1272 fraudes
1538 1244 1615 1280 post
1644 1239 1740 1270 abro-

1035 1296 1126 1333 gata,
1142 1298 1176 1323 et
1190 1292 1232 1323 ad
1245 1291 1511 1322 semiunciariam
1527 1289 1667 1321 redacta
1679 1293 1742 1321 est.

1031 1342 1120 1373 Vide
1137 1343 1226 1372 infra
1242 1351 1318 1372 mox
1335 1341 1377 1372 ad
1391 1350 1522 1379 vocem,
1538 1341 1682 1371 deunces.

1077 1395 1138 1423 150
1178 1391 1363 1430 Nutrieras]
1405 1392 1549 1421 Foenore
1587 1398 1744 1431 auxeras,

1034 1441 1291 1482 multiplicatas.
1337 1441 1462 1471 Horat.
1491 1439 1602 1480 Epist.
1634 1449 1659 1471 1.
1689 1442 1742 1471 18.

1031 1503 1160 1533 pascere
1175 1501 1311 1522 nummos
1326 1492 1444 1522 eodem
1461 1499 1558 1521 sensu
1576 1490 1721 1521 dixerat.

1078 1542 1237 1583 Pergam]
1261 1542 1331 1573 Alii
1354 1541 1490 1573 codices
1513 1540 1652 1581 habent,
1671 1549 1743 1580 per-

1034 1596 1144 1633 agant.

1078 1643 1197 1673 Aridus
1211 1643 1324 1673 sudare
1343 1641 1487 1681 deunces]
1510 1639 1662 1671 Nimium
1684 1638 1745 1670 foe-

1036 1702 1097 1723 nus
1114 1697 1148 1724 et
1164 1692 1382 1724 immodicum
1407 1690 1542 1730 afferre,
1568 1690 1691 1721 sudore
1708 1694 1745 1721 et

1037 1743 1192 1774 molestia
1212 1743 1343 1784 pariter
1371 1742 1514 1783 ingenti,
1543 1741 1586 1772 ob
1610 1740 1746 1783 naviga-

1038 1793 1140 1824 tionis
1157 1794 1259 1824 taedia
1277 1797 1312 1824 et
1328 1793 1490 1833 pericula.

1081 1842 1213 1882 Avidus]
1237 1841 1474 1882 Cupiditatem
1499 1839 1583 1871 lucri
1608 1839 1745 1871 nimiam

1037 1892 1070 1923 in
1087 1891 1293 1923 foeneratore
1310 1893 1433 1933 arguit.

1082 1943 1238 1982 Deunces]
1292 1944 1409 1974 Deunx
1438 1943 1568 1983 pondus
1603 1946 1654 1973 est
1685 1951 1745 1973 seu

1039 2001 1195 2023 mensura
1225 1993 1384 2023 undecim
1426 1993 1616 2031 unciarum,
1651 1992 1746 2034 quasi

1039 2052 1106 2072 una
1130 2041 1243 2072 demta
1270 2047 1369 2082 parte
1397 2051 1416 2073 e
1446 2042 1531 2073 libra
1566 2052 1626 2072 seu
1661 2052 1748 2082 asse,

1040 2092 1095 2133 qui
1112 2091 1292 2122 duodecim
1307 2092 1421 2122 uncias
1439 2092 1606 2123 continet.
1625 2092 1746 2123 Deum:

1040 2148 1153 2174 autem
1171 2153 1269 2174 usura
1298 2143 1465 2184 significat
1492 2144 1662 2175 undenam
1689 2153 1745 2175 an·

1040 2203 1138 2237 uuam
1157 2203 1217 2233 pro
1232 2194 1387 2224 centenis
1403 2205 1411 2232 ;
1436 2203 1494 2224 seu
1512 2204 1577 2234 qua
1593 2203 1653 2234 pro
1669 2203 1747 2225 cen-

1042 2247 1113 2273 tum
1127 2243 1271 2273 nummis
1290 2253 1399 2273 annuo
1423 2242 1565 2282 steuore,
1589 2242 1747 2274 undecim

1041 2294 1166 2324 nummi
1195 2294 1332 2333 dantur,
1357 2298 1395 2324 ut
1426 2293 1496 2324 dixi
1527 2293 1628 2333 paulo
1654 2298 1746 2324 autc.

1044 2344 1121 2375 Hoc
1143 2352 1226 2374 vero
1254 2353 1334 2374 sane
1366 2342 1582 2374 referendum
1610 2342 1747 2374 videtur

1044 2394 1086 2425 ad
1104 2404 1221 2424 usuras
1239 2393 1439 2433 maritimas,
1463 2392 1583 2433 quibus
1602 2392 1656 2422 lex
1674 2392 1746 2422 nul-

1043 2446 1074 2475 la
1092 2444 1226 2474 modum
1245 2443 1354 2483 ponit,
1367 2443 1467 2473 immo
1482 2451 1556 2482 quae
1573 2441 1674 2481 culpa
1691 2451 1746 2472 ea-

1043 2499 1119 2525 rent
1145 2494 1359 2534 quantumvis
1382 2502 1526 2533 magnae,
1553 2492 1686 2523 scilicet
1703 2492 1746 2523 ob

1043 2544 1199 2585 pericula
1214 2544 1328 2582 maris,
1346 2548 1381 2575 et
1396 2553 1574 2575 aerumnas.

1087 2597 1146 2625 151
1173 2594 1306 2633 Indulge
1327 2593 1435 2634 genio]
1490 2593 1579 2624 Vide
1605 2595 1676 2625 Sat.
1704 2603 1744 2626 Π.

1044 2656 1092 2676 vs.
1107 2648 1138 2675 3.

1089 2696 1262 2737 Curpamus
1288 2695 1404 2737 dulcia]
1461 2696 1641 2737 Fugientes
1669 2699 1744 2728 c'um
