1888 3032
262 154 318 197 12
549 182 553 188 ·
775 165 835 195 nn
867 163 1030 194 pensu
1067 163 1201 204 vim,

259 276 430 316 semper
446 264 632 304 animum
658 260 939 309 attenderent,
973 272 1106 314 seque
1133 260 1177 300 in
1196 260 1284 300 illis
1313 261 1573 302 adhibendis
1594 275 1719 302 exer·

258 332 415 378 emeat,
458 330 672 374 iim-onium
714 327 955 379 neglectum
992 333 1278 376 exaresceret,
1329 330 1556 382 omnisque
1593 342 1720 382 gene-

260 398 402 438 rosior
430 402 473 437 et
501 397 628 436 altior
657 396 834 448 spiritus
857 390 1286 447 aut'extingueretur,
1313 403 1388 436 aut
1408 398 1560 437 saltem
1590 398 1718 450 quasi

260 463 546 516 compedibus
562 463 811 512 vinciretur,
828 476 926 516 quae
944 476 1111 503 omnem
1134 463 1315 503 liberum
1334 476 1508 503 cursum
1528 463 1719 504 retarda-

259 536 351 573 rent
374 535 415 571 et
437 529 710 582 impedirent.

316 596 573 639 Dramatica
609 599 735 647 ratio,
777 611 866 651 qua
901 611 1024 652 saepe
1054 599 1307 639 felicissime
1334 598 1547 639 Horatius
1571 599 1717 647 utitur,

259 678 445 719 quaeque
468 665 697 718 prudenter
719 665 912 706 adhibita
938 668 982 706 in
1003 666 1148 706 satiris
1168 678 1252 706 non
1274 666 1424 706 ultima
1450 667 1544 706 laus
1562 670 1642 713 est,
1676 665 1720 705 in

257 731 426 781 Persio,
458 732 532 785 qui
561 745 657 773 eam
679 745 852 786 quoque
884 732 1080 781 tentavit,
1106 733 1270 773 ¹multas
1292 740 1408 774 creat
1429 732 1718 773 difficultates.

258 799 432 841 Etenim
449 800 582 841 modo
601 801 894 842 adversarium
908 802 1157 854 loquentem
1176 801 1360 849 inducit,
1379 814 1518 854 eoque
1536 800 1718 840 dimisso

257 868 406 909 statim
427 868 539 908 alius
573 868 617 907 in
650 881 825 910 scenam
853 870 1013 922 prodit,
1047 881 1133 909 non
1164 869 1237 909 ille
1271 870 1414 921 prior;
1462 868 1544 908 nisi
1579 867 1721 908 mavis

258 939 459 984 statuere,
480 948 637 989 parum
657 938 875 988 cogitasse
906 937 1120 987 Persium,
1141 950 1253 990 quas
1280 941 1429 990 partes
1450 935 1632 976 tuendas
1653 947 1722 975 se-

259 1002 345 1042 mel
367 1003 421 1051 ei,
439 1015 629 1055 quocum
647 1004 733 1043 sibi
751 1017 840 1044 rem
857 1017 955 1044 esse
974 1004 1165 1053 finxerit,
1186 1003 1397 1054 tribuerit,
1413 1007 1456 1044 ct
1469 1003 1569 1043 inde
1584 1002 1719 1043 modo.

259 1070 342 1110 hoc
362 1070 493 1110 modo
513 1071 619 1111 illud
641 1071 942 1113 defendentem
962 1072 1204 1112 induxisse.
1265 1072 1399 1125 Saepe
1427 1072 1558 1112 etiam
1579 1070 1721 1113 imita-

258 1142 326 1177 tur
345 1140 507 1178 tantum
526 1137 691 1179 Noster
708 1139 890 1180 aliorum
914 1152 1172 1188 sermonem,
1206 1139 1528 1192 dictionemque
1548 1142 1718 1182 naturae

258 1205 428 1245 illorum
449 1207 492 1244 et
507 1204 643 1245 indoli
666 1206 985 1249 accommodat.
1049 1207 1297 1248 Difficultas
1320 1211 1464 1248 autem
1480 1205 1580 1247 inde
1596 1217 1720 1258 saepe

258 1272 462 1321 oboritur,
492 1272 609 1324 quod
639 1273 683 1313 in
716 1273 826 1326 ipsis
847 1273 1032 1326 dialogis
1054 1287 1138 1314 non
1158 1280 1360 1315 accurate
1382 1274 1492 1315 satis
1512 1277 1556 1314 et
1575 1273 1720 1325 ipsius

258 1345 301 1381 et
319 1339 556 1381 adversarii
577 1345 723 1394 partes
745 1341 943 1382 discretae
966 1346 1079 1391 sunt,
1099 1346 1148 1383 ut
1167 1343 1315 1383 statim
1336 1355 1435 1382 cum
1456 1354 1514 1382 ex
1531 1342 1601 1389 iis,
1620 1353 1721 1393 quae

259 1407 471 1458 dicuntur,
493 1413 585 1449 tum
606 1422 660 1448 ex
684 1409 845 1448 ratione
875 1408 1046 1449 dicendi
1066 1409 1167 1462 ipsa
1188 1409 1419 1461 intelligas,
1439 1411 1534 1449 ‘uter
1553 1408 1625 1457 sit,
1647 1406 1722 1460 qui

258 1476 474 1528 loquatur,
497 1489 596 1517 cum
614 1480 790 1529 repente
811 1476 1052 1516 orationem
1072 1477 1299 1529 excipiens
1320 1488 1374 1516 ea
1394 1475 1535 1516 dicere
1555 1479 1721 1528 pergat,

260 1555 358 1597 quae
392 1543 670 1584 adversarius
703 1556 890 1584 exorsus
921 1544 1074 1593 fuerat,
1110 1549 1319 1597 tanquam
1351 1544 1444 1597 ejus
1485 1543 1604 1583 vices
1636 1542 1722 1582 sibi

255 1614 402 1651 essent
421 1611 632 1652 tutandae.
691 1612 881 1652 Pertinet
901 1612 1076 1664 quidem
1099 1612 1195 1653 haec
1215 1613 1326 1652 ratio
1347 1610 1402 1651 ad
1422 1611 1621 1658 ironiam,
1643 1608 1720 1649 sed

258 1690 461 1730 magnam
496 1679 624 1718 habet
656 1679 914 1729 cautionem,
945 1692 997 1719 ne
1019 1679 1323 1733 perspicuitati
1354 1677 1581 1726 officiatur,
1605 1677 1722 1717 cuia

261 1744 407 1798 poetis
428 1745 557 1785 etiam
578 1746 889 1786 consulendum
915 1749 995 1795 est,
1017 1759 1206 1800 quaeque
1227 1747 1283 1787 ab
1305 1746 1360 1786 iis
1380 1749 1543 1786 tantum
1563 1744 1723 1796 negligi

261 1808 384 1861 solet,
403 1812 475 1865 qui
494 1813 665 1865 ingenio
698 1813 891 1865 destituti
913 1815 1100 1854 aliorum
1131 1815 1320 1854 inventis
1339 1817 1527 1862 utuntur,
1554 1813 1723 1853 novitaa

260 1884 433 1933 temque
454 1880 498 1919 in
519 1885 672 1921 ornatu
694 1881 834 1921 scium
851 1885 1067 1934 quaerunt.

315 1944 479 1988 Verum
509 1948 550 1987 in
571 1948 711 1988 ironia
731 1948 977 1988 adhibenda
999 1949 1174 1988 Persius
1195 1961 1314 2000 saepe
1346 1947 1639 2000 nequicquam
1658 1947 1722 1986 la-

262 2015 444 2055 boravit.
507 2015 611 2055 Non
639 2016 807 2056 videtur
837 2016 951 2056 enim
983 2015 1060 2055 illa
1093 2015 1350 2055 elocutionis
1371 2013 1509 2066 figura
1529 2013 1722 2054 ardentis

261 2095 359 2122 esse
393 2083 566 2134 ingenii,
602 2095 682 2122 nec
717 2084 771 2123 ab
804 2096 857 2123 eo
881 2083 1009 2123 facile
1031 2095 1164 2135 posse
1185 2083 1372 2130 tractari,
1407 2080 1532 2133 cujus
1554 2081 1722 2121 animus

262 2149 449 2200 graviori
468 2149 617 2201 aliqua
644 2149 947 2189 commotionis
967 2161 1116 2201 genere
1139 2149 1445 2198 conturbatum
1485 2152 1553 2188 est
1572 2147 1722 2200 potius

261 2214 445 2255 ludentis
477 2220 551 2256 aut
583 2217 690 2255 risui
725 2216 954 2257 stultitiam
987 2217 1153 2257 salibus
1173 2220 1216 2257 et
1234 2216 1406 2256 facetiis
1429 2215 1719 2269 propinantis

264 2282 365 2332 Quo
387 2284 519 2323 etiam
537 2284 600 2332 fit,
623 2288 668 2323 ut
688 2283 873 2323 Persius
896 2275 951 2324 ab
974 2284 1240 2337 ironia,'qua
1266 2284 1327 2323 nti
1357 2284 1557 2336 coeperit,
1578 2282 1720 2321 statim

263 2350 478 2395 deflectat,
512 2354 640 2403 atque
668 2351 723 2390 ad
758 2352 988 2403 pristinam
1015 2352 1271 2403 gravitatem
1289 2354 1332 2390 et
1353 2349 1636 2389 acrimoniam
1656 2360 1722 2388 re—

261 2420 465 2457 vertatur.
528 2417 715 2457 Omnino
752 2419 927 2471 quidem
963 2419 1007 2458 id
1049 2418 1162 2458 vitio
1194 2430 1279 2457 non
1311 2416 1525 2464 verterim,
1555 2416 1592 2454 si
1626 2415 1722 2468 quis

264 2485 445 2524 ironiam
466 2498 544 2537 per
565 2488 699 2524 totum
722 2498 836 2538 opus
856 2498 941 2525 non
963 2490 1147 2533 tucatur,
1171 2483 1289 2536 quod
1310 2487 1356 2523 ut
1375 2482 1463 2531 fiat,
1487 2495 1514 2522 a
1544 2482 1723 2535 quibus-

264 2550 363 2592 dam
398 2551 738 2605 pulchritudinis
771 2558 813 2593 et
845 2554 1081 2592 venustatis
1115 2552 1325 2591 doctrinae
1353 2550 1570 2602 magistris
1606 2549 1724 2591 velut

262 2619 358 2670 lege
377 2620 591 2659 sancitum
613 2619 834 2671 videmus;
873 2632 1014 2674 neque
1037 2620 1091 2660 ad
1113 2620 1335 2659 Socratem
1365 2617 1584 2669 confugio,
1606 2620 1654 2657 ut
1673 2616 1724 2656 il-

263 2686 347 2726 lius
368 2685 570 2740 exemplo
591 2685 671 2726 hoc
695 2686 935 2736 defendam,
959 2687 1032 2741 qui
1055 2699 1177 2740 saepc
1198 2687 1311 2727 serio
1334 2685 1449 2726 dicta
1468 2685 1621 2726 ironiae
1642 2685 1722 2725 iin-
