1888 3032
241 138 326 181 :2³08

283 246 325 277 60
361 244 665 284 lveclinga1oe,s·e.]
699 243 777 275 Hoc
804 247 857 275 est
886 247 952 275 ter-

240 296 325 327 tium
349 305 453 338 genus
478 294 770 336 sannae,1inguam
793 294 951 325 nimirum

240 347 434 388 longissime
464 355 644 384 exserere;
678 346 769 388 quod
799 346 950 377 Saxones

239 402 376 435 vocant,
391 398 507 437 Caput
520 396 644 428 Leonis
659 397 827 428 imitari.—
843 397 950 433 Quan-

239 453 317 487 tum,
332 447 439 488 sitiat]
464 447 506 479 Id
522 452 586 486 est,
613 449 784 481 Quantum
801 448 949 479 sitiendo

239 498 377 530 exserit.
394 516 438 521 -—
453 498 574 539 Apula]
613 499 663 530 Eo
695 498 792 538 dicit,
822 496 951 539 Apulia

238 549 326 580 enim
341 548 436 589 regio
452 553 505 580 est
527 548 743 589 calidissima,
764 549 853 580 unde
871 548 950 579 Siti-

239 600 355 630 culosa
388 598 514 630 dicitur
542 599 585 630 ab
618 599 950 640 Horatio.--Tautae]

239 649 319 680 Nou
343 649 446 680 aliter
469 649 700 680 membranae:
727 654 812 690 puto
836 653 950 680 tamen

238 700 411 741 scripsisse
424 700 596 739 Persium,
610 700 754 732 Tantum.
780 700 866 732 Quae
883 700 951 731 lec-

237 752 286 783 tio
304 755 339 783 et
355 751 549 792 elegantior
565 751 665 792 longe
683 755 737 782 est
753 755 789 781 et
804 750 951 791 planior.

238 803 287 834 Ut
317 802 473 833 nimirum
513 806 676 843 quantum
709 801 801 832 canis
831 801 949 833 sitiens

236 853 389 895 linguam
416 853 595 892 extendat,
623 857 728 883 tantae
753 852 854 883 etiam
882 853 951 884 sint

237 904 363 944 linguae
380 903 592 935 ardelionum
616 907 652 935 et
675 903 861 935 irrisorum.
890 903 950 934 Ca-

236 955 321 987 saub.
349 955 463 987 Dubia.

281 1009 321 1037 61
353 1006 428 1047 Vos]
453 1006 494 1037 Id
511 1010 577 1045 est,
593 1006 664 1036 Vos
680 1004 811 1036 nobiles
828 1005 950 1035 Roma-

237 1058 285 1098 ni,
307 1058 428 1099 quibus
453 1058 512 1089 illa
528 1057 679 1088 felicitas
695 1055 775 1088 Jani
792 1065 857 1086 non
873 1065 951 1086 con-

238 1117 336 1139 cessa
365 1112 432 1147 est,
460 1112 499 1139 ut
529 1107 586 1148 qui
618 1107 652 1137 in
684 1106 859 1144 anteriori,
885 1115 950 1136 non

238 1157 342 1188 etiam
358 1157 390 1188 in
408 1157 590 1198 posteriori
615 1161 714 1197 parte
732 1156 854 1197 eapitis
872 1165 951 1186 ocu-

238 1208 287 1240 los
306 1208 437 1249 geritis,
453 1218 494 1239 ne
512 1208 707 1238 adulatores
722 1211 799 1248 post
818 1211 951 1247 tergum

240 1267 298 1289 vos
322 1257 471 1289 ludibrio
499 1258 664 1296 habeant,
681 1257 801 1288 sedulo
818 1261 950 1288 cavete.

237 1309 368 1344 ——Quos
384 1309 496 1347 vivere,
511 1308 581 1349 spa]
606 1308 648 1339 Id
664 1312 731 1347 est,
748 1308 879 1341 Qui-bus
896 1317 951 1338 na-

239 1364 317 1390 tura
333 1359 442 1390 nullos
468 1360 583 1390 oculos
610 1359 644 1389 in
671 1358 831 1399 occipitio
848 1359 951 1389 collo-

239 1410 343 1449 cavit,
368 1414 404 1440 et
432 1410 481 1440 ita
503 1410 592 1440 ratio
620 1414 672 1439 est
695 1408 885 1448 apodoseos
909 1417 951 1438 ex

238 1460 421 1500 adjunctis,
434 1460 522 1501 quod
540 1459 682 1490 Romani
696 1458 796 1490 facile
811 1463 952 1499 possunt

238 1509 364 1550 decipi,
382 1509 574 1550 resipiscite
593 1519 674 1550 ergo
695 1514 731 1541 et
756 1509 952 1540 irrisoribus

239 1561 380 1600 posthae
409 1561 515 1592 nolite
545 1561 699 1592 credere.
731 1560 951 1591 Lubin.—Vz·-

237 1621 318 1651 rere,
348 1611 418 1651 Syn]
458 1612 551 1643 Quos
581 1612 745 1642 natalium
777 1610 950 1641 humilitas

237 1671 304 1692 non
321 1662 415 1702 cogit
439 1671 499 1702 spe
523 1661 666 1702 alicujus
690 1660 858 1692 commodi
873 1660 950 1691 scri-

238 1713 320 1743 bere
338 1722 377 1743 ac
399 1713 544 1743 recitare
559 1723 567 1743 2
595 1712 654 1743 sed
672 1712 753 1743 licet
770 1710 894 1742 famam
911 1711 951 1742 iis

238 1763 370 1794 artibus
386 1763 563 1804 quaesitam
580 1768 814 1802 contemnere,
831 1767 867 1794 et
882 1763 950 1793 exi-

242 1823 335 1845 mere
352 1824 409 1845 vos
433 1823 551 1845 eorum
576 1814 759 1854 cachinnis,
777 1813 833 1855 qui
854 1813 951 1844 'mise-

240 1875 296 1896 ros
323 1865 525 1896 recitatores
549 1865 661 1905 palam
686 1865 840 1905 laudant,
864 1866 951 1896 clam

238 1915 462 1947 subsannant.
512 1916 622 1947 Vivere
642 1916 769 1956 occipiti
790 1926 868 1946 coeco
890 1917 953 1946 illis

231 1965 299 2004 fas,
318 1966 374 2007 qui
391 1966 473 1997 nihil
488 1970 658 2006 coguntur
682 1966 877 2005 admittere,
894 1977 951 1997 cu-

232 2017 288 2055 jus
304 2016 416 2056 gratia
433 2020 553 2057 optare
571 2016 698 2048 debent
713 2017 794 2049 Jani
811 2018 926 2048 oculos
942 2027 950 2055 ;

239 2067 282 2098 de
298 2077 363 2108 quo
382 2068 482 2098 modo
499 2067 644 2099 (lictum.
675 2068 809 2099 Casaub.

283 2120 324 2148 62
350 2117 496 2154 I’osticoe,
511 2118 581 2157 Syn]
606 2117 647 2148 Id
664 2122 731 2156 est,
745 2118 951 2149 Obviamite

241 2172 277 2199 et
295 2168 445 2199 resistite
463 2168 511 2198 illi
527 2168 683 2206 irrisioni,
701 2178 776 2209 quae
793 2167 833 2199 fit
850 2179 869 2198 a
887 2174 953 2199 ter-

241 2221 470 2261 go.—Sannae]
496 2222 610 2252 Sanna
627 2226 691 2261 est,
709 2231 744 2252 os
761 2231 836 2252 eum
856 2222 951 2252 vultu

241 2272 424 2303 distortum
438 2282 500 2313 per
517 2273 720 2302 irrisionem.
751 2272 864 2303 Lubin.

283 2324 323 2351 63
351 2322 441 2361 Quis,
456 2321 526 2361 ἔγω]
544 2322 633 2352 Vani
651 2321 772 2353 Poe'tae
791 2331 951 2363 prosopo-

240 2371 340 2411 poeia,
383 2372 440 2411 qui
479 2372 692 2402 adulatorem
737 2373 949 2413 interrogat:

241 2420 332 2452 Quid
357 2421 499 2460 populus
523 2421 565 2451 de
590 2431 642 2452 me
664 2423 835 2464 loquitur?
883 2424 950 2455 Qui

243 2479 352 2502 sermo
368 2475 404 2502 et
423 2470 513 2511 quod
534 2471 703 2510 judicium
727 2473 816 2511 vulgi
839 2473 880 2503 de
896 2483 950 2503 me

240 2526 277 2552 et
290 2521 371 2551 meis
386 2521 593 2552 carminibus
605 2521 790 2561 ?——Populi]
816 2523 949 2552 Vanum

242 2572 358 2612 populi
372 2570 540 2611 judicium
554 2581 620 2601 nou
634 2581 675 2602 ex
695 2576 791 2602 certa
808 2571 949 2610 ratione,

241 2622 299 2652 sed
317 2631 359 2652 ex
375 2621 532 2661 opinione
550 2621 781 2662 proficiscens,
797 2626 833 2653 et
860 2622 949 2663 quod

243 2672 390 2712 optimus
408 2672 550 2713 quisque
574 2682 709 2713 semper
729 2673 948 2712 contempsit.

243 2722 367 2757 -Quts
381 2722 478 2763 enim]
504 2723 702 2764 Respondet
720 2723 835 2755 irrisor
851 2723 948 2754 donis

705 148 845 180 NOTAE
881 147 1149 179 VARIORUM
1183 147 1235 179 IN

1003 247 1106 284 atque
1133 242 1330 274 muneribus
1359 248 1552 285 corruptus.
1604 244 1710 278 Quasi

1002 293 1116 329 dicat:
1150 294 1235 326 Quis
1252 294 1340 325 enim
1356 295 1439 326 alius
1452 295 1494 326 tle
1510 296 1576 326 tuis
1588 296 1711 327 carmi·

1002 343 1101 375 nibus
1117 344 1234 385 populi
1247 354 1356 375 sermo
1367 349 1469 385 esset,
1479 345 1540 375 nisi
1554 345 1611 376 illa
1625 345 1712 377 adeo

1003 394 1122 435 polita,
1130 394 1214 425 adeo
1222 393 1376 435 perfecta
1385 399 1420 426 et
1432 395 1550 426 limata
1563 400 1662 436 esset,
1673 392 1716 427 ut'

1003 446 1057 476 vel
1073 445 1317 486 Momijudicio
1331 445 1414 476 nihil
1427 445 1517 485 addi,
1527 446 1607 476 nihil
1620 445 1710 478 demi

1001 497 1106 537 possit
1119 495 1249 527 ?—-Nisi
1269 496 1421 537 carmina,
1438 497 1507 538 ξω]
1530 497 1604 528 Nisi
1620 497 1712 539 quod

1002 547 1153 578 carmina
1180 551 1238 578 tua
1263 552 1401 578 currant
1421 551 1457 578 et
1479 546 1588 579 fluant
1612 558 1712 580 versu

1003 597 1092 629 facili
1111 603 1146 629 et
1165 597 1250 629 bene
1267 598 1459 638 conjuncto.
1490 598 1606 630 Lubin.

1044 652 1086 681 64
1110 649 1204 680 Molli
1220 647 1361 689 numero]
1388 647 1428 679 Id
1443 652 1508 689 est,
1523 649 1614 680 Mira
1630 648 1712 681 faei-

1002 699 1112 739 litate,
1129 699 1349 738 dexteritate,
1366 698 1399 729 in
1417 699 1539 740 quibus
1556 700 1638 731 nihil
1654 699 1714 731 du-

1004 761 1087 791 rum,
1101 750 1260 792 rigidum,
1273 752 1618 793 asperum.-Fluere]
1632 752 1712 784 Sine

1003 802 1072 833 ullo
1101 802 1218 833 labore
1246 812 1263 832 a
1290 806 1325 833 te
1353 803 1524 841 componi.
1552 803 1712 835 Lubin.—-

1004 853 1129 894 Fluere]
1153 852 1293 884 Judieia
1309 852 1502 883 auditorum
1519 853 1644 894 carpit,
1657 853 1713 894 qui

1003 912 1077 934 eam
1096 904 1201 934 solam
1218 902 1406 934 orationem
1424 902 1629 943 probabant,
1641 904 1712 934 sive

1004 953 1164 993 ἔμμετρον,
1200 954 1271 984 sive
1307 953 1452 993 ἄμετρον,
1490 963 1566 994 quae
1594 957 1714 985 tenera

1005 1005 1147 1045 quadam
1165 1004 1367 1035 elocutionis
1378 1009 1461 1035 vcute
1474 1009 1564 1036 esset
1578 1008 1712 1045 operta.

1006 1056 1178 1087 Casanbon.
1204 1057 1266 1087 Est
1283 1065 1364 1097 ergo
1379 1056 1432 1087 hic
1450 1066 1587 1087 sensus:
1612 1054 1713 1087 Adeo

1003 1107 1111 1147 polita
1138 1112 1215 1138 sunt
1233 1112 1292 1137 tua
1316 1106 1476 1147 carmina,
1499 1111 1536 1138 ut
1560 1107 1655 1138 velut
1675 1106 1713 1137 in

1002 1158 1238 1197 marmoribus,
1249 1157 1411 1198 quidquid
1425 1157 1713 1197 ‹lextrejunctum

1004 1213 1038 1239 et
1056 1213 1253 1249 coaptatum
1280 1213 1345 1247 est,
1363 1213 1398 1239 et
1414 1206 1540 1238 affabre
1558 1207 1712 1238 commis-

1004 1269 1090 1298 sum,
1111 1265 1145 1290 et
1168 1260 1259 1290 nulla
1280 1259 1468 1299 asperitate
1493 1258 1614 1288 relicta
1637 1265 1713 1298 per·-

1002 1311 1087 1341 laeve
1105 1315 1139 1341 et
1157 1309 1365 1350 perpolitum
1381 1312 1433 1339 est
1450 1307 1668 1349 etjunctum,
1686 1308 1714 1339 si

1003 1360 1169 1400 unguibus
1200 1364 1427 1400 pertentetur,
1452 1368 1581 1399 ungues
1609 1358 1713 1389 etiam

1002 1421 1137 1442 severos
1156 1416 1191 1441 et
1209 1414 1370 1441 accurate
1388 1410 1598 1450 inquirentes
1613 1409 1710 1449 etju-

1003 1462 1169 1500 dicantes,
1188 1471 1254 1491 non
1280 1460 1497 1497 intromittit,
1521 1459 1580 1490 sed
1608 1457 1713 1490 effun-

1003 1513 1067 1551 dit,
1085 1517 1119 1543 et
1144 1511 1358 1550 transmittit,
1375 1515 1412 1542 ut
1438 1511 1530 1541 nulla
1547 1511 1714 1551 junctura

1003 1563 1193 1594 sentiatur:
1230 1562 1278 1593 ita
1307 1563 1340 1592 iu
1369 1562 1614 1601 compositione
1639 1571 1713 1592 ver-

1003 1620 1096 1643 suum
1115 1618 1249 1644 tuorum
1267 1613 1359 1643 nulla
1372 1616 1423 1642 est
1436 1612 1663 1653 inaequalitas,
1677 1616 1714 1643 et

1002 1664 1050 1694 illi
1066 1670 1226 1694 exactum
1252 1663 1453 1694 Criticoruui
1472 1662 1643 1702 jud-icium
1663 1661 1713 1694 fa-

1002 1713 1067 1743 cile
1084 1713 1265 1744 sustinent.
1312 1713 1409 1744 Ordo
1432 1718 1542 1744 autem
1560 1718 1633 1744 est:
1664 1715 1713 1745 Ut

995 1765 1158 1806 ⁸iunctura
1183 1766 1253 1806 (vel
1276 1766 1496 1796 commissura
1516 1765 1713 1804 marmoris)

1002 1814 1146 1846 effundit
1172 1825 1300 1856 ungues
1324 1825 1471 1852 severos,
1491 1825 1549 1856 per
1568 1816 1653 1856 loeve,
1676 1815 1710 1846 id

1002 1870 1066 1905 est,
1091 1876 1152 1906 per
1177 1866 1322 1906 politum
1348 1873 1382 1897 et
1408 1867 1600 1907 laevigatnm
1625 1875 1712 1897 mar-

1001 1917 1334 1957 mor,transmissos:
1360 1918 1578 1948 velutautem
1589 1916 1710 1957 unguis

1001 1977 1068 1998 non
1082 1967 1324 1998 intromittitur
1337 1967 1370 1997 in
1384 1966 1650 2005 commissuram,
1665 1966 1709 1996 ob

1003 2018 1210 2058 aptissimam
1228 2017 1500 2058 conjunctionem
1515 2028 1522 2047 :
1544 2017 1593 2047 ita
1606 2016 1710 2048 etiam

1002 2078 1144 2099 censura
1172 2068 1225 2098 vel
1248 2067 1417 2108 judicium
1444 2067 1647 2099 Criticorum
1675 2067 1710 2098 in

1002 2127 1138 2149 carmen
1150 2128 1217 2148 non
1234 2117 1440 2157 admittitur,
1455 2118 1498 2149 ob
1514 2122 1709 2150 accuratam

1001 2169 1298 2210 compositionem.
1323 2169 1436 2200 Lubin.

1045 2223 1085 2252 65
1111 2219 1282 2260 Effiindat]
1308 2220 1386 2250 Non
1412 2219 1630 2256 intromittat,
1648 2219 1708 2250 sed

1001 2271 1175 2308 excludat,
1185 2280 1259 2301 curu
1277 2271 1367 2301 nulla
1380 2270 1426 2300 ibi
1440 2269 1536 2308 rima,
1549 2270 1710 2309 x⁷eljunc-

1002 2326 1089 2351 turae
1123 2320 1305 2360 vestigium
1336 2325 1515 2360 appareat.
1567 2320 1709 2351 Mallem

1002 2370 1170 2411 Effmzdit:
1194 2370 1235 2401 Id
1252 2374 1316 2407 est,
1346 2370 1423 2401 Non
1450 2376 1638 2401 remoratur
1653 2369 1708 2399 vel

1001 2421 1145 2461 impedit
1162 2431 1288 2460 ungues
1300 2431 1359 2461 per
1375 2430 1521 2451 marmor
1535 2418 1707 2450 transmis-

1001 2480 1053 2501 sos
1071 2472 1164 2501 nulla
1187 2472 1346 2502 obstante
1372 2469 1707 2511 asperitate-Sere-

999 2520 1064 2559 ros]
1088 2522 1235 2551 Severum
1262 2531 1431 2559 vocamus,
1456 2520 1513 2561 qui
1534 2520 1705 2560 justitiam

1000 2570 1041 2600 ad
1061 2580 1206 2610 unguem
1235 2571 1286 2600 vel
1312 2571 1354 2600 ad
1383 2571 1495 2600 vivum
1523 2574 1707 2601 resecat.—

998 2619 1170 2659 Janctura]
1203 2619 1400 2660 Allegorice
1427 2621 1706 2661 compositionem

1001 2678 1156 2699 versuum
1180 2670 1251 2699 sine
1276 2670 1343 2699 ulla
1365 2671 1550 2710 asperitate
1575 2675 1610 2701 et
1627 2670 1705 2701 inae-

1000 2720 1162 2762 qualitate
1173 2720 1407 2761 politissimam
1421 2721 1636 2763 intelligit.-—
1643 2722 1706 2753 Un-
