<?xml version="1.0" encoding="UTF-8"?>
<!DOCTYPE html PUBLIC "-//W3C//DTD XHTML 1.0 Transitional//EN"
    "http://www.w3.org/TR/xhtml1/DTD/xhtml1-transitional.dtd">
<html xmlns="http://www.w3.org/1999/xhtml" xml:lang="en" lang="en">
 <head>
  <title>
</title>
<meta http-equiv="Content-Type" content="text/html;charset=utf-8" />
  <meta name='ocr-system' content='tesseract 3.04.00' />
  <meta name='ocr-capabilities' content='ocr_page ocr_carea ocr_par ocr_line ocrx_word'/>
</head>
<body>
  <div class='ocr_page' id='page_1' title='image "./operaomnia00persuoft_0300.png"; bbox 0 0 1888 3032; ppageno 0'>
   <div class='ocr_carea' id='block_1_1' title="bbox 217 130 1224 174">
    <p class='ocr_par' dir='ltr' id='par_1_1' title="bbox 217 130 1224 174">
     <span class='ocr_line' id='line_1_1' title="bbox 217 130 1224 174; baseline -0.01 0"><span class='ocrx_word' id='word_1_1' title='bbox 217 130 303 174; x_wconf 77' lang='lat'>:288</span> <span class='ocrx_word' id='word_1_2' title='bbox 689 135 896 167; x_wconf 75' lang='grc' dir='ltr'>ΝοΤιΤιΑ</span> <span class='ocrx_word' id='word_1_3' title='bbox 930 135 1224 166; x_wconf 64' lang='lat' dir='ltr'>mrnaARiA.</span> 
     </span>
    </p>
   </div>
   <div class='ocr_carea' id='block_1_2' title="bbox 458 242 1450 353">
    <p class='ocr_par' dir='ltr' id='par_1_2' title="bbox 458 242 1450 353">
     <span class='ocr_line' id='line_1_2' title="bbox 458 242 1450 287; baseline -0.004 -7"><span class='ocrx_word' id='word_1_4' title='bbox 458 249 526 281; x_wconf 90' lang='lat' dir='ltr'>Sub</span> <span class='ocrx_word' id='word_1_5' title='bbox 543 247 645 279; x_wconf 82' lang='lat' dir='ltr'>finem</span> <span class='ocrx_word' id='word_1_6' title='bbox 659 245 718 278; x_wconf 89' lang='lat' dir='ltr'>fol.</span> <span class='ocrx_word' id='word_1_7' title='bbox 733 249 786 278; x_wconf 76' lang='lat'>24.</span> <span class='ocrx_word' id='word_1_8' title='bbox 804 244 857 287; x_wconf 85' lang='lat' dir='ltr'>(a)</span> <span class='ocrx_word' id='word_1_9' title='bbox 873 244 942 287; x_wconf 88' lang='lat' dir='ltr'>(tot</span> <span class='ocrx_word' id='word_1_10' title='bbox 966 243 1056 276; x_wconf 89' lang='lat' dir='ltr'>enim</span> <span class='ocrx_word' id='word_1_11' title='bbox 1078 244 1184 275; x_wconf 86' lang='lat' dir='ltr'>habet</span> <span class='ocrx_word' id='word_1_12' title='bbox 1200 242 1286 286; x_wconf 88' lang='lat' dir='ltr'>Ms.)</span> <span class='ocrx_word' id='word_1_13' title='bbox 1303 243 1427 286; x_wconf 79' lang='lat' dir='ltr'>legitur</span> <span class='ocrx_word' id='word_1_14' title='bbox 1439 254 1450 276; x_wconf 69' lang='grc' dir='ltr'><em>τ</em></span> 
     </span>
     <span class='ocr_line' id='line_1_3' title="bbox 643 319 1263 353; baseline -0.003 0"><span class='ocrx_word' id='word_1_15' title='bbox 643 320 687 353; x_wconf 89' lang='grc' dir='ltr'>Α.</span> <span class='ocrx_word' id='word_1_16' title='bbox 706 321 819 353; x_wconf 85' lang='lat' dir='ltr'>Persii</span> <span class='ocrx_word' id='word_1_17' title='bbox 836 320 952 352; x_wconf 83' lang='lat' dir='ltr'>Flacci</span> <span class='ocrx_word' id='word_1_18' title='bbox 968 321 1158 352; x_wconf 83' lang='lat' dir='ltr'>Satirarum</span> <span class='ocrx_word' id='word_1_19' title='bbox 1175 319 1263 352; x_wconf 79' lang='lat' dir='ltr'>finis.</span> 
     </span>
    </p>
   </div>
   <div class='ocr_carea' id='block_1_3' title="bbox 384 394 1522 439">
    <p class='ocr_par' dir='ltr' id='par_1_3' title="bbox 384 394 1522 439">
     <span class='ocr_line' id='line_1_4' title="bbox 384 394 1522 439; baseline -0.004 -10"><span class='ocrx_word' id='word_1_20' title='bbox 384 398 468 430; x_wconf 90' lang='lat' dir='ltr'>Tum</span> <span class='ocrx_word' id='word_1_21' title='bbox 482 397 676 439; x_wconf 80' lang='lat' dir='ltr'>subjicitur,</span> <span class='ocrx_word' id='word_1_22' title='bbox 690 397 782 438; x_wconf 92' lang='lat' dir='ltr'>quod</span> <span class='ocrx_word' id='word_1_23' title='bbox 800 397 966 428; x_wconf 76' lang='lat' dir='ltr'>Palatinis</span> <span class='ocrx_word' id='word_1_24' title='bbox 983 400 1080 427; x_wconf 87' lang='lat' dir='ltr'>certe</span> <span class='ocrx_word' id='word_1_25' title='bbox 1096 395 1188 427; x_wconf 84' lang='lat' dir='ltr'>haud</span> <span class='ocrx_word' id='word_1_26' title='bbox 1205 395 1378 437; x_wconf 85' lang='lat' dir='ltr'>ingratum</span> <span class='ocrx_word' id='word_1_27' title='bbox 1395 394 1500 427; x_wconf 87' lang='lat' dir='ltr'>fuerit</span> <span class='ocrx_word' id='word_1_28' title='bbox 1514 407 1522 426; x_wconf 77' lang='lat'>2</span> 
     </span>
    </p>
   </div>
   <div class='ocr_carea' id='block_1_4' title="bbox 221 458 1690 612">
    <p class='ocr_par' dir='ltr' id='par_1_4' title="bbox 221 458 1690 612">
     <span class='ocr_line' id='line_1_5' title="bbox 265 458 1690 504; baseline -0.005 -8"><span class='ocrx_word' id='word_1_29' title='bbox 265 463 535 497; x_wconf 86' lang='lat' dir='ltr'>Illustrissimum</span> <span class='ocrx_word' id='word_1_30' title='bbox 571 462 764 504; x_wconf 81' lang='lat' dir='ltr'><strong>principem</strong></span> <span class='ocrx_word' id='word_1_31' title='bbox 799 460 999 501; x_wconf 85' lang='lat' dir='ltr'>Philippum</span> <span class='ocrx_word' id='word_1_32' title='bbox 1023 459 1183 491; x_wconf 76' lang='lat' dir='ltr'>comitem</span> <span class='ocrx_word' id='word_1_33' title='bbox 1207 459 1395 500; x_wconf 87' lang='lat' dir='ltr'>palatinum</span> <span class='ocrx_word' id='word_1_34' title='bbox 1420 458 1528 490; x_wconf 86' lang='lat' dir='ltr'>Rheni</span> <span class='ocrx_word' id='word_1_35' title='bbox 1561 462 1597 490; x_wconf 87' lang='lat' dir='ltr'>et</span> <span class='ocrx_word' id='word_1_36' title='bbox 1630 458 1690 490; x_wconf 87' lang='lat' dir='ltr'>‹lu-</span> 
     </span>
     <span class='ocr_line' id='line_1_6' title="bbox 221 512 1690 556; baseline -0.005 -6"><span class='ocrx_word' id='word_1_37' title='bbox 221 528 296 551; x_wconf 84' lang='lat' dir='ltr'>cem</span> <span class='ocrx_word' id='word_1_38' title='bbox 320 518 465 549; x_wconf 84' lang='lat' dir='ltr'>Bavarie</span> <span class='ocrx_word' id='word_1_39' title='bbox 488 517 576 548; x_wconf 81' lang='lat' dir='ltr'>sacri</span> <span class='ocrx_word' id='word_1_40' title='bbox 591 516 732 548; x_wconf 86' lang='lat' dir='ltr'>Romani</span> <span class='ocrx_word' id='word_1_41' title='bbox 748 515 890 556; x_wconf 84' lang='lat' dir='ltr'>Imperii</span> <span class='ocrx_word' id='word_1_42' title='bbox 907 512 1195 555; x_wconf 79' lang='lat' dir='ltr'>arcliidapiferum</span> <span class='ocrx_word' id='word_1_43' title='bbox 1214 513 1406 554; x_wconf 88' lang='lat' dir='ltr'>principem</span> <span class='ocrx_word' id='word_1_44' title='bbox 1424 513 1612 544; x_wconf 80' lang='lat' dir='ltr'>electorem</span> <span class='ocrx_word' id='word_1_45' title='bbox 1635 521 1690 544; x_wconf 75' lang='lat' dir='ltr'>ac-</span> 
     </span>
     <span class='ocr_line' id='line_1_7' title="bbox 221 570 885 612; baseline -0.006 -8"><span class='ocrx_word' id='word_1_46' title='bbox 221 572 324 604; x_wconf 86' lang='lat' dir='ltr'>cedat</span> <span class='ocrx_word' id='word_1_47' title='bbox 334 571 377 603; x_wconf 91' lang='lat' dir='ltr'>ad</span> <span class='ocrx_word' id='word_1_48' title='bbox 388 571 550 612; x_wconf 81' lang='lat' dir='ltr'>Callopen</span> <span class='ocrx_word' id='word_1_49' title='bbox 563 580 701 603; x_wconf 87' lang='lat' dir='ltr'>carmen</span> <span class='ocrx_word' id='word_1_50' title='bbox 710 570 885 602; x_wconf 83' lang='lat' dir='ltr'>heroicum</span> 
     </span>
    </p>
   </div>
   <div class='ocr_carea' id='block_1_5' title="bbox 607 633 1291 729">
    <p class='ocr_par' dir='ltr' id='par_1_5' title="bbox 607 633 1291 729">
     <span class='ocr_line' id='line_1_8' title="bbox 607 633 1291 674; baseline -0.006 -7"><span class='ocrx_word' id='word_1_51' title='bbox 607 634 841 667; x_wconf 87' lang='lat' dir='ltr'>Illustrissimo</span> <span class='ocrx_word' id='word_1_52' title='bbox 859 633 1014 674; x_wconf 85' lang='lat' dir='ltr'>Principi</span> <span class='ocrx_word' id='word_1_53' title='bbox 1034 633 1211 674; x_wconf 87' lang='lat' dir='ltr'>Philippo,</span> <span class='ocrx_word' id='word_1_54' title='bbox 1225 634 1291 664; x_wconf 75' lang='grc' dir='ltr'>ὄις.</span> 
     </span>
     <span class='ocr_line' id='line_1_9' title="bbox 689 686 1196 729; baseline -0.008 -9"><span class='ocrx_word' id='word_1_55' title='bbox 689 689 757 721; x_wconf 90' lang='lat' dir='ltr'>Suo</span> <span class='ocrx_word' id='word_1_56' title='bbox 770 686 921 729; x_wconf 82' lang='lat' dir='ltr'>genitori</span> <span class='ocrx_word' id='word_1_57' title='bbox 936 686 1114 726; x_wconf 83' lang='lat' dir='ltr'>Ludwico,</span> <span class='ocrx_word' id='word_1_58' title='bbox 1130 687 1196 717; x_wconf 67' lang='grc' dir='ltr'>διο.</span> 
     </span>
    </p>
   </div>
   <div class='ocr_carea' id='block_1_6' title="bbox 867 751 1045 783">
    <p class='ocr_par' dir='ltr' id='par_1_6' title="bbox 867 751 1045 783">
     <span class='ocr_line' id='line_1_10' title="bbox 867 751 1045 783; baseline -0.006 0"><span class='ocrx_word' id='word_1_59' title='bbox 867 752 902 783; x_wconf 91' lang='lat' dir='ltr'>S.</span> <span class='ocrx_word' id='word_1_60' title='bbox 929 752 972 782; x_wconf 90' lang='lat' dir='ltr'>P.</span> <span class='ocrx_word' id='word_1_61' title='bbox 996 751 1045 782; x_wconf 88' lang='lat' dir='ltr'>D.</span> 
     </span>
    </p>
   </div>
   <div class='ocr_carea' id='block_1_7' title="bbox 480 811 1432 964">
    <p class='ocr_par' dir='ltr' id='par_1_7' title="bbox 480 811 1432 964">
     <span class='ocr_line' id='line_1_11' title="bbox 481 811 1432 859; baseline -0.011 -8"><span class='ocrx_word' id='word_1_62' title='bbox 481 817 518 851; x_wconf 87' lang='lat' dir='ltr'>Si</span> <span class='ocrx_word' id='word_1_63' title='bbox 534 818 651 859; x_wconf 86' lang='lat' dir='ltr'>placet</span> <span class='ocrx_word' id='word_1_64' title='bbox 665 817 725 848; x_wconf 86' lang='lat' dir='ltr'>has</span> <span class='ocrx_word' id='word_1_65' title='bbox 749 825 905 848; x_wconf 84' lang='lat' dir='ltr'>reserans</span> <span class='ocrx_word' id='word_1_66' title='bbox 929 814 1064 855; x_wconf 86' lang='lat' dir='ltr'>genitor</span> <span class='ocrx_word' id='word_1_67' title='bbox 1087 812 1272 844; x_wconf 83' lang='lat' dir='ltr'>clarissime</span> <span class='ocrx_word' id='word_1_68' title='bbox 1295 811 1432 843; x_wconf 74' lang='lat' dir='ltr'>chartas</span> 
     </span>
     <span class='ocr_line' id='line_1_12' title="bbox 480 866 1422 912; baseline -0.008 -9"><span class='ocrx_word' id='word_1_69' title='bbox 480 872 609 904; x_wconf 86' lang='lat' dir='ltr'>Nostre</span> <span class='ocrx_word' id='word_1_70' title='bbox 626 870 799 912; x_wconf 78' lang='lat' dir='ltr'>primicias</span> <span class='ocrx_word' id='word_1_71' title='bbox 814 870 914 900; x_wconf 90' lang='lat' dir='ltr'>Muse</span> <span class='ocrx_word' id='word_1_72' title='bbox 930 868 993 899; x_wconf 90' lang='lat' dir='ltr'>hec</span> <span class='ocrx_word' id='word_1_73' title='bbox 1011 867 1087 908; x_wconf 88' lang='lat' dir='ltr'>lege</span> <span class='ocrx_word' id='word_1_74' title='bbox 1104 866 1256 897; x_wconf 87' lang='lat' dir='ltr'>carmina</span> <span class='ocrx_word' id='word_1_75' title='bbox 1270 876 1277 896; x_wconf 75' lang='grc' dir='ltr'>ε</span> <span class='ocrx_word' id='word_1_76' title='bbox 1301 869 1422 897; x_wconf 85' lang='lat' dir='ltr'>nostra</span> 
     </span>
     <span class='ocr_line' id='line_1_13' title="bbox 480 918 1310 964; baseline -0.007 -8"><span class='ocrx_word' id='word_1_77' title='bbox 480 924 517 956; x_wconf 84' lang='lat' dir='ltr'>Si</span> <span class='ocrx_word' id='word_1_78' title='bbox 534 925 602 956; x_wconf 87' lang='lat' dir='ltr'>sint</span> <span class='ocrx_word' id='word_1_79' title='bbox 618 923 778 963; x_wconf 81' lang='lat' dir='ltr'>dicenda,</span> <span class='ocrx_word' id='word_1_80' title='bbox 792 932 867 964; x_wconf 86' lang='lat' dir='ltr'>quae</span> <span class='ocrx_word' id='word_1_81' title='bbox 884 931 927 953; x_wconf 88' lang='lat' dir='ltr'>ex</span> <span class='ocrx_word' id='word_1_82' title='bbox 946 929 1046 962; x_wconf 85' lang='lat' dir='ltr'>prosa</span> <span class='ocrx_word' id='word_1_83' title='bbox 1062 919 1214 952; x_wconf 86' lang='lat' dir='ltr'>carmina</span> <span class='ocrx_word' id='word_1_84' title='bbox 1230 918 1310 951; x_wconf 89' lang='lat' dir='ltr'>feci.</span> 
     </span>
    </p>
   </div>
   <div class='ocr_carea' id='block_1_8' title="bbox 885 987 985 1018">
    <p class='ocr_par' dir='ltr' id='par_1_8' title="bbox 885 987 985 1018">
     <span class='ocr_line' id='line_1_14' title="bbox 885 987 985 1018; baseline -0.01 0"><span class='ocrx_word' id='word_1_85' title='bbox 885 987 971 1018; x_wconf 83' lang='lat' dir='ltr'>Vale</span> <span class='ocrx_word' id='word_1_86' title='bbox 977 1009 985 1017; x_wconf 94' lang='lat'><strong>.</strong></span> 
     </span>
    </p>
   </div>
   <div class='ocr_carea' id='block_1_9' title="bbox 482 1047 1417 1201">
    <p class='ocr_par' dir='ltr' id='par_1_9' title="bbox 482 1047 1417 1201">
     <span class='ocr_line' id='line_1_15' title="bbox 482 1047 1382 1094; baseline -0.007 -9"><span class='ocrx_word' id='word_1_87' title='bbox 482 1053 518 1084; x_wconf 84' lang='lat' dir='ltr'>Si</span> <span class='ocrx_word' id='word_1_88' title='bbox 535 1054 652 1094; x_wconf 88' lang='lat' dir='ltr'>placet</span> <span class='ocrx_word' id='word_1_89' title='bbox 663 1053 724 1085; x_wconf 84' lang='lat' dir='ltr'>has</span> <span class='ocrx_word' id='word_1_90' title='bbox 741 1053 877 1084; x_wconf 85' lang='lat' dir='ltr'>chartas</span> <span class='ocrx_word' id='word_1_91' title='bbox 891 1051 1076 1083; x_wconf 86' lang='lat' dir='ltr'>clementia</span> <span class='ocrx_word' id='word_1_92' title='bbox 1091 1054 1208 1081; x_wconf 87' lang='lat' dir='ltr'>vestra</span> <span class='ocrx_word' id='word_1_93' title='bbox 1222 1047 1382 1081; x_wconf 84' lang='lat' dir='ltr'>recludat</span> 
     </span>
     <span class='ocr_line' id='line_1_16' title="bbox 482 1104 1417 1147; baseline -0.006 -9"><span class='ocrx_word' id='word_1_94' title='bbox 482 1106 632 1138; x_wconf 81' lang='lat' dir='ltr'>Illustris</span> <span class='ocrx_word' id='word_1_95' title='bbox 647 1107 809 1147; x_wconf 88' lang='lat' dir='ltr'>princeps</span> <span class='ocrx_word' id='word_1_96' title='bbox 825 1109 926 1146; x_wconf 83' lang='lat' dir='ltr'>pater</span> <span class='ocrx_word' id='word_1_97' title='bbox 941 1108 976 1135; x_wconf 86' lang='lat' dir='ltr'>et</span> <span class='ocrx_word' id='word_1_98' title='bbox 992 1105 1086 1144; x_wconf 82' lang='lat' dir='ltr'>legat</span> <span class='ocrx_word' id='word_1_99' title='bbox 1098 1104 1161 1135; x_wconf 87' lang='lat' dir='ltr'>hec</span> <span class='ocrx_word' id='word_1_100' title='bbox 1178 1106 1287 1134; x_wconf 81' lang='lat' dir='ltr'>metra</span> <span class='ocrx_word' id='word_1_101' title='bbox 1300 1105 1417 1133; x_wconf 86' lang='lat' dir='ltr'>nostra</span> 
     </span>
     <span class='ocr_line' id='line_1_17' title="bbox 485 1154 1307 1201; baseline -0.006 -10"><span class='ocrx_word' id='word_1_102' title='bbox 485 1160 522 1191; x_wconf 88' lang='lat' dir='ltr'>Si</span> <span class='ocrx_word' id='word_1_103' title='bbox 537 1160 607 1191; x_wconf 84' lang='lat' dir='ltr'>sint</span> <span class='ocrx_word' id='word_1_104' title='bbox 622 1159 778 1200; x_wconf 82' lang='lat' dir='ltr'>dicenda,</span> <span class='ocrx_word' id='word_1_105' title='bbox 794 1169 869 1201; x_wconf 83' lang='lat' dir='ltr'>quae</span> <span class='ocrx_word' id='word_1_106' title='bbox 886 1168 929 1190; x_wconf 84' lang='lat' dir='ltr'>ex</span> <span class='ocrx_word' id='word_1_107' title='bbox 947 1166 1049 1200; x_wconf 86' lang='lat' dir='ltr'>prosa</span> <span class='ocrx_word' id='word_1_108' title='bbox 1065 1156 1214 1188; x_wconf 86' lang='lat' dir='ltr'>carmina</span> <span class='ocrx_word' id='word_1_109' title='bbox 1229 1154 1307 1187; x_wconf 88' lang='lat' dir='ltr'>feci.</span> 
     </span>
    </p>
   </div>
   <div class='ocr_carea' id='block_1_10' title="bbox 226 1228 1691 1380">
    <p class='ocr_par' dir='ltr' id='par_1_10' title="bbox 226 1228 1691 1380">
     <span class='ocr_line' id='line_1_18' title="bbox 270 1228 1691 1278; baseline -0.006 -10"><span class='ocrx_word' id='word_1_110' title='bbox 270 1235 344 1269; x_wconf 85' lang='lat' dir='ltr'>Fol.</span> <span class='ocrx_word' id='word_1_111' title='bbox 370 1238 424 1268; x_wconf 77' lang='lat'>24.</span> <span class='ocrx_word' id='word_1_112' title='bbox 451 1234 520 1278; x_wconf 90' lang='lat' dir='ltr'>(b.)</span> <span class='ocrx_word' id='word_1_113' title='bbox 538 1245 614 1277; x_wconf 86' lang='lat' dir='ltr'>quae</span> <span class='ocrx_word' id='word_1_114' title='bbox 632 1236 752 1267; x_wconf 82' lang='lat' dir='ltr'>ultima</span> <span class='ocrx_word' id='word_1_115' title='bbox 774 1239 829 1266; x_wconf 85' lang='lat' dir='ltr'>est</span> <span class='ocrx_word' id='word_1_116' title='bbox 852 1244 931 1276; x_wconf 86' lang='lat' dir='ltr'>pag.</span> <span class='ocrx_word' id='word_1_117' title='bbox 985 1232 1104 1275; x_wconf 87' lang='lat' dir='ltr'>(credo</span> <span class='ocrx_word' id='word_1_118' title='bbox 1130 1228 1423 1272; x_wconf 83' lang='lat' dir='ltr'>Rohrbaceusem)</span> <span class='ocrx_word' id='word_1_119' title='bbox 1440 1229 1572 1262; x_wconf 86' lang='lat' dir='ltr'>ludicra</span> <span class='ocrx_word' id='word_1_120' title='bbox 1596 1239 1621 1262; x_wconf 88' lang='lat' dir='ltr'>s.</span> <span class='ocrx_word' id='word_1_121' title='bbox 1644 1230 1691 1261; x_wconf 86' lang='lat' dir='ltr'>in-</span> 
     </span>
     <span class='ocr_line' id='line_1_19' title="bbox 226 1281 1605 1329; baseline -0.005 -10"><span class='ocrx_word' id='word_1_122' title='bbox 226 1297 366 1329; x_wconf 71' lang='lat' dir='ltr'>aspersa</span> <span class='ocrx_word' id='word_1_123' title='bbox 378 1287 538 1328; x_wconf 83' lang='lat' dir='ltr'>leguntur</span> <span class='ocrx_word' id='word_1_124' title='bbox 546 1286 640 1318; x_wconf 83' lang='lat' dir='ltr'>varia</span> <span class='ocrx_word' id='word_1_125' title='bbox 652 1285 739 1317; x_wconf 83' lang='lat' dir='ltr'>Adae</span> <span class='ocrx_word' id='word_1_126' title='bbox 751 1285 932 1317; x_wconf 87' lang='lat' dir='ltr'>Wernheri</span> <span class='ocrx_word' id='word_1_127' title='bbox 987 1283 1134 1325; x_wconf 82' lang='lat' dir='ltr'>vectiva,</span> <span class='ocrx_word' id='word_1_128' title='bbox 1150 1291 1225 1325; x_wconf 85' lang='lat' dir='ltr'>quae</span> <span class='ocrx_word' id='word_1_129' title='bbox 1241 1281 1324 1314; x_wconf 87' lang='lat' dir='ltr'>nihil</span> <span class='ocrx_word' id='word_1_130' title='bbox 1337 1281 1402 1314; x_wconf 84' lang='lat' dir='ltr'>huc</span> <span class='ocrx_word' id='word_1_131' title='bbox 1419 1281 1605 1324; x_wconf 86' lang='lat' dir='ltr'>pertinent.</span> 
     </span>
     <span class='ocr_line' id='line_1_20' title="bbox 226 1336 931 1380; baseline -0.004 -10"><span class='ocrx_word' id='word_1_132' title='bbox 226 1339 259 1370; x_wconf 87' lang='lat' dir='ltr'>in</span> <span class='ocrx_word' id='word_1_133' title='bbox 298 1337 468 1380; x_wconf 86' lang='lat' dir='ltr'>quendam</span> <span class='ocrx_word' id='word_1_134' title='bbox 511 1336 931 1380; x_wconf 81' lang='lat' dir='ltr'>Augustinum-Brechtel,</span> 
     </span>
    </p>
   </div>
  </div>
 </body>
</html>
