1888 3032
778 147 807 176 A
842 146 1021 175 mensu.
1542 135 1630 177 299

217 247 314 286 chen
336 247 529 285 iibersezt.
579 252 616 285 Q.
644 245 735 283 Eine
758 246 1023 295 Abliantllung
1043 259 1119 282 von
1145 244 1216 283 der
1235 243 1467 283 Satirisclien
1493 244 1626 281 Poesie

217 312 286 350 der
305 311 500 349 Griechen
520 311 596 349 und
619 310 684 348 der
705 311 828 348 Satin-e
849 311 916 347 der
938 312 1104 355 lloemer,
1128 323 1200 347 von
1220 310 1308 347 Joh.
1327 309 1429 346 Dan.
1448 306 1628 359 Heyden.

219 375 388 426 Leipzig,
413 376 484 426 bey
511 376 649 413 B.=Ch.
674 374 889 424 Breitkopf.
922 382 957 412 ὃ.

169 444 267 483 1775
299 439 371 476 Die
392 440 538 477 Satiren
575 439 642 475 (les
667 439 784 475 Aulus
808 438 960 475 Persius
992 438 1166 482 Flaccus,
1198 443 1338 474 sammt
1362 436 1466 474 einer
1491 436 1626 474 erklae-

216 503 357 540 renden
381 504 672 553 Uebersezung.
719 502 858 547 Berlin,
882 503 953 552 bey
977 503 1110 552 Georg
1129 502 1252 539 Jacob
1275 500 1435 538 Derker.
1470 506 1506 539 8.

784 608 1006 636 ΑΝΟΙΛΟΑ.

166 673 265 719 1697
295 674 445 711 Persius
467 687 512 710 ex
531 673 760 723 metaphrasi
783 673 1187 722 praestantissimorum
1204 678 1404 724 poetarum
1423 673 1625 724 Diepneyi,

217 738 418 788 Drydenii,
441 737 619 776 Creecliii
651 744 688 774 et
718 738 934 787 Congrevii‚
958 752 1047 776 cum
1079 738 1179 776 notis
1213 745 1251 776 et
1282 738 1373 776 diss.
1396 738 1444 775 de
1473 744 1625 784 natura,

217 802 360 851 origine
381 808 418 840 et
442 815 645 852 progressu
667 801 813 839 Satirae.
863 801 954 839 Vid.
979 801 1128 840 Fabric.

753 908 1030 936 HISPANICAE.

167 970 266 1017 1609
297 973 463 1017 Persius,
485 973 690 1023 interprete
712 973 864 1010 Didaco
886 974 1018 1024 Lopez
1038 972 1254 1017 Valentino,
1278 972 1428 1022 Burgis.
1465 977 1500 1009 8.
1532 972 1627 1009 Ver·

215 1036 361 1073 sionem
383 1049 540 1087 quoque
562 1036 732 1075 Barthol.
756 1037 973 1088 Melgareji,
996 1036 1062 1074 sed
1097 1035 1297 1082 ineditam,
1328 1043 1517 1074 memorat
1534 1036 1625 1074 Nic.

215 1100 422 1138 Antonius.

784 1210 998 1238 ITALICAE.

164 1273 265 1318 1576
295 1275 348 1312 Le
369 1274 614 1312 oscurissime
635 1274 754 1312 satire
776 1275 814 1311 di
834 1275 966 1312 Persio
989 1288 1063 1312 con
1084 1276 1120 1313 la
1141 1275 1383 1313 chiarissima
1411 1275 1622 1326 spositione

213 1339 254 1376 di
275 1339 444 1377 Giovani
463 1339 633 1377 Antonio
654 1339 826 1377 Vallone.
876 1340 1030 1389 Napoli.
1064 1345 1098 1378 8.

165 1402 266 1441 1630
296 1403 562 1452 Metaphrasin
583 1403 702 1440 Persii
734 1416 768 1439 e.
798 1403 1094 1440 Commentariis
1122 1402 1245 1441 edidit
1272 1403 1468 1441 Francisc.
1490 1403 1627 1441 Stella-

215 1473 288 1510 tus,
312 1467 462 1504 Romae.
484 1473 522 1504 4.

157 1530 265 1574 Ἴ1706
296 1530 492 1568 Francisc.
514 1530 663 1568 Stellati
683 1530 934 1580 metaphrasis
949 1530 1064 1568 Persii
1085 1530 1247 1580 repetita
1267 1531 1392 1568 Amst.
1433 1535 1470 1568 8.

164 1593 265 1638 1726
295 1594 347 1631 Le
379 1594 502 1631 Satire
535 1594 575 1630 di
601 1595 647 1631 Α.
669 1594 808 1637 Persio,
838 1593 1007 1631 tradotte
1038 1593 1075 1631 in
1110 1608 1220 1631 verso
1239 1594 1423 1631 Toscano
1457 1594 1505 1631 da
1527 1596 1620 1632 Ant.

213 1659 313 1695 Mar.
335 1657 488 1695 Salvini.
536 1658 579 1694 In
600 1659 768 1695 Firenza.
801 1664 837 1696 4.

165 1727 263 1766 1733
296 1721 404 1759 Idem
425 1722 462 1759 in
486 1723 604 1772 Corp.
626 1724 797 1760 omnium
819 1728 911 1760 vett.
934 1726 1056 1773 po'ett.
1079 1722 1376 1760 Mediolanensi.
1406 1722 1456 1759 T.
1478 1732 1578 1760 XVI.

798 1827 976 1855 GRAECA.

159 1892 368 1942 Prologum
389 1893 508 1930 Persii
526 1894 668 1931 Graeca
690 1891 920 1941 metaphrasi
942 1891 1102 1929 donavit
1120 1897 1262 1942 praeter
1280 1891 1362 1929 Jos.
1381 1891 1619 1942 Scaligerum

213 1956 424 2008 Dionysius
447 1957 627 1995 Petavius
647 1957 712 1994 lib.
736 1967 786 1994 11.
808 1970 869 2007 ep.
893 1961 957 2001 29.

160 2223 276 2281 Hic
298 2239 506 2280 terminus
527 2242 591 2280 est
610 2237 795 2280 Notitiae
818 2237 1044 2279 Literariae
1072 2236 1423 2290 Bipontinorum.
1483 2233 1621 2276 Dedi-

157 2320 255 2349 mus
290 2306 463 2348 Lectori
496 2307 539 2346 in
572 2318 702 2359 pagg.
730 2305 1080 2359 praecedentibus
1115 2303 1324 2344 editiones
1352 2302 1510 2353 Persii,
1543 2303 1620 2343 ubi

157 2374 366 2416 Juvenali
396 2373 722 2427 conjunguntur,
744 2371 981 2412 secundum
1014 2370 1305 2424 Rupertium3
1338 2369 1478 2410 daturi
1508 2382 1620 2410 nunc

159 2441 302 2483 Persii
333 2440 453 2482 editt.
484 2440 562 2480 ubi
595 2453 621 2480 a
652 2439 865 2480 Juvenale
899 2442 1170 2493 separantur,
1204 2436 1440 2479 secundum
1462 2436 1618 2477 Socios

160 2509 437 2562 Bipontinos.

216 2575 269 2616 In
289 2576 439 2628 primis
455 2589 556 2616 vero
580 2588 636 2617 ex
656 2574 725 2624 iis,
747 2587 848 2628 quae
869 2574 924 2615 de
945 2573 974 2616 J
980 2573 1161 2615 uvenale
1181 2575 1224 2613 et
1245 2572 1397 2612 Persio
1417 2568 1618 2620 Magdal.

161 2640 273 2684 Con.
303 2642 403 2695 jam
441 2642 650 2695 diximus,
676 2642 863 2697 patebit,
887 2642 1016 2683 nobis
1042 2654 1130 2683 non
1158 2640 1331 2681 omnino
1358 2646 1614 2693 persuasum
