1888 3032
218 89 304 131 126

217 195 376 236 Finem
397 192 544 235 animo
565 194 747 242 certum,
767 193 1026 247 miserisque
1046 194 1211 236 viatica
1230 196 1366 238 canis.

719 99 763 129 A.
800 98 963 130 P'ERSII
999 98 1170 131 FLAccl

1631 197 1690 239 65

217 266 231 285 ‘
255 262 363 304 Cras
379 263 461 303 hoe
484 259 586 301 fiet?
631 259 757 301 Idem
775 274 874 302 cras
894 262 982 303 fiet.
1027 266 1040 284 ‘
1065 262 1216 313 Quid?
1239 265 1365 317 quasi
1387 276 1617 317 magnum,

216 331 392 384 Nempe
414 329 530 369 diem
551 327 691 370 donas
706 328 739 371 'l'
785 329 872 371 Sed
895 345 993 372 cum
1013 331 1092 372 lux
1115 332 1250 373 altera
1267 333 1397 383 venit,

214 450 368 484 mentibus
393 459 518 491 scopum
548 455 579 482 et
605 456 790 484 commeatus
815 455 968 486 senectuti
998 464 1190 486 oerumnosae.
1238 454 1322 485 Illud
1340 454 1462 493 faciam
1477 454 1526 486 die
1539 454 1692 495 crastina,

215 493 338 534 inquis.
387 494 535 525 Crastina
550 495 601 525 die
615 495 698 526 idem
704 496 819 536 sacieS,
833 498 970 538 inquam
998 508 1073 538 ego.
1122 495 1269 537 Ecquid?
1304 498 1456 528 Concedis
1483 498 1564 529 mihi
1587 507 1691 528 unam

215 537 364 569 dieculam
378 536 499 568 scilicet
514 539 595 569 velut
612 539 738 580 aliquid
753 540 898 580 grande?
920 543 964 572 At
991 542 1111 583 quando
1137 540 1245 572 illuxit
1267 540 1333 572 dies
1344 544 1481 582 postera,
1489 541 1560 580 jam
1575 541 1690 572 contri-

834 635 950 647 eeeeee

215 699 257 727 66
280 697 361 728 idcm
377 698 515 741 crasfiut
532 699 599 731 Ms.
620 699 661 731 R.
678 705 714 732 et
731 701 769 732 C.

954 634 1070 647 tttttt

881 776 1022 808 NOTAE

216 855 341 877 vacare
357 847 536 888 sapientiae
554 848 684 890 studio,
707 850 797 891 apud
816 851 926 882 Zeno-

215 906 306 937 nem,
336 899 431 939 cnjus
459 899 563 931 etiam
596 900 703 940 dicta,
743 901 926 933 deficiente

215 957 359 990 papyro,
387 949 486 981 boum
500 951 632 982 ossibus
646 961 684 982 ac
697 952 794 983 testis
807 952 926 983 inscri-

214 997 332 1031 bebat.
379 999 541 1041 Improbo
567 1006 603 1033 et
620 1002 787 1043 pertinaci
810 1003 926 1034 labore

215 1049 401 1089 superabat
416 1050 543 1091 ingenii
558 1052 609 1082 sui
625 1052 838 1092 tarditatem,
850 1063 925 1094 quae

213 1097 299 1130 fecit
313 1100 499 1140 aliqnando
522 1105 560 1131 ut
576 1110 637 1142 per
654 1102 847 1141 ludibrium,
865 1104 926 1134 asi-

213 1158 277 1180 nus
289 1153 479 1182 vocaretur.
504 1151 581 1182 Nec
596 1151 769 1184 abnuebat
782 1153 854 1192 ille,
866 1154 925 1185 im-

214 1210 269 1233 mo
288 1202 438 1234 Zenonis
455 1203 624 1235 sarcinam
642 1204 733 1236 ferre
759 1215 794 1236 se
813 1216 925 1246 posse,

214 1251 343 1283 aiebat.
390 1253 476 1284 Cum
505 1263 585 1285 vero
614 1255 697 1286 alias
725 1256 851 1296 probro
877 1258 925 1288 iili

213 1306 424 1344 verteretur,
451 1304 541 1345 quod
568 1305 708 1337 timidus
748 1312 859 1345 esset,
891 1313 927 1339 at

211 1347 304 1393 ideo,
331 1354 454 1395 inquit,
484 1355 593 1386 minus
623 1366 740 1396 pecco.
788 1358 873 1389 Haec
892 1363 927 1389 et

214 1403 280 1434 alia
296 1403 339 1434 de
352 1404 517 1436 Cleanthe
531 1405 679 1446 Diogen.
696 1407 811 1438 Laert.
827 1408 848 1438 l.
862 1417 926 1440 vu.

214 1457 250 1484 et
265 1454 354 1485 Tull.
372 1455 443 1495 ejus
458 1456 613 1487 meminit
628 1456 671 1487 de
689 1457 824 1490 Natura
838 1459 928 1490 Deo-

215 1514 303 1544 rum,
321 1506 344 1536 l.
362 1515 388 1538 1.
400 1515 492 1538 num.
510 1509 563 1539 37.
589 1507 678 1539 Item
690 1508 804 1541 Valer.
830 1508 927 1541 Max-

214 1555 274 1587 im.
287 1565 369 1587 vm.
385 1559 417 1587 7.

260 1606 369 1637 Petite
381 1606 468 1646 hinc]
500 1607 768 1649 EPhilosophia
798 1610 926 1646 Stoica,

214 1656 270 1686 vel
295 1665 314 1687 e
343 1656 488 1687 Cornuti
517 1656 696 1698 disciplina
711 1660 820 1699 petite
839 1659 926 1691 bene

216 1705 354 1737 vivendi
379 1707 547 1739 rationem
578 1712 613 1739 et
645 1709 803 1741 modum:
826 1711 927 1752 finem

213 1757 316 1788 animo
337 1762 465 1798 certum,
490 1758 625 1790 beatam
652 1759 779 1798 vitam3
805 1761 926 1794 hones-

214 1812 336 1849 tatem,
359 1810 548 1849 virtutem3
582 1815 713 1843 rectum
739 1816 774 1843 et
803 1813 927 1844 stabile

214 1860 447 1900 propositum:
479 1861 582 1903 quod,
611 1867 649 1894 ut
682 1864 731 1894 ait
763 1863 928 1896 Horatius

213 1910 237 1942 l.
254 1919 279 1941 1.
294 1911 404 1952 Epist.
424 1915 454 1943 l.
471 1913 479 1929 ‘
496 1913 603 1954 AEque
621 1914 829 1955 pauperibus
850 1925 926 1956 pro-

214 1959 303 2000 dest,
335 1962 567 2003 locupletibus
591 1975 699 2006 aeqne,
729 1966 838 2008 AEque
869 1978 926 1999 ne-

214 2011 367 2051 glectum
396 2014 511 2053 pueris
541 2015 745 2058 senibusque
762 2017 925 2051 nocebit.'

215 2061 261 2093 Et
282 2062 404 2093 eodem
430 2064 453 2093 l.
485 2073 510 2095 1.
543 2065 655 2105 Epist.
680 2069 712 2097 2.
757 2068 766 2084 ‘
784 2068 925 2100 Certum

213 2116 293 2149 vnto
308 2117 388 2154 pete
402 2113 528 2145 finem!

255 2166 295 2195 65
323 2165 512 2206 Miser-isque
527 2167 643 2198 viatica
658 2168 759 2209 canis]
793 2169 925 2201 Solatia

212 2217 248 2245 et
265 2215 436 2255 praesidia,
465 2226 539 2256 quae
568 2219 700 2258 prosint
715 2219 748 2249 in
765 2227 924 2251 senectu-

213 2268 262 2304 te,
292 2275 393 2306 quam
433 2276 606 2309 nunquam
632 2279 699 2300 non
719 2270 925 2302 comitantur

213 2314 373 2354 miseriae,
398 2316 526 2357 inopia,
541 2319 688 2359 dolores,
705 2323 770 2352 dcc.
789 2321 831 2352 ad
849 2332 924 2363 quae

213 2361 358 2394 ferenda
385 2364 517 2396 facilius
542 2368 769 2409 Pholosopliia
786 2380 923 2411 nonpa-

212 2423 288 2444 rum
307 2414 419 2454 juvat.
455 2417 545 2447 Hinc
570 2419 620 2449 M.
646 2420 730 2451 Tull.
748 2421 923 2452 Ciceronis

214 2465 415 2501 consolatio,
433 2465 515 2496 item
530 2467 653 2499 Bo'e'tii.

262 2515 402 2555 Viatia-a]
447 2516 602 2548 viaticum
630 2518 754 2549 dicitur
775 2519 807 2549 id
825 2529 923 2551 omne

214 2566 307 2607 quod
339 2566 381 2598 ad
410 2565 604 2598 faciendum
635 2569 700 2599 iter
721 2579 804 2610 opus
821 2574 871 2601 est
887 2574 923 2601 et

213 2618 457 2649 necessarium.
503 2618 603 2650 Unde
634 2620 743 2650 innuit
770 2620 922 2661 Persius,

214 2675 275 2700 nos
300 2669 512 2710 peregrinari
540 2671 685 2702 velutin
702 2671 772 2703 vita
786 2672 861 2715 hac,
886 2676 922 2705 et

981 850 1024 882 ad
1042 849 1171 893 aliquid
1198 848 1289 882 aliud
1310 848 1466 881 tendere.
1510 848 1612 890 Apud
1629 849 1692 880 La-

982 901 1108 938 ertium
1130 902 1152 933 1.
1184 910 1211 934 1.
1255 901 1338 932 Bias
1368 900 1538 931 Prieneus
1562 905 1691 940 monet,

981 952 1145 983 viaticum
1163 953 1204 983 ab
1222 951 1457 983 adolescentia
1476 951 1518 982 ad
1537 955 1693 982 senectu-

983 1008 1053 1034 tem
1071 1003 1273 1044 sapientiam
1302 1013 1377 1034 esse
1414 1001 1692 1043 comparandam,

983 1054 1111 1095 quippe
1129 1064 1206 1085 cum
1228 1063 1268 1084 ea
1284 1054 1357 1084 sola
1371 1053 1415 1084 sit
1432 1058 1529 1085 certa
1541 1061 1692 1094 veraque

982 1104 1164 1144 possessio.
1209 1105 1255 1135 Et
1280 1104 1371 1136 Tull.
1395 1103 1439 1135 de
1455 1104 1592 1135 Senect.
1608 1113 1640 1135 n.
1659 1106 1692 1135 9.

982 1154 1041 1193 ait,
1064 1154 1073 1171 ‘
1088 1153 1275 1195 Aptissima
1291 1153 1427 1185 omnino
1444 1158 1522 1185 sunt
1535 1163 1626 1185 arma
1642 1163 1693 1185 se·

982 1206 1146 1245 nectutis,
1171 1210 1263 1237 artes
1280 1205 1614 1246 exercitationesque
1629 1205 1695 1235 vir-

983 1260 1108 1294 tutum,
1121 1266 1196 1297 quae
1210 1256 1242 1287 in
1260 1256 1349 1287 omni
1361 1260 1465 1287 aetate
1482 1257 1598 1297 cultae,
1614 1266 1693 1288 cum

982 1307 1126 1337 multum
1146 1307 1271 1348 diuque
1289 1306 1426 1346 vixeris,
1440 1306 1598 1338 mirificos
1613 1305 1694 1338 affe-

982 1362 1062 1388 runt
1094 1357 1240 1397 fructus,
1268 1368 1336 1389 non
1369 1358 1476 1389 solum
1507 1358 1587 1399 quia
1611 1367 1694 1389 nun-

984 1418 1085 1450 quam
1116 1409 1294 1450 deserunt,
1320 1419 1363 1440 ne
1386 1414 1540 1441 extremo
1555 1409 1694 1451 quidem

984 1464 1139 1501 tempore
1168 1461 1284 1493 aetatis
1310 1461 1522 1503 (quanquam
1539 1461 1574 1491 id
1591 1460 1696 1492 maxi-

982 1521 1073 1546 mum
1085 1510 1165 1553 est),
1180 1522 1299 1544 verum
1312 1513 1415 1544 etiam
1427 1513 1505 1554 quia
1518 1512 1694 1544 conscien-

984 1562 1032 1592 tia
1069 1561 1156 1593 bene
1194 1566 1281 1593 actae
1320 1563 1401 1593 vitae
1440 1563 1694 1604 multorumque

983 1611 1240 1643 benefactorum
1268 1612 1464 1644 recordatio
1488 1612 1695 1653 jucundissi-

981 1671 1036 1692 ma
1058 1665 1132 1693 est!

1026 1712 1138 1753 Canis]
1163 1712 1205 1744 Id
1232 1716 1296 1754 est,
1325 1713 1456 1754 capillis
1481 1713 1694 1745 canescenti-

980 1763 1053 1803 bus,
1071 1764 1128 1804 qui
1145 1765 1350 1805 contingunt
1361 1766 1575 1805 senescenti;
1592 1775 1696 1808 quan·

982 1824 1080 1855 quam
1100 1814 1207 1846 refert
1224 1815 1312 1846 Plin.
1330 1825 1394 1847 vn.
1411 1819 1443 1847 2.
1472 1815 1577 1847 Indos
1595 1825 1694 1857 quos-

981 1865 1057 1895 dam
1074 1865 1107 1895 in
1124 1865 1270 1906 juventa
1286 1865 1431 1897 candido
1455 1876 1530 1898 esse
1555 1867 1693 1908 capillo,

982 1915 1038 1956 qui
1055 1915 1086 1945 in
1105 1920 1284 1947 senectute
1297 1917 1484 1957 nigrescat.

1024 1969 1066 1997 66
1093 1968 1171 1997 Cras
1186 1966 1321 2009 hocfiet]
1359 1967 1475 2007 Fingit
1493 1966 1629 1999 Persius
1647 1967 1694 2009 ig-

982 2026 1103 2048 navum
1148 2017 1294 2058 aliquem
1335 2016 1589 2048 adolescentem
1628 2017 1693 2049 sihi

982 2066 1211 2106 respondere:
1242 2067 1359 2107 etiam,
1382 2078 1498 2099 verum
1524 2073 1577 2101 est
1602 2069 1693 2110 quod

981 2127 1124 2156 mones3
1158 2122 1193 2149 at
1222 2122 1370 2158 expecta
1402 2119 1599 2159 paululum3
1618 2129 1692 2150 cras

982 2167 1117 2209 faciani,
1133 2173 1169 2200 et
1184 2169 1361 2210 sapienti-<P
1377 2169 1528 2200 studium
1544 2170 1692 2210 amplecv-

983 2224 1056 2257 tar;
1082 2219 1183 2250 finem
1197 2219 1310 2250 animo
1326 2222 1457 2250 certum
1470 2220 1689 2260 constituam,

980 2271 1045 2301 ἃς.

1024 2321 1111 2351 Idem
1125 2321 1278 2362 crasfiet]
1326 2321 1436 2352 Instat
1453 2321 1591 2352 Persius
1608 2332 1615 2352 :
1641 2325 1691 2353 at-

980 2371 1069 2402 enim
1087 2381 1162 2402 cum
1178 2372 1331 2402 illuxerit
1348 2371 1417 2402 dies
1431 2372 1592 2411 crastina,
1607 2381 1626 2402 o
1644 2372 1693 2413 pi-

980 2431 1052 2460 ger,
1083 2421 1187 2453 facies
1211 2425 1245 2452 et
1268 2422 1360 2453 dices
1388 2422 1512 2452 iterum
1541 2421 1574 2452 id
1600 2422 1689 2463 quod

979 2471 1059 2501 mihi
1076 2471 1158 2501 dicis
1174 2471 1284 2511 hodie,
1301 2472 1458 2512 quodque
1480 2471 1612 2511 pridem
1641 2471 1691 2503 fa-

979 2521 1035 2552 cis.
1072 2522 1164 2561 Lege
1197 2522 1228 2552 S.
1254 2521 1401 2561 August.
1430 2520 1581 2552 Confess.
1608 2532 1688 2557 vm.

979 2574 1030 2602 10.
1047 2575 1083 2602 et
1101 2574 1161 2615 ll&
1178 2571 1330 2602 Martial.
1348 2571 1448 2611 Epig.
1464 2580 1495 2602 v.
1510 2574 1562 2601 59.
1578 2575 1585 2589 ‘
1602 2573 1688 2604 Cras

978 2625 1013 2652 te
1040 2622 1223 2661 victurum,
1251 2631 1325 2653 cras
1356 2622 1455 2662 dicis,
1490 2622 1687 2661 Posthume,

977 2681 1125 2715 semper.
1169 2671 1239 2704 Dic
1264 2671 1345 2705 mihi
1368 2681 1442 2713 eras
1467 2672 1564 2715 illud,
1589 2673 1687 2712 Post,-
