1888 3032
746 125 928 157 sArmA
951 124 997 158 v.
1515 119 1601 162 119

139 213 381 267 Socratico,
405 215 603 270 Cornuto,
625 219 735 260 sinu.
793 221 920 262 Tunc
940 221 1086 263 fallere
1107 220 1242 263 solers

139 280 362 336 Apposita
382 286 563 328 intortos
584 288 770 328 ostendit
786 289 933 340 regula
951 302 1094 330 mores
1111 302 1122 340 ;

139 347 195 389 Et
215 353 420 403 premitur
441 355 606 395 ratione
626 356 810 404 animus,
833 356 1036 410 vincique
1055 357 1253 409 laborat3

137 484 256 531 mollem
273 488 396 517 ertatem
411 487 560 528 excepisti
582 488 699 526 gremio
723 486 893 519 Socratico.
943 488 1027 519 Tunc
1051 494 1156 520 norma
1171 490 1311 530 decipere
1324 490 1426 529 perita
1440 490 1520 521 mihi
1544 492 1598 521 ‹ul-

136 525 233 557 Ιιιὸιία
243 537 355 568 prat-os
370 540 466 560 mores
480 533 620 561 emendat
632 541 642 566 ;
665 534 695 560 et
709 531 830 561 animus
841 533 984 562 domatur
1006 532 1137 572 ratione,
1161 536 1191 563 et
1212 543 1296 572 (egre
1303 532 1374 571 sert
1389 534 1542 575 superari,
1566 537 1598 565 et

749 615 983 628 eeeeeeeeeeee

138 677 235 717 tatio,
249 678 291 709 ad
309 683 341 709 te
354 681 540 720 segregavi.
561 681 733 712 casaubon.
760 681 857 711 Posui
869 681 994 711 C.—37
1012 680 1196 719 tumfallere
1209 681 1276 712 Ms.
1290 681 1331 711 R.
1357 682 1512 718 tusallere
1527 683 1596 714 Ms.

138 720 302 753 Oak—38
318 723 385 753 Pro
402 725 547 765 ostendit,
561 724 752 755 Casaubon.
770 724 852 764 legit
869 724 1021 765 extendit,
1035 729 1070 755 et
1088 725 1155 756 Ms.
1169 725 1210 756 R.
1223 729 1258 755 et
1276 725 1404 755 C.—40
1421 726 1473 756 Ex
1486 726 1599 757 verbis

793 810 932 842 NOTAE

177 862 218 891 37
243 861 554 903 Suscipissocratico
573 864 660 905 sinu]
719 864 836 895 Admi-
890 864 990 904 Arte,
1025 864 1034 881 ‘
1053 864 1256 904 Decipimur
1273 863 1388 904 specie
1405 863 1514 894 recti!
1552 863 1599 895 Et

135 910 208 941 sisti
225 921 278 943 me
295 912 327 942 in
347 918 437 944 tuam
462 914 688 956 disciplinam,
713 914 838 945 Morali

136 960 354 1003 Philosophia
380 971 416 997 et
443 966 567 998 Stoicis
595 967 762 1007 dogmatis
780 967 838 996 im-

135 1012 327 1052 buendnm3
377 1025 430 1047 me
461 1026 542 1047 vero
572 1016 741 1057 excepisti
772 1025 837 1046 non

133 1063 246 1095 studio
261 1066 366 1097 solum
383 1070 541 1106 paterno,
567 1067 625 1097 sed
650 1066 747 1107 quasi
771 1076 837 1096 ma-

134 1125 232 1151 terno
251 1118 377 1150 affectu
403 1117 624 1149 abblandiens
647 1126 686 1147 ac
709 1116 837 1147 demul-

133 1180 225 1202 cens.
264 1171 350 1200 Sunt
365 1173 401 1200 et
418 1168 474 1210 qui
491 1169 771 1208 interpretentur,
788 1168 836 1198 in-

131 1221 296 1261 tegritate
312 1219 487 1250 Socratica
503 1224 538 1249 et
555 1218 738 1249 sanctitate
755 1218 836 1248 edu-

131 1270 278 1302 candum
295 1281 303 1301 z
327 1279 390 1300 nec
408 1269 543 1300 omnino
560 1269 731 1310 displicet.
767 1269 837 1300 Cur

131 1326 246 1352 autem
257 1321 468 1352 Socraticam
481 1324 582 1350 vocat
594 1319 731 1350 Persius
745 1319 836 1349 Stoae

133 1372 301 1402 scholam?
327 1372 510 1409 Nimirum,
525 1370 677 1400 Socratis
690 1369 838 1409 discipu-

131 1422 183 1452 lns
199 1421 424 1453 Antisthenes
447 1421 638 1460 Diogenem
663 1420 810 1450 institnit
827 1430 834 1449 :

130 1471 220 1503 hunc
238 1473 357 1503 Crates
380 1471 563 1502 Thebanus
587 1469 727 1500 audivit.
768 1470 835 1500 Hic

131 1522 267 1553 demum
284 1521 421 1552 edocuit
435 1521 608 1551 Zenonem
623 1520 744 1551 scholae
761 1520 836 1551 Sto-

131 1573 196 1604 icae
226 1572 452 1603 conditorem.
498 1570 671 1602 Plutarch.
719 1570 833 1601 Laert.

131 1623 204 1655 Cic.
245 1623 345 1654 Unde
365 1621 498 1654 Socrati
521 1631 588 1652 non
605 1621 663 1651 abs
681 1630 717 1652 re
732 1621 836 1651 tribu-

128 1679 244 1715 untur,
259 1684 334 1715 quae
349 1673 392 1704 ab
409 1683 449 1704 eo
465 1673 559 1704 velut
574 1683 593 1703 a
607 1672 717 1713 primo
740 1671 835 1703 fonte

131 1724 327 1766 profluxere
353 1724 524 1755 instituta.
569 1722 657 1754 Vide
684 1721 755 1754 Sat.
777 1731 835 1753 111.

130 1785 181 1807 vs.
196 1779 226 1807 1.
243 1780 279 1806 et
294 1774 375 1806 ibid.
391 1774 518 1805 Annot.

175 1826 259 1857 Tunc
265 1826 381 1864 fallere
391 1826 485 1855 solers
492 1823 718 1864 apposita‚3)·c.]
733 1823 834 1854 Hunc

128 1876 239 1908 locum
266 1875 358 1906 varie
381 1875 466 1905 varii
489 1874 697 1914 intelligunt,
723 1878 758 1904 et
775 1883 833 1904 suo

130 1926 272 1968 quisque
300 1925 413 1956 sensui
439 1923 707 1955 accommodant.
751 1923 834 1963 Alii,

127 1987 213 2019 quos
228 1977 319 2008 inter
334 1975 564 2014 Casaubouus,
575 1974 624 2005 sic
640 1973 834 2014 explicant:

130 2030 168 2058 tu
193 2026 316 2058 fraude
331 2025 469 2057 innoxia
489 2034 543 2056 me
565 2023 832 2055 circumveniens

127 2077 280 2109 suaviter
302 2077 344 2107 ad
372 2080 503 2107 rectum
527 2073 666 2114 flexisti,
688 2075 833 2105 solerter

129 2132 165 2159 et
181 2128 303 2159 sensim
318 2127 366 2158 ita
385 2127 524 2157 domans
541 2135 662 2166 pravas
683 2124 834 2156 affectio-

127 2186 202 2217 nes,
214 2181 253 2208 ut
268 2186 364 2208 novae
375 2176 563 2216 disciplinae
574 2176 754 2207 austeritas
767 2184 832 2206 non

130 2227 322 2260 offenderet
337 2231 395 2258 aut
411 2226 615 2257 deterreret.
660 2225 728 2256 Alii
753 2235 833 2265 pue-

129 2278 227 2310 rilem
243 2282 368 2309 vocant
390 2277 476 2308 hanc
499 2276 831 2317 interpretationem,

129 2334 166 2361 et
179 2330 226 2362 sic
242 2329 353 2360 Persii
366 2335 465 2359 voces
485 2331 607 2368 aptant
628 2331 665 2358 et
679 2336 830 2358 sensum:

132 2380 218 2411 Tunc
233 2379 341 2419 regula
364 2378 518 2418 apposita,
531 2378 637 2417 solers,
651 2377 685 2408 id
701 2382 766 2415 est,
783 2387 833 2408 os-

128 2429 285 2468 tendens,
301 2438 399 2459 nwres
422 2429 556 2459 into'rtos
572 2427 700 2467 fallere,
718 2427 752 2458 id
769 2432 834 2467 est,

129 2487 269 2516 errare;
293 2479 445 2518 extendit,
463 2478 498 2509 id
515 2483 580 2518 est,
596 2477 760 2509 reformat
775 2488 834 2509 eos

128 2529 335 2570 accon-igit.
381 2528 451 2560 Alii
475 2533 599 2570 putant
619 2529 761 2559 allusum
789 2529 830 2559 ad

129 2577 345 2610 intervallum
364 2579 454 2620 quod
477 2589 568 2620 saepe
595 2580 753 2620 exiguum
781 2584 834 2611 est

130 2627 290 2660 virtutem
322 2629 412 2660 inter
442 2639 482 2661 ac
514 2628 646 2667 vitium,
676 2628 833 2670 quodque

130 2682 314 2720 propterea
340 2679 440 2712 fallit.
495 2679 601 2716 ‚Unde
639 2679 761 2713 Horat.
796 2679 832 2712 in

888 914 1046 946 Juvenal.
1063 915 1135 945 Sat.
1154 923 1231 945 xiv.
1269 914 1277 930 ‘
1290 914 1390 944 Fallit
1412 914 1500 944 enim
1522 914 1599 945 viti-

890 975 946 995 um
968 965 1083 1006 specie
1098 965 1235 996 virtutis
1251 969 1287 996 et
1300 964 1442 996 umbra.'
1480 964 1599 996 Prima

891 1017 1026 1057 quidem
1052 1016 1225 1048 sententia
1256 1016 1410 1047 acutior:
1450 1016 1600 1047 secunda

892 1066 927 1097 in
945 1067 1145 1108 quibusdam
1163 1067 1293 1107 durior,
1320 1071 1357 1098 ut
1378 1077 1467 1106 cum,
1492 1067 1600 1107 solers,

892 1116 1055 1157 explicat,
1073 1116 1267 1155 ostendens,
1283 1118 1347 1148 &c.
1369 1116 1490 1147 Tertia
1507 1116 1600 1148 vide-

893 1172 948 1198 tur
962 1167 1005 1198 ad
1016 1168 1150 1199 solitum
1164 1167 1277 1197 Persii
1290 1166 1450 1207 loquendi
1464 1166 1599 1197 modum

891 1218 991 1258 paulo
1043 1217 1257 1249 audaciorem
1299 1217 1599 1249 accommodatior.

892 1268 1002 1302 Nobis
1018 1278 1134 1300 sensus
1149 1267 1203 1299 hic
1221 1268 1300 1306 erit,
1323 1272 1356 1298 et
1373 1268 1456 1299 ordo
1476 1268 1599 1300 verbo-

890 1330 982 1351 rum:
1018 1324 1092 1351 tunc
1113 1320 1221 1359 regula
1245 1320 1339 1350 solers
1359 1329 1457 1350 mores
1472 1318 1600 1360 fallere,

889 1372 1030 1412 apposita
1045 1371 1187 1402 extendit
1202 1370 1344 1400 intortos.
1369 1369 1411 1400 Id
1428 1374 1492 1409 est,
1509 1379 1598 1410 prae-

890 1426 994 1461 cepta
1009 1431 1138 1452 morum
1156 1420 1260 1451 falsas
1283 1420 1446 1451 virtutum
1467 1419 1600 1460 species

890 1471 970 1501 mihi
986 1470 1192 1511 detegendo,
1215 1470 1407 1501 docuerimt
1427 1479 1480 1501 me
1498 1479 1597 1501 omne

892 1522 1010 1553 vitium
1029 1522 1198 1553 declinare
1213 1532 1222 1559 3
1257 1526 1293 1551 et
1308 1520 1475 1551 sinceram
1491 1520 1600 1551 virtu-

891 1578 961 1604 tem
978 1573 1084 1615 sequi.
1130 1572 1254 1613 Itaque
1277 1572 1410 1602 intortos
1431 1580 1528 1601 mores
1545 1580 1601 1601 ex-

889 1625 1024 1664 tendere,
1051 1623 1222 1664 significat
1253 1626 1384 1653 rectum
1420 1621 1455 1652 id
1482 1621 1599 1653 facere

890 1674 979 1715 quod
997 1683 1138 1705 curvum
1164 1677 1249 1713 erat,
1273 1672 1376 1703 ducta
1397 1672 1600 1713 metaphora

891 1735 909 1755 a
926 1724 1112 1756 fabrilibus.

933 1780 974 1807 39
992 1777 1037 1806 Et
1050 1776 1206 1816 premitur
1217 1775 1337 1806 ratione
1352 1774 1488 1814 animus]
1503 1774 1525 1807 J
1529 1784 1596 1805 am-

890 1837 956 1868 que
987 1827 1048 1857 snb
1082 1830 1142 1856 tua
1177 1825 1360 1866 disciplina
1401 1824 1597 1865 proficiens,

889 1877 991 1907 animi
1007 1881 1119 1907 motus
1136 1875 1297 1907 coercere
1312 1874 1428 1913 didici,
1445 1879 1480 1906 et
1497 1875 1599 1906 ratio-

888 1927 938 1958 nis
952 1927 1046 1967 sequi
1063 1926 1241 1966 imperium
1258 1924 1367 1965 coegi.
1395 1924 1486 1955 Sicut
1503 1934 1598 1965 equus

886 1989 906 2008 α
919 1986 1032 2008 sessore
1046 1977 1200 2015 domatur,
1210 1975 1322 2016 inquit
1336 1974 1449 2013 Plato,
1466 1975 1513 2005 ita
1527 1975 1598 2006 ani-

885 2038 954 2059 mus
973 2026 1105 2057 ratione.
1149 2026 1220 2056 Per
1245 2024 1391 2056 animum
1414 2024 1528 2065 itaque
1552 2034 1596 2055 ne

885 2083 1035 2110 mentem
1061 2077 1226 2116 intellige,
1249 2085 1308 2107 seu
1336 2080 1470 2116 partem
1493 2075 1599 2106 animi

886 2129 1110 2170 superiorem,
1148 2126 1210 2158 sed
1244 2126 1359 2168 potius
1398 2125 1597 2157 inferiorem

888 2189 965 2220 quae
989 2187 1110 2218 expers
1133 2181 1187 2208 est
1209 2176 1361 2217 rationis,
1385 2180 1596 2217 vocaturque

889 2228 1074 2269 appetitus.
1102 2226 1194 2258 Tull.
1225 2225 1328 2258 Offic.
1353 2235 1378 2256 1.
1402 2235 1495 2256 num.
1519 2228 1596 2258 100.

887 2280 896 2296 ‘
918 2279 1059 2319 Duplex
1075 2282 1129 2309 est
1143 2277 1194 2307 vis
1207 2276 1393 2308 animorum
1419 2281 1522 2318 atque
1538 2286 1597 2308 na-

887 2333 984 2360 turae.
1028 2329 1107 2359 Una
1137 2337 1214 2368 pars
1237 2327 1271 2358 in
1298 2326 1457 2368 appetitu
1481 2326 1595 2368 posita

887 2383 951 2418 est,
969 2388 1042 2419 quae
1059 2382 1122 2418 est,
1146 2376 1234 2418 ὁρμὴ,
1257 2377 1400 2416 Graece3
1437 2387 1514 2419 quae
1533 2378 1594 2409 ho-

888 2430 1012 2460 minem
1036 2429 1101 2460 huc
1124 2432 1160 2459 et
1185 2428 1266 2459 illuc
1282 2427 1396 2468 rapit:
1435 2428 1544 2458 altera
1559 2427 1595 2457 in

888 2480 1029 2519 ratione,
1044 2489 1119 2521 quae
1143 2478 1247 2510 docet
1273 2482 1309 2509 et
1331 2478 1494 2518 explanat
1511 2476 1594 2517 quid

886 2530 1081 2562 faciendum
1096 2529 1360 2570 fugiendumque
1377 2528 1430 2559 sit.
1475 2527 1531 2556 Ita
1552 2525 1595 2558 fit

886 2586 925 2612 nt
940 2582 1026 2612 ratio
1039 2581 1169 2622 praesit,
1180 2579 1354 2620 appetitus
1369 2585 1450 2607 vero
1461 2575 1592 2606 obtem-

885 2630 1007 2671 peret!
1047 2630 1133 2661 Hor.
1160 2629 1270 2669 Epist.
1296 2637 1320 2657 1.
1336 2630 1368 2657 2.
1406 2626 1414 2641 ‘
1431 2624 1593 2657 Animum

886 2690 980 2724 rege,
995 2680 1054 2723 qui
1070 2679 1135 2711 nisi
1158 2681 1269 2721 paret,
1294 2676 1447 2717 Imperat
1460 2686 1472 2726 :⁴
1500 2676 1595 2714 hunc¹
