1888 3032
730 169 912 200 SA'PIRA
955 171 985 201 1.

127 265 222 305 Scit
242 265 389 305 risisse
411 265 543 314 vafer,
566 266 744 306 multum
769 267 954 318 gaudere
973 271 1171 321 paratus,

128 332 175 373 Si
197 332 365 386 Cynico
387 334 567 373 barbam
588 335 789 387 petulans
811 336 989 375 nonaria
1010 336 1153 376 vellat.

127 399 214 440 His
236 413 358 440 mane
381 401 585 450 edietum,
608 405 708 455 post
730 403 913 455 prandia
934 402 1176 444 Callirhoen
1199 402 1269 443 do.

124 551 184 582 per
199 542 309 573 tabella
327 550 490 582 exaratas,
505 547 535 574 et
551 545 647 574 lineas
663 543 924 575 Geometrarnm
943 544 1135 584 descriptas
1159 546 1192 575 in
1215 555 1308 575 arena
1323 545 1458 576 sulcata.-
1494 550 1586 575 coto-

124 594 194 614 rum
209 587 356 624 proclivis
380 593 431 617 cst
447 588 485 617 m!
502 588 669 617 [fetandum
691 587 789 625 valde,
813 587 841 617 si
867 587 1002 627 quando
1026 588 1178 617 meretrix
1200 589 1312 617 luscirn
1327 587 1451 618 barbam
1469 589 1583 618 vellicet

125 628 250 667 Cynico.
281 629 358 659 Istis
372 631 521 660 matutino
536 632 671 669 tempore
687 630 935 670 decretum‚post
949 630 1116 669 prandium
1135 640 1214 661 vero
1233 631 1408 661 (ssallz'rlase'n
1422 632 1561 661 concedo.

782 714 924 746 NOTAE

166 782 227 810 132
245 780 378 810 BItiltzcm
392 781 530 819 gaudere
544 780 691 821 paratus]
726 781 767 812 In
785 790 824 811 eo

122 834 252 861 tantum
277 840 381 861 navus
407 836 444 862 et
472 830 578 870 vafer,
602 837 640 863 nt
667 832 825 863 derideat

122 880 331 911 cruditorum
348 881 451 911 serias
468 883 731 921 occupationes:
756 883 825 923 qui-

122 940 186 971 que
204 931 340 971 gaudet,
357 931 580 972 philosophos
598 933 746 964 ludibrio
769 934 824 963 lia—

121 980 206 1011 beri.

165 1033 225 1061 133
251 1030 382 1071 Cynica]
428 1032 497 1062 Pro
517 1032 727 1072 quibuslibet
746 1032 823 1063 Phi·

119 1081 264 1122 losopliis
303 1083 453 1113 nominat
488 1083 633 1123 Cynicos
671 1083 821 1114 Persius.

121 1132 230 1162 Porro
247 1136 341 1163 secta
357 1132 414 1163 illa
431 1133 530 1164 valde
554 1138 629 1164 erat
645 1134 760 1165 odiosa
779 1133 820 1164 ob

119 1182 391 1223 mordacitatem,
407 1183 450 1214 ob
468 1194 566 1225 quam
591 1184 710 1225 Cynici
735 1184 819 1215 dicti

118 1240 197 1264 sunt
213 1233 272 1264 illi.
297 1233 452 1265 Laertius
471 1235 512 1265 dc
530 1234 686 1275 Diogene
703 1234 821 1274 refert,

118 1282 207 1323 quod
225 1283 455 1324 interrogatus
477 1294 581 1326 quare
598 1285 689 1316 canis
706 1285 821 1325 appel-

119 1334 258 1373 laretur,
287 1334 483 1374 respondit:
521 1335 593 1375 quia
624 1336 656 1365 in
687 1345 738 1365 eos
767 1335 820 1375 qui

116 1385 203 1423 «lant,
217 1384 356 1415 blandior
369 1395 454 1421 sunu
477 1386 508 1416 in
526 1396 574 1416 eos
590 1387 641 1426 qui
658 1396 715 1416 non
731 1386 821 1425 dunt,

116 1433 253 1469 oblalro;
277 1435 371 1464 malos
385 1437 486 1465 autem
504 1437 637 1465 mordeo.
684 1435 754 1465 Alii
777 1436 818 1466 ab

117 1483 344 1514 obscoenitate
373 1484 520 1523 Cynicos
551 1486 670 1516 volunt
697 1495 819 1516 nomen

116 1534 285 1565 habuisse.
331 1535 418 1565 Vide
436 1536 550 1566 Laert.
569 1537 590 1566 l.
609 1546 655 1567 u.

158 1584 313 1624 Barbam]
354 1583 465 1615 Atrox
481 1590 556 1616 erat
573 1586 697 1626 injuria
713 1591 749 1617 et
770 1587 818 1617 lu-

115 1634 261 1665 dibrium
290 1635 431 1666 barbam
461 1637 584 1667 vellere
613 1637 715 1668 alicui
743 1641 816 1668 tan-

114 1695 214 1726 quam
230 1684 323 1716 fatuo
340 1685 493 1717 nimirum
512 1691 545 1717 et
559 1686 693 1718 stolido.
728 1688 815 1718 Hor.

115 1738 184 1767 Sat.
202 1745 225 1766 1.
241 1738 273 1767 3.
302 1736 363 1766 sub
381 1735 492 1767 finem.
538 1737 647 1767 Porro
664 1737 815 1768 Philoso-

112 1786 169 1826 plii
185 1786 323 1817 barbani
347 1788 544 1828 promissam
569 1789 660 1819 alere
678 1787 815 1820 affecta-

113 1837 214 1866 bant:
240 1837 385 1878 hincque
400 1838 587 1878 sapientem
607 1838 742 1869 barbam
762 1848 816 1869 vo-

113 1891 167 1918 cat
185 1886 359 1918 Horatius.
405 1887 494 1917 Vide
512 1887 598 1917 iufra
615 1889 687 1918 Sat.
706 1898 752 1920 ιν.
772 1891 799 1919 l.

161 1937 276 1977 Vellet]
324 1938 367 1968 Ut
391 1937 469 1968 Lais
495 1937 655 1978 Diogeni,
675 1938 730 1978 qui
747 1944 814 1969 me-

113 1988 271 2019 retricem
306 1989 393 2018 lianc
433 1988 568 2025 amavit,
601 1993 638 2018 nt
669 1992 816 2019 testatur

112 2038 241 2069 Athen.
257 2039 279 2069 l.
297 2048 379 2069 xm.

156 2089 312 2128 Nomii-ia]
359 2088 526 2119 Meretrix
539 2089 722 2129 juvenibus
740 2099 814 2129 per-

112 2138 251 2178 niciosa,
271 2146 306 2169 ut
324 2138 458 2179 quidam
475 2140 603 2178 volunt,
620 2139 668 2170 sic
686 2139 779 2171 dicta
795 2150 814 2170 a

114 2188 234 2227 Nonis,
261 2199 336 2230 quae
354 2189 442 2219 inter
458 2188 622 2219 infaustos
649 2190 720 2220 dics
737 2200 814 2221 cen-

110 2238 296 2271 sebantur:
324 2239 478 2272 Macrob.
507 2240 529 2270 1.
562 2249 584 2270 ι.
615 2241 666 2271 vel
691 2241 815 2281 potius,

879 791 952 822 qnoe
971 785 1102 821 prostat
1119 781 1160 812 ab
1178 782 1260 812 liora
1277 791 1376 821 nona,
1392 785 1425 812 et
1443 791 1461 811 a
1486 791 1584 821 pran-

879 831 950 871 dio,
976 841 1049 861 cum
1071 832 1142 871 jam
1168 833 1312 872 negotiis
1336 833 1487 863 hominos
1506 837 1583 863 snut

878 881 987 912 minus
1003 883 1172 922 occupati.

923 934 985 962 134
1010 931 1088 972 His]
1132 932 1270 963 Talibus
1301 933 1489 963 hominibus
1523 934 1581 963 ini-

878 982 999 1020 pcritis
1027 986 1063 1012 et
1090 982 1226 1022 ineptis,
1242 983 1363 1013 artium
1392 983 1580 1014 liberalium

877 1040 916 1061 ac
947 1032 1167 1062 scientiarum
1195 1032 1428 1073 incapacibus,
1457 1033 1580 1063 mando

876 1086 911 1112 ct
937 1082 1098 1122 indulgeo
1123 1084 1364 1123 occupationes
1395 1083 1514 1124 dignas
1531 1093 1579 1122 se,

875 1143 998 1173 nempe
1015 1138 1182 1174 quoestum
1200 1138 1235 1164 et
1252 1134 1456 1174 voluptates.

918 1183 1013 1213 IlIune
1042 1183 1191 1224 edictum]
1236 1185 1360 1215 Forum
1392 1195 1492 1216 mane
1522 1194 1580 1225 pe-

876 1238 963 1273 tant,
982 1234 1039 1264 ubi
1067 1234 1230 1265 Praetoris
1255 1235 1373 1266 ‘edicta
1395 1235 1582 1275 excipiant,

874 1288 998 1316 vacent
1014 1286 1165 1316 avaritiae
1182 1289 1217 1316 et
1230 1284 1352 1316 foenori
1369 1286 1550 1327 exigendo.

918 1335 996 1365 Post
1022 1335 1172 1375 prandia]
1229 1336 1313 1366 Post
1342 1335 1450 1367 forum
1482 1346 1581 1376 pran-

875 1386 1000 1416 deant:
1025 1396 1064 1417 ac
1082 1386 1206 1418 deinde
1225 1397 1287 1427 per
1302 1387 1393 1418 diem
1411 1388 1578 1428 reliquum

873 1436 1072 1476 indulgeant
1099 1437 1280 1477 voluptati.
1326 1438 1376 1468 Ea
1404 1442 1456 1468 est
1485 1437 1577 1477 plebi

875 1487 1040 1527 imperitae
1053 1487 1310 1518 accommodata
1327 1487 1461 1517 vivendi
1479 1487 1577 1518 ratio.

917 1537 1107 1577 Callirhoen]
1164 1538 1227 1568 Vel
1258 1542 1407 1568 scortum
1437 1537 1575 1578 aliquod

872 1586 1056 1618 famosum:
1083 1588 1136 1618 vel
1161 1588 1316 1618 scenicos
1344 1588 1453 1628 indm,
1468 1593 1504 1619 et
1529 1587 1577 1619 sa-

872 1637 986 1668 bulam
1028 1637 1070 1668 de
1101 1637 1269 1668 Callirhoe
1303 1641 1383 1668 tunc
1415 1638 1577 1677 temporis

871 1688 1024 1719 exhiberi
1043 1688 1199 1726 solita1n3
1223 1689 1277 1719 vel
1305 1689 1514 1720 natationem
1542 1696 1578 1721 et

870 1738 1183 1770 deambulationem
1199 1739 1241 1770 ad
1261 1738 1389 1770 fontem
1407 1740 1503 1770 istius
1518 1750 1576 1771 no-

870 1789 969 1820 minis
997 1790 1030 1820 in
1061 1788 1191 1821 Attica.
1238 1789 1427 1820 Contendit
1454 1790 1578 1821 Marci-

869 1840 932 1870 lius
962 1839 1179 1870 referendum
1209 1850 1283 1871 esse
1316 1840 1358 1871 ad
1393 1840 1576 1880 Neronem,

869 1891 925 1932 qui
943 1892 1113 1931 popellum
1131 1892 1245 1922 edicto
1272 1896 1422 1930 vocaret,
1446 1896 1482 1922 et
1498 1901 1576 1922 can-

869 1946 1019 1972 taturum
1051 1952 1087 1973 se
1118 1942 1309 1972 Callirhoen
1335 1943 1572 1982 promitteret:

869 1996 908 2022 ut
924 1992 967 2022 sit
985 1991 1098 2023 Persii
1113 2001 1249 2022 sensus:
1276 1992 1364 2022 tales
1391 2001 1453 2031 ego
1481 1992 1574 2023 andi—

869 2046 960 2072 tores
987 2041 1063 2072 hinc
1094 2052 1113 2072 a
1141 2041 1220 2072 ineis
1248 2041 1366 2072 Satiris
1392 2042 1512 2082 ablego
1530 2042 1571 2073 ad

868 2091 1039 2122 audienda
1071 2091 1217 2123 Neronis
1253 2092 1371 2132 inepta
1408 2092 1572 2123 carmina:

868 2152 1029 2183 suamque
1046 2143 1224 2183 lutei-pres
1248 2143 1303 2173 ille
1327 2142 1427 2173 fulcit
1443 2142 1573 2182 opinio-

868 2202 944 2222 ncm
961 2202 1002 2222 ex
1025 2203 1066 2223 co
1083 2192 1173 2234 quod
1194 2194 1367 2224 Neronem
1385 2192 1417 2222 in
1435 2192 1496 2223 hac
1513 2193 1571 2223 Sa=

870 2242 935 2274 tin-a
952 2243 1090 2274 Persius
1107 2243 1279 2284 praecipue
1295 2247 1441 2283 spectet.
