1888 3032
719 116 901 148 sA'rmA
943 118 975 148 1.

120 212 304 265 Pinguis
324 212 600 266 aqualiculus
621 227 838 268 propenso
859 214 1122 268 sesquipede
1143 218 1298 257 exstet.

121 278 160 321 O
179 279 290 320 Jane
308 279 316 320 !
340 292 366 320 a
385 284 504 332 tergo
525 294 652 334 quem
672 282 790 322 nulla
811 283 981 322 ciconia
1000 283 1147 336 pinsit,

120 345 218 387 Neo
238 360 389 388 manus
411 349 629 389 auriculas
650 350 818 390 imitata
838 354 904 391 est
925 350 1099 390 mobilis
1122 350 1252 400 altas,

120 413 218 456 Nec
238 415 411 468 linguae,
433 421 642 470 quantum
665 417 787 457 sitiat
809 418 930 457 canis
955 416 1146 470 Appula,
1169 419 1362 460 tantum!

1519 419 1576 461 60

115 569 367 608 quandoquidem,
384 579 402 599 o
421 570 526 607 Calue,
552 568 613 598 tibi
625 567 779 608 prominet
794 570 901 598 venter
917 567 1033 606 obesus,
1050 578 1108 599 meo
1128 570 1204 609 pede
1218 573 1247 600 et
1263 570 1392 601 dimidio
1407 574 1577 611 proteum.

121 613 150 642 0
167 610 250 641 felix
265 613 360 649 June,
386 622 471 652 quem
488 622 506 642 a
533 615 620 650 tergo
643 611 729 641 nulla
746 610 851 640 tundit
873 611 1003 650 ciconia,
1028 621 1124 651 neque
1149 622 1255 643 manus
1279 613 1397 653 inflexa
1425 615 1580 655 expressit

115 663 204 685 aures
226 654 310 685 asiui
336 654 439 690 albus;
462 664 558 694 neque
584 654 703 685 irridet
730 658 859 684 exertae
888 653 1006 693 lingua»
1032 657 1165 694 tantum,
1190 659 1336 695 quantum
1365 657 1477 689 exerit
1493 658 1579 689 canis

731 758 846 770 ιιιιιι

849 758 944 769 eeeee

116 827 158 855 56
184 826 268 861 Quid
278 830 349 867 pote
366 827 432 858 Ms.
450 828 578 858 R.—5s
597 827 833 868 Antiquissimi
849 826 984 867 quidam
1002 826 1123 857 Critici
1139 827 1298 867 legerunt
1312 827 1405 866 pisat,
1422 827 1474 858 vel
1486 827 1578 867 pisit.

119 868 428 909 Casaub0n.pin.r1't
447 871 512 900 Ms.
529 870 695 902 Gar—59
719 871 849 901 Omnes
874 869 945 899 fere
961 869 1130 899 editiones
1155 875 1191 899 et
1217 870 1422 900 membranae
1447 870 1577 901 habent

116 910 297 943 tillem—60
321 916 419 943 tautoe
446 913 513 945 Ms.
541 914 581 944 R.
627 916 724 943 tanta:
749 912 875 943 habent
899 912 1117 942 membranae.
1162 912 1253 943 Puto
1283 916 1396 943 tamen
1421 912 1579 944 Persium

778 1054 810 1086 N
816 1053 922 1085 0¹1¹AE

165 1127 220 1159 Vis
239 1129 354 1170 dicam]
406 1131 510 1162 Visne
541 1135 578 1162 ut
608 1141 670 1172 ego
702 1140 818 1162 verum

114 1177 259 1219 ingenue
275 1180 338 1210 tibi
352 1181 474 1221 dicam,
487 1181 576 1223 quod
593 1181 719 1213 frustra
732 1191 820 1222 quae-

116 1229 160 1259 ris
177 1229 219 1260 ab
233 1231 487 1263 adulatoribus?

873 1139 989 1160 manus
1005 1130 1064 1161 sed
1082 1130 1160 1162 colli
1186 1130 1386 1161 extensione
1412 1134 1492 1170 post
1519 1129 1578 1160 ali-

874 1190 986 1222 quem,
1012 1181 1118 1213 instar
1145 1182 1349 1213 ciconiarum
1378 1180 1501 1211 collum
1523 1190 1581 1211 ex-

873 1232 1097 1264 tendentium.
1159 1232 1260 1265 Quod
1291 1231 1520 1270 verisimilius,
1544 1234 1580 1263 et

159 1280 314 1319 Nugaris‚
330 1292 397 1312 cum
414 1282 484 1322 tihi,
510 1284 579 1324 &cd
613 1283 723 1323 Nugae
741 1287 819 1314 sunt
868 1284 969 1324 juvat
984 1285 1031 1314 D.
1054 1283 1254 1323 Hieronym.
1280 1283 1354 1313 loco
1377 1291 1454 1313 mox
1470 1281 1579 1313 citan-

117 1334 176 1361 tua
191 1332 338 1362 carmina
354 1338 388 1363 et
404 1333 545 1374 ineptiae
561 1345 567 1364 :
586 1344 724 1375 operam
743 1344 819 1374 per-

116 1379 168 1410 dis
192 1380 225 1411 in
249 1382 414 1412 cudendis
442 1384 606 1423 versibus,
633 1395 714 1425 quos
737 1395 821 1415 nun-

117 1439 215 1471 quam
234 1430 341 1462 bonos
364 1431 483 1464 facies.
530 1434 616 1464 Nam
636 1436 768 1475 pinguis
785 1441 820 1466 et

115 1481 238 1512 obesus
264 1487 383 1513 venter
409 1483 568 1515 subtilem
594 1494 727 1515 sensum
754 1496 821 1516 non

116 1532 276 1572 parturit,
294 1533 397 1572 juxta
415 1534 574 1565 Graecum
593 1536 689 1575 illud,
703 1538 821 1576 παχεῖα

115 1581 238 1622 ’γαστὴρ
249 1582 366 1613 λεπτὸν
381 1583 416 1613 οὐ
430 1583 526 1614 τίκτει
544 1585 623 1616 voda.

158 1635 198 1663 57
243 1634 459 1675 Aqualiculus]
497 1636 745 1667 Diininutivum
777 1637 820 1668 ab

116 1683 228 1724 aquali
245 1689 280 1714 et
304 1686 469 1724 aqualieo,
495 1687 584 1727 quod
610 1688 746 1727 proprie
763 1698 820 1718 vas

115 1736 179 1772 est,
204 1733 238 1763 in
265 1744 331 1775 quo
350 1734 470 1766 bibunt
488 1737 600 1776 porci:
626 1748 820 1779 quanquam

117 1782 285 1823 significat
296 1785 399 1816 etiam
417 1787 544 1817 ventris
562 1787 660 1818 imam
676 1795 820 1829 partem.

159 1836 200 1864 58
226 1835 254 1864 0
268 1835 366 1875 June]
388 1837 496 1868 Janus
513 1839 623 1877 Deus,
639 1840 694 1870 cui
711 1840 823 1871 binam

116 1881 266 1915 frontem
300 1884 462 1917 affluxere
495 1894 647 1919 veteres:
686 1890 774 1920 unde
805 1900 824 1920 a

117 1941 213 1976 tergo
229 1937 378 1968 derideri
393 1948 457 1969 non
475 1950 570 1979 posse
585 1940 730 1972 affirmat
743 1943 826 1973 Per-

118 1987 200 2025 sius,
215 1987 360 2028 hincque
378 1989 510 2019 felicem
526 2001 599 2021 esse
616 1992 675 2022 ait.
724 1992 822 2024 Quod

118 2037 145 2067 si
170 2037 340 2068 Poetastri
368 2039 444 2070 bina
470 2041 600 2080 pariter
625 2041 739 2074 fronte
771 2053 823 2073 es-

118 2092 207 2125 sent,
223 2087 408 2119 derisiones
427 2100 445 2119 a
462 2095 559 2131 tergo
577 2092 736 2131 plurimas
753 2095 822 2123 evi-

119 2142 245 2177 tarent,
275 2143 333 2169 ant
361 2141 480 2170 saltem
512 2141 683 2180 videntes,
722 2153 821 2185 quam

118 2188 187 2219 sint
203 2189 338 2220 ridiculi
364 2195 508 2222 nossent.
553 2192 605 2222 De
631 2193 718 2225 Jano
746 2195 822 2235 lege

118 2238 146 2269 si
163 2239 211 2269 vis
224 2239 379 2270 Macrob.
397 2241 531 2271 Saturn.
549 2251 572 2272 1.
587 2246 618 2273 9.

163 2289 261 2319 Nulla
285 2290 403 2321 ciconia
422 2291 536 2331 pinsit]
559 2293 599 2323 Id
625 2299 688 2332 est,
714 2294 823 2324 nullus

119 2338 245 2380 digitus
261 2341 302 2371 ad
320 2341 455 2372 modum
479 2343 581 2373 rostri
608 2344 749 2374 ciconiae
766 2354 824 2375 ex-

121 2397 257 2431 tensus;
284 2393 372 2434 quod
401 2394 544 2434 primum
569 2399 620 2424 est
645 2394 824 2425 derisionis

121 2452 234 2483 genus.
301 2445 347 2475 D.
381 2445 582 2486 Hieronym.
615 2444 754 2476 Praefat.
786 2445 821 2475 in

119 2492 345 2533 Sophoniam:
371 2495 427 2525 ‘s‘i
455 2496 583 2526 scirent
610 2495 757 2526 Holdam
772 2496 821 2526 vi-

119 2542 164 2573 ris
181 2545 374 2576 tacentibus
391 2546 624 2587 prophetasse,
650 2556 822 2587 nunquam

120 2597 200 2633 post
224 2599 357 2635 tergum
379 2606 488 2628 meum
513 2607 647 2628 manum
668 2598 822 2628 incurva-

121 2647 196 2673 rent
211 2643 244 2673 in
259 2645 446 2678 ciconiam!
492 2646 560 2678 Alii
576 2652 689 2678 tamen
705 2648 824 2678 volunt

121 2695 323 2731 derisionem
351 2699 444 2731 illam
473 2698 548 2730 fieri
577 2698 724 2739 solitam,
754 2706 823 2728 non

874 1333 929 1374 do,
945 1332 987 1364 ad
1004 1333 1136 1364 Rustic.
1150 1332 1309 1363 Monac-li.

918 1387 959 1415 59
983 1384 1050 1414 Nec
1078 1393 1186 1414 manus
1211 1383 1383 1422 auriculas]
1420 1381 1578 1412 Alterum

876 1441 930 1466 est
967 1434 1144 1465 derisionis
1183 1443 1300 1474 genus,
1337 1432 1502 1473 appositis
1536 1432 1579 1462 ad

877 1491 1031 1526 tempora
1059 1484 1250 1525 pollicibus,
1280 1484 1362 1514 alios
1390 1483 1515 1523 digitos
1544 1487 1580 1513 et

875 1537 1035 1578 reliquam
1063 1545 1199 1566 manum
1225 1544 1364 1566 movere
1394 1544 1433 1565 eo
1463 1532 1578 1573 modo,

875 1597 940 1628 quo
957 1587 1067 1618 asinus
1084 1590 1198 1616 movet
1214 1595 1321 1616 aureS.

917 1636 1024 1676 Aetas]
1045 1637 1145 1677 Vulg.
1163 1636 1260 1676 albas,
1291 1634 1370 1677 quia
1386 1634 1474 1665 intus
1492 1633 1578 1665 albae

874 1693 953 1720 sunt
968 1698 1067 1720 aures
1083 1687 1233 1718 asininae.

918 1743 959 1771 60
985 1741 1051 1770 Nec
1067 1739 1193 1778 linguae,
1209 1735 1372 1778 quantum]
1406 1735 1482 1766 Nec
1508 1734 1580 1764 irri·

877 1790 936 1822 det
952 1795 986 1822 te
1000 1793 1177 1830 protracta
1192 1792 1325 1818 tantum
1338 1787 1462 1826 lingua,
1476 1795 1580 1827 quan-

879 1846 949 1872 tum
966 1841 1166 1883 protrahere
1183 1839 1293 1870 solent
1304 1846 1404 1868 canes
1416 1836 1581 1867 sitibundi

877 1893 911 1923 in
929 1893 1067 1932 regione
1083 1890 1205 1922 calida.
1229 1890 1238 1905 ‘
1254 1889 1331 1918 Tria
1356 1892 1434 1917 sunt
1459 1895 1580 1916 sanna-

879 1953 949 1973 rum
968 1950 1110 1981 genera:
1136 1944 1195 1971 aut
1211 1948 1309 1968 mauu
1326 1935 1516 1977 significare
1535 1936 1581 1966 ci·

876 1993 1029 2031 coniam3
1081 1996 1140 2022 aut
1170 1989 1326 2030 apposito
1366 1986 1580 2027 temporibus

877 2044 1012 2084 pollice,
1050 2041 1217 2072 auriculas
1247 2039 1405 2077 asininas,
1435 2041 1495 2068 aut
1520 2037 1582 2068 lin-

878 2103 978 2134 guam
1010 2092 1156 2123 sitientis
1188 2090 1304 2122 canis!
1369 2089 1455 2119 Haec
1486 2092 1581 2119 vetus

875 2145 989 2175 Scliol.
1007 2145 1052 2174 D.
1069 2147 1182 2173 autem
1209 2142 1408 2180 Hieronym.
1433 2138 1468 2171 in
1484 2138 1582 2180 Epis-

876 2196 945 2226 tola
974 2193 1017 2224 ad
1043 2193 1220 2224 Rusticum
1249 2191 1473 2221 Monachum:
1499 2189 1508 2205 ‘
1526 2189 1582 2219 Ne

876 2244 1018 2282 credas‚'
1050 2243 1171 2284 iuquit,
1202 2239 1472 2277 ‘laiulatoi-ibiis,
1513 2237 1581 2268 imo

877 2295 1083 2332 irrisoribus,
1107 2293 1254 2333 quicum
1273 2296 1306 2322 te
1331 2287 1581 2321 adulationibus

877 2346 945 2376 suis
962 2343 1120 2382 foverint,
1135 2343 1163 2373 si
1177 2342 1288 2373 subito
1302 2338 1507 2380 respexeris,
1523 2341 1582 2369 aut

879 2396 1086 2428 ciconiarum
1103 2391 1337 2434 deprehendes
1353 2395 1428 2430 post
1443 2393 1478 2420 te
1495 2388 1583 2419 colla

877 2445 1024 2484 curvari,
1052 2448 1109 2474 aut
1135 2452 1235 2474 manu
1260 2441 1429 2472 auriculas
1458 2437 1581 2478 agitari

877 2496 974 2535 asini,
1001 2500 1059 2524 aut
1083 2498 1286 2525 aestuantem
1303 2491 1396 2522 canis
1421 2486 1580 2529 protendi

876 2543 1048 2586 linguam!
1549 2585 1554 2591 Ι

921 2595 1018 2626 Curiis
1032 2592 1172 2634 Appula]
1196 2591 1322 2632 Apulia
1347 2588 1459 2621 Italiae
1487 2595 1580 2626 regio

876 2655 994 2677 versus
1010 2644 1133 2675 ostium
1148 2643 1239 2673 sinus
1256 2637 1437 2671 Adriatici.
1476 2635 1581 2669 Poni-

878 2702 935 2729 tur
950 2705 1012 2737 pro
1029 2693 1179 2736 qualibet
1192 2691 1329 2731 regione
1343 2686 1465 2720 calida.
