1888 3032
767 154 1033 185 PROLOGUS.

1576 144 1633 186 :23

284 247 505 303 Picasque
526 248 675 290 docuit
693 251 826 291 verba
841 255 988 292 nostra
1008 248 1189 292 conari?

284 318 497 371 Magister
519 319 625 360 artis
646 319 871 371 iugenique
892 319 1068 372 largitor

1575 316 1630 357 10

284 385 461 436 Venter,
483 391 660 440 negatas
683 386 841 427 artifex
863 386 988 439 sequi
1011 398 1156 427 voces.

285 453 416 503 Quod
441 455 476 494 si
498 454 640 495 dolosi
662 466 763 507 spes
779 453 995 494 refulserit
1011 454 1189 502 nummi,

286 521 454 562 Cervos
474 520 630 576 poetas
653 525 695 561 et
715 520 903 573 poetrias
925 521 1050 574 picas

284 589 471 630 Cantare
494 589 647 629 credas
670 588 932 642 Pegaseium
951 591 1109 628 nectar.

168 694 315 724 humanas
327 692 433 725 voces?
462 695 572 725 Venter
587 694 703 724 artium
724 695 839 730 (mittor,
860 693 980 731 ingenii
1008 694 1111 731 dator,
1136 692 1258 732 peritus
1279 692 1399 732 assequi
1421 692 1513 723 rerba
1529 692 1632 723 incon-

168 747 261 767 cessa.
303 736 391 772 Quod
406 738 433 767 si
445 740 591 777 appareat
610 748 677 776 spes
693 737 864 767 lucraudae
881 737 1020 776 pecunia>
1027 735 1167 776 fallacis,
1185 739 1254 766 tum
1265 735 1426 776 putareris
1438 745 1542 765 corros
1559 735 1635 766 Po'e‘-

168 783 228 818 tw,
245 783 274 810 et
289 780 377 819 picas
393 780 538 810 Pom-ias
554 790 662 810 canere
679 790 801 810 carmen
822 780 1019 818 Pegaseium.

781 864 897 874 aeaeaeaeaeae

901 864 1016 874 ‘‘‘‘‘‘

169 917 322 953 blaudirz';
346 918 435 958 quod
466 928 579 948 omncs
607 918 810 948 membrana:
839 917 1041 957 repudiant:
1068 927 1130 948 uec
1157 917 1264 947 minus
1290 917 1383 947 illum
1400 916 1581 947 barbarum
1599 921 1635 947 et

169 960 348 991 ridiculum
366 961 777 1001 versum,quianonnullis
794 961 881 989 iuter
897 960 983 990 hunc
995 965 1029 990 et
1045 961 1299 999 praecedentem
1314 960 1513 990 collocatur.
1536 959 1633 989 Idem.

168 1006 231 1033 ——9
258 1004 421 1043 Pit-amque
438 1004 563 1034 C.——12
588 1003 679 1033 Libri
708 1003 915 1041 l'uteani‚et
934 1003 1001 1033 Ms.
1021 1003 1063 1033 R.
1088 1007 1123 1033 et
1149 1002 1459 1040 C.refulge11t.—13
1487 1001 1636 1032 Pauidus

170 1045 262 1076 Edit.
278 1047 396 1086 steph.
427 1046 588 1085 poetridas
606 1047 671 1075 Ms.
690 1046 816 1076 R.—1-t
841 1045 942 1076 Melos
966 1045 1058 1076 Edit.
1084 1046 1203 1085 steph.
1221 1051 1256 1076 at
1279 1045 1398 1076 Nectar
1415 1044 1549 1085 praebet
1566 1045 1634 1075 Ms.

171 1088 215 1119 R.
233 1093 267 1119 et
284 1089 348 1120 Ms.
366 1088 577 1129 pithoeanus,
594 1093 629 1119 et
646 1089 683 1119 C.

836 1163 975 1195 NOTAE

169 1239 243 1278 ipso
273 1237 393 1268 Persio
423 1238 495 1269 liaec
525 1238 742 1279 intelligaut3
779 1239 874 1279 quasi

171 1299 250 1321 vero
268 1294 336 1320 tam
353 1290 477 1320 misera
498 1289 602 1320 fuerit
629 1291 703 1330 ejus
726 1289 874 1329 fortuna,

170 1345 207 1370 ut
225 1345 429 1380 paupertate
447 1340 589 1371 adactus
608 1340 653 1371 sit
669 1340 710 1371 ad
728 1340 878 1371 scriben-

170 1391 230 1421 dos
256 1401 383 1429 versus,
410 1391 691 1431 quemadmodum
719 1391 776 1421 alii
806 1391 878 1432 qui-

168 1440 244 1471 (lam
259 1441 352 1472 istius
368 1442 543 1481 temporis.
566 1441 695 1471 Verum
712 1442 743 1471 iu
756 1442 829 1471 Sat.
843 1450 877 1471 v.

168 1493 260 1523 bulla
292 1502 328 1523 se
350 1498 520 1531 ornatum,
549 1493 701 1533 adeoque
731 1492 879 1523 nobilem

169 1543 311 1574 indicat.
358 1542 457 1573 Adde
475 1543 634 1573 carminis
653 1543 740 1584 quod
767 1548 876 1574 secta-

171 1599 225 1624 tur
256 1603 373 1634 genus,
397 1593 629 1623 abalienaudis
657 1598 751 1624 certe
775 1594 877 1624 homi-

171 1654 250 1674 num
287 1644 478 1684 potentium
509 1644 630 1675 animis
661 1645 772 1685 potius
804 1645 876 1675 ido-

170 1704 282 1734 neum,
311 1705 410 1736 quam
439 1695 602 1734 parandis
626 1695 752 1727 amieis.
804 1695 876 1726 Ita-

172 1756 238 1789 que
251 1747 416 1777 dicendus
434 1751 488 1777 est
505 1746 642 1777 Persius
664 1746 697 1776 iu
720 1747 770 1784 his
787 1746 875 1787 seip-

173 1808 245 1828 sum
271 1797 405 1838 quidem
436 1801 569 1837 petere,
597 1801 633 1827 at
656 1795 760 1828 ferire
782 1797 876 1836 alios,

173 1848 231 1888 qui
248 1847 395 1878 divinam
413 1847 562 1877 Po'eseos
583 1846 782 1877 facultatem
806 1847 875 1877 vel-

171 1902 210 1928 ut
249 1902 358 1928 artem
390 1901 615 1937 quaestuosam
655 1896 877 1937 arripiebant,

172 1947 324 1989 quamvis
341 1957 359 1977 a
376 1953 498 1977 natura
512 1950 683 1987 negatam.

216 1998 372 2038 psittaco]
396 1999 491 2029 Sicut
515 1998 584 2028 avis
606 1998 673 2028 ista
703 2006 770 2028 non
799 2006 877 2028 con-

173 2060 284 2082 cessas
301 2050 428 2091 alioqui
452 2059 566 2089 voces,
582 2048 672 2080 fame
691 2054 803 2080 tamen
820 2049 877 2080 sti-

173 2101 338 2140 mulante,
365 2105 507 2131 conatur
534 2100 747 2140 exprimere:
773 2100 821 2131 sie
843 2104 879 2131 et

175 2150 323 2191 quidam,
346 2154 384 2180 ut
412 2150 539 2181 victum
563 2151 721 2190 habeant,
747 2155 879 2181 utcum-

174 2210 240 2242 que
267 2209 382 2230 versus
411 2199 577 2238 scribunt,
609 2210 692 2240 quos
717 2199 878 2231 divitibus

174 2249 340 2288 offer-anu
387 2249 496 2279 iuvita
533 2249 672 2290 quidem
709 2249 878 2280 Minerva.

174 2300 263 2331 Vide
278 2300 368 2331 Plin.
387 2308 421 2330 x.
439 2302 492 2330 42.

217 2350 315 2382 Suum
327 2350 437 2391 Χαῖρε]
461 2349 564 2383 Quasi
581 2350 753 2390 propriam
771 2349 882 2381 avicu-

176 2402 215 2432 lis
232 2401 305 2431 istis
319 2400 487 2432 salutandi
507 2401 687 2432 rationem.

218 2457 238 2485 9
266 2452 367 2483 Verba
393 2451 515 2491 nostra]
554 2452 663 2483 Nobis
691 2451 879 2483 hominibus

177 2503 350 2544 proprium
366 2512 567 2535 sermonem.
595 2503 811 2534 Interseruut
823 2503 878 2533 hic

177 2553 280 2595 aliqui
292 2554 441 2594 spurium
455 2563 536 2584 sane
549 2553 753 2584 versiculum
767 2553 877 2584 huuc:

177 2603 330 2634 ‘Corvos
360 2603 434 2644 quis
463 2602 540 2634 olim
576 2612 760 2634 concavum
793 2603 879 2633 salu-

180 2657 256 2683 tare
267 2652 288 2682 ?'
310 2653 350 2684 Id
374 2657 439 2690 est,
454 2653 528 2694 quis
555 2653 658 2684 etiam
675 2653 793 2684 docuit
809 2663 880 2684 cor-

180 2711 257 2733 vum
275 2711 373 2734 rauca
398 2713 481 2735 voce
505 2706 541 2734 et
565 2712 715 2735 concava
729 2704 878 2735 salutare

930 1240 1098 1270 Caesarem
1124 1238 1328 1277 Augustum,
1354 1242 1433 1278 post
1461 1236 1636 1267 Actiacam

931 1290 1136 1322 victoriam?
1160 1290 1248 1320 Vide
1272 1289 1423 1321 Martial.
1442 1288 1635 1328 E1>ig.xlv.

931 1345 985 1373 73.
1009 1345 1061 1373 74.
1088 1345 1140 1373 76.
1179 1341 1267 1372 Item
1291 1339 1447 1371 Macrob.
1466 1337 1637 1369 Saturnal.

933 1402 972 1423 11.
990 1396 1019 1424 4.
1038 1392 1080 1423 ad
1096 1392 1208 1423 finem.

978 1446 1015 1473 11
1047 1443 1172 1482 Venter,
1189 1445 1319 1481 negatas
1334 1441 1452 1478 artifex
1477 1440 1563 1480 sequi
1586 1448 1636 1470 vo-

937 1494 999 1535 ees]
1021 1494 1161 1524 Scilicet
1186 1497 1306 1523 venter
1328 1491 1502 1522 famelicus
1527 1494 1635 1520 artem

933 1544 992 1575 (lat
1007 1549 1041 1575 et
1058 1543 1260 1575 facultatem
1278 1553 1377 1584 quam
1400 1547 1522 1573 natura
1538 1550 1638 1581 nega-

932 1599 1039 1625 verat.
1066 1594 1232 1624 Proverb.
1269 1594 1374 1624 Multa
1401 1595 1488 1624 docet
1509 1592 1638 1630 fames:

931 1650 966 1676 et
980 1645 1068 1686 apud
1087 1645 1245 1676 Graecos:
1271 1646 1403 1675 Πολλῶν
1422 1644 1438 1673 ὁ
1462 1641 1551 1681 λιμὸς
1566 1641 1636 1682 γίγ-

930 1709 1016 1728 νεται
1031 1695 1229 1727 διδάσκαλος.

974 1750 1014 1778 12
1040 1746 1167 1786 Dolosi]
1191 1747 1376 1777 Nummum
1405 1744 1570 1784 dolosum,
1595 1753 1636 1774 eo

930 1798 1018 1839 quod
1046 1798 1180 1828 dolosos
1203 1796 1309 1827 faeiat
1333 1795 1497 1835 homines,
1523 1794 1639 1825 vocari

931 1852 1054 1889 putant
1089 1847 1256 1878 nonnulli.
1314 1847 1435 1877 Malim
1465 1855 1527 1885 ego
1559 1855 1637 1875 cum

932 1899 1134 1930 Casaubono
1165 1898 1214 1928 ita
1245 1897 1323 1936 dici,
1354 1896 1442 1937 quod
1481 1905 1558 1935 spes
1593 1895 1638 1925 sit

932 1948 1006 1988 ejus
1022 1947 1242 1987 comparandi
1265 1955 1328 1986 per
1350 1944 1561 1975 adulationes
1579 1943 1636 1974 do-

932 1998 1031 2037 losas,
1060 2003 1095 2028 et
1122 1997 1241 2027 falsam
1274 1994 1482 2036 praestautiae
1508 1993 1638 2034 opinio-

931 2058 1022 2080 nem.

975 2102 1015 2130 13
1054 2101 1169 2129 Cervos
1199 2096 1326 2137 Poidtas,
1353 2096 1424 2136 εμπ]
1472 2095 1508 2126 Si
1538 2093 1638 2125 modo

933 2159 1011 2191 spes
1027 2148 1115 2179 lucri
1133 2146 1307 2187 affulgeat,
1324 2146 1473 2177 carmina
1496 2144 1640 2176 conscri-

932 2201 1015 2232 bent
1044 2199 1169 2239 garruli
1190 2198 1344 2239 quilibet,
1371 2196 1501 2235 insulsi,
1518 2195 1640 2235 inepti,

934 2261 952 2282 e
969 2250 1070 2281 trivio
1087 2248 1275 2280 Po'etastri.
1320 2248 1436 2288 Atque
1458 2246 1523 2277 sibi
1546 2245 1641 2276 vide·

935 2303 1062 2334 buntur
1089 2301 1172 2341 ipsis
1199 2299 1336 2339 egregia
1365 2308 1534 2339 promere,
1559 2297 1640 2328 dum

936 2352 1042 2394 :equis
1058 2361 1171 2382 rerum
1189 2349 1452 2381 aestimatoribus
1469 2353 1569 2380 eruut
1590 2348 1639 2378 lu·

936 2403 1057 2434 dibrio.

979 2456 1018 2484 14
1045 2455 1182 2485 Caniare
1197 2450 1317 2490 credas]
1340 2449 1503 2488 Subaudi,
1517 2457 1613 2489 posse
1630 2458 1638 2478 ε

934 2504 1020 2535 adeo
1038 2507 1159 2544 potens
1176 2507 1228 2533 est
1245 2501 1359 2532 lucelli
1376 2499 1514 2543 cupido,
1530 2497 1638 2528 duris-

935 2564 1001 2595 que
1016 2563 1137 2594 urgens
1154 2553 1186 2583 in
1204 2551 1303 2582 rebus
1319 2555 1463 2591 egestas.

978 2602 1182 2643 Pegaseium]
1199 2601 1381 2642 Egregium
1395 2607 1544 2637 carmen,
1558 2607 1638 2639 qua-

933 2656 965 2686 le
982 2654 1215 2695 composuerit
1238 2653 1264 2682 is
1284 2651 1340 2691 qui
1359 2660 1400 2680 ex
1417 2648 1638 2690 Hippocrene

935 2705 1075 2737 biberit.
