1888 3032
699 135 878 165 SA'rJRA
915 133 990 166 111.

131 288 333 344 NEMPE
350 304 433 344 hoc
450 302 627 343 assidue
643 303 661 342 'l
688 301 781 356 jam
803 301 967 342 clarum
987 312 1114 340 mane
1130 298 1338 340 fenestras

128 371 281 421 Intrat,
304 375 347 412 et
367 375 574 423 angustas
597 368 794 411 extendit
808 368 968 407 lumine
988 368 1137 408 rimas.

130 427 373 488 Stertinius,
396 438 657 479 indomitum
677 435 794 490 quod
813 434 1072 488 despumare
1096 434 1330 475 Falernum

102 514 104 516 ·
130 505 339 555 Sufficiat,
361 506 510 559 quinta
531 505 633 545 dum
653 504 769 544 linea
788 503 976 554 tangitur
993 502 1162 542 umbra.

175 641 301 672 Scilicet
313 642 374 674 ista
390 638 557 672 continuo?
580 641 656 672 Jam
667 641 860 681 splendidum
875 641 974 670 lumen
990 640 1177 670 matutinum
1190 637 1367 676 ingreditur
1375 635 1544 676 fenestras,
1559 639 1590 668 et

131 684 195 714 luce
210 687 304 723 auget
327 687 431 715 arctas
450 685 588 714 rimulas.
635 684 833 723 Indulgemas
856 693 970 720 somno,
993 683 1046 722 qui
1062 683 1161 712 valeat
1176 690 1355 720 concoquere
1371 680 1475 709 vinum
1490 684 1593 710 coctu

131 727 266 768 difficile,
281 728 400 767 quaudo
413 727 499 758 Solis
517 726 625 757 umbra
640 727 772 765 attingit
787 726 927 766 quintam
939 726 1061 756 lineam.

732 815 868 826 eeeeeee

1109 725 1189 756 Ecce
1207 724 1351 764 quidnam
1360 720 1470 760 sacis!
1494 721 1595 753 Stella

871 815 968 826 eeeee

174 886 191 913 1
218 882 338 922 Nempe
350 882 414 912 hoec
432 882 497 914 Ms.
516 882 660 914 Ga1.—9
685 882 805 913 Findor
817 882 961 913 Casaub.
980 880 1075 911 Edit.
1101 880 1229 912 Omnes
1244 876 1451 909 membranae
1469 880 1594 907 nostrae

796 969 934 1001 NOTAE

180 1045 196 1073 l
223 1042 341 1083 Nempe
364 1043 513 1083 1ιοε,ᾅϊ.]
558 1044 722 1076 Quotidie
749 1046 839 1076 scili-

136 1099 190 1125 cet
207 1094 280 1125 haec
292 1095 410 1125 eadem
424 1106 501 1135 ages
515 1097 596 1127 etin
609 1097 737 1128 clarum
751 1098 840 1129 diem

137 1145 285 1176 stertes?
320 1145 431 1186 inquit
455 1153 649 1188 praeceptor
677 1149 719 1179 ad
745 1149 842 1180 disci-

137 1195 247 1236 pulos,
262 1196 499 1237 Philosophus,
524 1198 672 1239 inquam,
688 1199 729 1229 ad
743 1199 842 1239 juve-

136 1255 196 1276 nes
214 1246 278 1276 sibi
294 1247 500 1286 commissos,
524 1252 559 1277 et
575 1258 670 1278 suam
695 1248 729 1278 in
745 1248 844 1278 disci-

138 1296 262 1337 plinam
281 1297 437 1328 traditos.

184 1347 295 1386 Mune]
332 1347 393 1377 Est
418 1347 527 1378 clarus
553 1348 637 1387 dies,
666 1352 754 1379 teste
770 1348 844 1379 Ma-

139 1396 269 1435 crobi0,
295 1407 394 1437 quem
422 1397 498 1437 lege
524 1398 689 1429 Saturnal.
706 1407 730 1429 1.
756 1401 786 1429 3.
811 1402 846 1429 et

142 1446 232 1477 Gell.
251 1456 305 1476 111.
322 1449 352 1477 2.

183 1500 202 1527 2
231 1497 397 1538 Extendit]
432 1497 588 1528 Latiores
615 1497 716 1528 rimas
744 1506 846 1537 appa-

141 1557 216 1578 rere
229 1546 360 1578 faciunt
376 1547 460 1578 radii
479 1549 604 1579 solares
619 1547 811 1579 intromissi.

184 1600 202 1628 3
226 1597 406 1638 Stertinius]
436 1598 663 1629 Subtimidam
690 1598 846 1638 increpa-

141 1648 267 1679 tionem
283 1648 317 1678 in
344 1648 454 1689 prima
480 1658 625 1689 persona
650 1648 704 1679 hic
732 1648 847 1679 obser-

141 1703 224 1730 vant
254 1698 418 1739 nonnulli,
441 1704 477 1730 et
494 1698 765 1739 condiscipulum
788 1708 846 1739 po-

141 1749 208 1780 tius
225 1760 326 1791 quam
341 1750 537 1788 magistrum
550 1750 693 1781 indicari
706 1750 824 1780 volunt
837 1761 844 1788 ;

143 1799 203 1830 sed
218 1799 298 1840 quid
315 1800 410 1830 obt-st
427 1800 626 1840 magistrum
639 1800 686 1831 ita
703 1800 849 1841 discipu-

143 1850 194 1881 los
212 1850 389 1889 increpare
408 1855 443 1880 et
460 1851 598 1891 quidem
616 1851 762 1881 acriter?

189 1901 378 1931 Indomitum
408 1900 589 1940 falernum]
627 1900 754 1932 Athen.
773 1902 795 1931 1.
825 1911 849 1932 1.

145 1949 356 1990 Campanum
387 1950 470 1980 illud
509 1951 624 1982 vinum
666 1950 852 1983 difficulter

145 2001 310 2041 concoqui
329 1999 486 2032 affirmat.

189 2050 393 2091 Despumare]
427 2052 580 2092 Metaph.
610 2061 629 2082 a
654 2056 777 2092 musto,
799 2052 855 2082 vel

146 2100 248 2131 etiam
265 2110 302 2131 re
318 2099 391 2131 fere
419 2101 585 2143 qualibet,
611 2112 686 2144 quae
710 2112 777 2134 non
795 2113 850 2134 co·

147 2150 272 2192 quitur,
284 2151 349 2181 nisi
367 2152 453 2182 actis
470 2153 608 2192 spumis.

189 2204 208 2232 4
235 2201 352 2237 Quinta
375 2203 448 2233 dum
470 2203 551 2234 linea
577 2204 720 2243 tangitur
736 2204 856 2244 umbra]

148 2250 354 2292 Hypallage.
393 2252 434 2283 Id
452 2257 517 2290 est,
533 2252 612 2283 dum
628 2253 662 2283 in
679 2254 782 2284 solari
799 2255 856 2284 ho-

146 2301 274 2342 rologio
289 2301 407 2333 umbra
423 2303 533 2343 tangit
554 2303 704 2344 quintam
720 2304 856 2342 lineam,

148 2351 300 2392 adeoque
314 2357 411 2382 notat
428 2353 543 2383 horam
566 2353 729 2394 quintam.
774 2354 855 2384 Duo

148 2401 202 2432 hic
231 2402 431 2442 explicanda
447 2414 453 2433 :
494 2404 651 2443 alterum,
689 2405 855 2446 quomodo

150 2451 358 2493 intelligatur
375 2453 457 2483 liora
470 2453 528 2484 illa
545 2455 685 2495 quinta:
712 2456 855 2486 alterum

150 2507 214 2543 est,
227 2503 345 2534 solaris
360 2503 731 2546 horologiiantiquitas.
757 2506 857 2538 Quod

152 2551 195 2582 ad
207 2553 350 2592 primum
365 2554 501 2593 attinet,
516 2555 762 2587 observandum
779 2566 859 2597 qno-

153 2602 218 2633 ties
233 2603 321 2643 apud
350 2604 517 2636 Auctores
546 2616 604 2636 seu
633 2606 775 2638 Graecos
801 2616 860 2637 seu

155 2652 292 2684 Latinos
318 2654 477 2685 horarum
502 2655 542 2686 fit
566 2656 706 2696 mentio,
727 2665 862 2697 semper

158 2700 375 2742 accipiendas
390 2704 489 2736 horas
506 2704 760 2746 dieinaturalis,
775 2705 864 2737 sicut

892 1045 947 1075 hic
957 1043 1047 1084 apud
1059 1042 1227 1073 Persium.
1240 1040 1467 1079 Distinguunt
1477 1045 1601 1076 nempe

894 1095 996 1133 diem,
1008 1094 1108 1124 alium
1123 1093 1271 1131 civilem,
1284 1091 1384 1121 alium
1399 1088 1603 1119 naturalem.

896 1146 964 1176 Hic
982 1145 1023 1175 ab
1051 1144 1139 1175 Ortu
1164 1142 1252 1173 Solis
1279 1141 1321 1171 ad
1350 1141 1520 1171 Occasum
1546 1147 1604 1168 ex·

898 1195 1070 1231 tenditur;
1095 1194 1166 1232 ille,
1182 1196 1317 1222 noctem
1334 1190 1433 1221 simul
1456 1194 1490 1219 et
1516 1187 1603 1218 diem

899 1245 1066 1284 continet,
1081 1243 1167 1274 etin
1194 1243 1292 1272 horas
1317 1239 1437 1281 viginti
1458 1242 1606 1279 quatuor

899 1293 1128 1325 distribuitur.
1168 1292 1277 1322 Porro
1292 1290 1381 1321 diem
1399 1288 1532 1320 civilem
1549 1286 1607 1317 alii

899 1346 1002 1377 aliter
1016 1343 1254 1385 [definierunt3
1291 1341 1410 1371 Persae
1433 1343 1468 1370 et
1494 1337 1607 1377 Baby-

900 1396 993 1433 lonii,
1018 1395 1108 1425 inter
1132 1393 1215 1423 duos
1238 1391 1324 1422 Solis
1353 1395 1515 1421 exortus:
1551 1386 1607 1417 AE-

902 1445 1024 1486 gyptii,
1054 1443 1294 1481 Athenienses,
1321 1446 1357 1472 et
1391 1449 1480 1470 nunc
1512 1437 1607 1477 Itali,

903 1496 1037 1526 Occasu
1053 1494 1140 1525 Solis
1156 1504 1162 1523 :
1188 1492 1324 1523 Etrusci
1340 1496 1375 1522 et
1390 1489 1526 1528 Umbri,
1541 1497 1610 1518 me-

902 1546 1070 1576 ridiebus:
1090 1544 1146 1575 alii
1164 1543 1282 1574 mediis
1300 1541 1471 1578 noctibus,
1487 1544 1525 1570 ut
1542 1539 1609 1569 Ro-

901 1596 990 1627 mani
1006 1596 1096 1633 olim,
1112 1599 1147 1625 et
1171 1603 1231 1624 nos
1243 1592 1356 1632 hodie,
1373 1591 1510 1632 aliique,
1527 1588 1610 1620 faci-

900 1656 984 1677 mus.
1032 1645 1077 1676 At
1103 1644 1175 1674 dies
1200 1642 1366 1673 naturalis
1390 1641 1450 1682 (de
1473 1649 1537 1682 quo
1553 1640 1609 1670 hie

901 1702 953 1728 est
967 1694 1124 1736 mentio),
1152 1694 1208 1735 qui
1225 1693 1326 1724 modo
1346 1692 1494 1730 brevior,
1511 1690 1612 1722 modo

902 1747 1032 1788 longior
1050 1756 1111 1787 pro
1134 1744 1267 1775 ratione
1290 1748 1482 1784 temporum
1499 1745 1535 1772 et
1557 1741 1614 1772 cli·

904 1802 1044 1835 matum,
1062 1794 1227 1825 dividitur
1247 1793 1281 1824 in
1305 1793 1405 1823 horas
1419 1801 1479 1823 seu
1496 1795 1613 1831 partes

905 1847 1083 1879 duodecim
1101 1847 1192 1876 inter
1209 1855 1244 1876 se
1260 1845 1421 1885 aequales,
1443 1842 1614 1883 longiores

906 1899 1042 1939 quidem
1060 1901 1192 1936 aestate,
1213 1906 1289 1926 cum
1315 1894 1446 1934 longior
1461 1898 1514 1923 est
1531 1892 1616 1932 dies,

903 1949 1024 1989 hyeme
1049 1956 1130 1977 vero
1158 1945 1344 1977 breviores.
1392 1943 1505 1983 Hujus
1532 1942 1616 1972 hora

905 1999 1015 2039 prima
1029 2002 1080 2028 est
1096 1996 1181 2027 Solis
1198 2000 1305 2034 ortus,
1323 1999 1420 2025 sexta
1443 1993 1617 2032 meridies,

907 2049 1111 2080 duodecima
1127 2046 1212 2078 Solis
1227 2055 1378 2077 occasuS.
1405 2044 1528 2084 Itaque
1547 2042 1616 2074 Ro-

908 2111 985 2139 mae,
1004 2099 1062 2130 ubi
1089 2098 1160 2129 dies
1186 2097 1319 2137 longior
1343 2093 1535 2126 solstitialis
1564 2097 1618 2124 est

908 2151 1065 2181 horarum
1081 2148 1188 2180 ferme
1218 2146 1425 2189 quindecim,
1451 2146 1532 2175 hora
1559 2144 1619 2175 illa

909 2201 1027 2242 quinta
1041 2200 1132 2231 circa
1156 2198 1337 2229 solstitium
1361 2196 1517 2226 aestivum
1534 2195 1620 2226 reci·

910 2251 1011 2282 deret
1027 2250 1069 2281 ad
1097 2254 1248 2279 nostram
1276 2247 1443 2278 decimam
1467 2256 1542 2277 cum
1559 2245 1620 2276 tri·

911 2301 973 2332 bus
989 2299 1254 2342 quadrantibus;
1293 2303 1329 2328 et
1355 2296 1448 2328 circa
1474 2296 1620 2328 Canicu-

911 2353 991 2390 lam,
1009 2351 1051 2382 de
1080 2360 1146 2391 qua
1169 2349 1224 2380 hic
1252 2348 1401 2387 Persius,
1425 2352 1517 2379 esset
1538 2347 1623 2378 hora

911 2403 986 2444 ipsa
1003 2401 1192 2440 undecima,
1208 2403 1266 2430 aut
1290 2408 1356 2430 non
1384 2398 1492 2429 multo
1508 2406 1620 2428 secus.

909 2453 998 2484 Vide
1014 2452 1102 2483 Plin.
1116 2460 1156 2482 11.
1174 2453 1227 2481 76.
1245 2454 1280 2480 et
1303 2452 1357 2481 77.
1375 2454 1411 2480 et
1428 2449 1447 2480 l.
1464 2457 1529 2479 vu.
1544 2457 1620 2486 cap.

912 2504 1044 2535 ultimo.
1073 2501 1231 2534 Mam-ob.
1247 2500 1320 2531 Sat.
1337 2509 1361 2530 1.
1378 2502 1410 2530 3.
1442 2496 1624 2529 Coe1.Rho-

913 2554 1019 2596 digin.
1037 2562 1105 2584 xu.
1121 2556 1152 2584 9.
1189 2551 1288 2583 Alex.
1316 2550 1358 2580 ab
1386 2548 1484 2579 Alex.
1501 2556 1549 2577 1v.
1567 2549 1622 2578 20.

916 2604 1019 2638 Quod
1047 2607 1183 2644 spectat
1216 2601 1258 2632 ad
1287 2598 1461 2637 horologia
1487 2596 1624 2636 solaria,

917 2655 1119 2694 illorumque
1151 2650 1404 2692 antiquitatem,
1452 2645 1479 2676 si
1509 2645 1623 2679 Plinio

918 2704 1018 2746 fides,
1046 2703 1174 2745 primus
1217 2708 1333 2732 eorum
1374 2697 1530 2728 inventor
1559 2694 1625 2726 fuit
