1888 3032
297 667 843 732 RECENSUS
898 671 1519 732 EDITIONUM

752 835 1046 897 PERsn,

195 980 361 1013 LONGE
387 981 599 1015 AUCTIOR
622 981 1180 1015 FABRICIO-ERNESTIANO
1205 983 1262 1014 ET
1293 981 1346 1014 IN
1380 979 1616 1015 QUATUOR

666 1057 860 1090 AETATES
892 1056 1128 1089 DIGESTUS

791 1228 830 1241 00
833 1227 1009 1240 OOOOOOOOO

181 1390 363 1446 PERsu
405 1417 530 1446 AE'rAs
569 1419 601 1446 1.
629 1408 766 1446 natalis
805 1407 1123 1455 1469.-1499.;
1154 1421 1240 1458 quae
1277 1407 1326 1445 ad
1357 1407 1530 1446 Persium
1559 1414 1641 1445 tum

233 1471 440 1522 separatim
467 1471 549 1509 sine
579 1473 666 1509 loco
696 1478 733 1509 et
753 1484 868 1515 anno,
889 1478 971 1508 tum
987 1472 1122 1508 Romae
1141 1483 1206 1520 ap.
1224 1470 1359 1509 Udalr.
1381 1471 1539 1508 Gallum
1561 1474 1641 1519 (an.

237 1537 372 1581 1470.)
400 1548 490 1572 cum
522 1535 707 1572 juvenale
739 1535 886 1573 editum
915 1535 1079 1584 origines
1105 1533 1233 1573 refert.
1292 1535 1374 1571 Has
1406 1540 1644 1584 exceperunt

236 1600 454 1638 Brixienses
474 1600 523 1637 ab
542 1613 604 1637 an.
631 1605 744 1644 1473.
759 1607 799 1636 et
814 1598 1121 1637 Mediolanenses
1137 1598 1325 1635 Zarotiuae
1345 1597 1395 1635 ab
1415 1611 1477 1636 an.
1502 1604 1641 1642 1474.;

234 1663 396 1703 Venetae
415 1663 517 1709 dein,
538 1676 699 1715 quarum
722 1674 753 1703 Ι.
775 1676 865 1700 cum
887 1664 1039 1700 Comm.
1061 1662 1195 1700 Barth.
1216 1662 1342 1699 Fontii
1362 1661 1506 1712 prodiit
1529 1668 1643 1701 1480.

236 1728 301 1766 Ab
316 1728 470 1766 alterius
483 1728 798 1766 commentatoris
814 1728 878 1765 Jo.
893 1727 1105 1765 Britannici
1125 1739 1218 1764 cura
1234 1726 1526 1763 commendatur
1536 1726 1645 1764 Brix-

233 1792 346 1830 iensis
363 1803 415 1830 11.
443 1798 555 1830 1481.
617 1793 791 1841 Uterque
815 1791 944 1840 juncti
964 1798 1186 1840 comparent
1213 1791 1251 1827 in
1271 1791 1420 1827 Veneta
1438 1801 1502 1828 vl.
1526 1796 1643 1836 1491.

238 1856 391 1894 Persius
411 1869 501 1893 vero
523 1856 584 1893 vel
605 1856 724 1900 solus,
747 1856 806 1893 vel
828 1868 916 1892 cum
937 1855 1126 1892 Juvenale
1146 1854 1210 1891 edi
1231 1854 1447 1892 consuevit.

186 1920 271 1959 Sine
291 1933 393 1958 anno
413 1929 450 1958 et
470 1920 582 1958 loco:
604 1921 723 1957 Persii
745 1921 891 1970 Satyrae
910 1934 918 1963 ;
942 1932 1058 1970 quam
1074 1918 1243 1969 scriptor
1255 1919 1380 1956 Catal.
1399 1918 1499 1956 Bibl.
1520 1918 1647 1956 Hulsi-

239 1997 322 2022 anae
341 1984 513 2021 omnium
534 1984 751 2034 principem
772 1990 907 2020 censet
927 1996 972 2019 ex
991 1995 1115 2027 versu,
1137 1982 1203 2032 qui
1221 1983 1258 2019 in
1279 1981 1355 2020 fine
1375 1982 1537 2032 legitur:

401 2058 570 2108 Explicit
591 2059 752 2110 ignotus
771 2071 841 2108 per
860 2064 985 2095 totum
1007 2057 1172 2094 Persius
1191 2057 1337 2095 orbem.

189 2155 242 2163 —
262 2133 379 2171 Persii
398 2134 528 2171 Flacci
545 2134 770 2171 nobilissimi
790 2134 948 2185 Satyrici
968 2133 1118 2178 unicus,
1135 2132 1204 2170 sed
1219 2132 1522 2183 elegantissimus
1537 2133 1650 2183 Saty-

245 2210 373 2235 rarum
401 2197 497 2234 liber
517 2197 583 2235 fol.
604 2198 776 2236 occurrit
810 2199 846 2235 iu
880 2199 966 2236 Cat.
1001 2197 1103 2234 Bibl.
1138 2197 1371 2235 Uffenbach.
1392 2197 1442 2234 T.
1470 2208 1520 2234 11.
1541 2199 1648 2248 App.

245 2260 436 2298 Incunab.
457 2261 549 2298 artis
571 2268 721 2311 typogr.
743 2261 896 2298 Additt.
918 2275 955 2298 n.
975 2259 1066 2299 346.
1086 2273 1126 2310 p.
1151 2266 1239 2303 817.

193 2347 244 2355 -—
264 2332 301 2362 4.
322 2323 472 2361 Persius
492 2337 580 2362 cum
600 2324 737 2374 glossis
758 2324 950 2374 Scipionis
972 2323 1130 2361 Ferrarii
1149 2323 1309 2373 Georgii
1328 2322 1395 2361 filii
1411 2322 1459 2360 de
1474 2324 1651 2363 Moufer-

244 2394 341 2432 rato,
363 2397 599 2426 memoratur
626 2388 786 2438 Eugelio
819 2389 857 2425 in
893 2388 994 2426 Bibl.
1028 2387 1156 2425 select.
1178 2401 1217 2437 p.
1242 2393 1328 2427 1‘23.
1389 2388 1497 2425 Idem
1517 2389 1649 2440 Scipio

247 2452 360 2489 etiam
381 2451 419 2488 in
440 2453 524 2489 Val.
546 2453 676 2490 Flacci
696 2455 912 2502 Argonaut.
934 2453 1080 2503 glossas
1100 2451 1236 2490 edidit.

195 2515 282 2553 Sine
313 2528 426 2561 ann0‚
463 2516 584 2554 Persii
612 2518 781 2568 Satyrae;
811 2517 922 2568 cujus
953 2517 1016 2554 ed.
1049 2523 1291 2561 vetustatem,
1317 2522 1421 2553 certe
1456 2515 1493 2551 in
1524 2514 1652 2552 Gallia

247 2579 516 2629 principatum,
552 2581 698 2632 colligit
731 2582 901 2633 scriptor
933 2583 1022 2621 Cat.
1055 2580 1156 2619 Bibl.
1190 2581 1306 2618 Huls.
1340 2592 1384 2616 ex
1420 2577 1591 2615 versibus
1612 2577 1649 2615 in

252 2639 325 2678 fine
343 2654 351 2677 :

282 2714 398 2755 Delph.
413 2718 442 2745 et
462 2716 537 2748 Vur.
553 2718 637 2749 Clas.
940 2718 1032 2749 Pers.
1534 2713 1566 2744 T

1038 2832 1053 2851 Ι
