1888 3032
269 130 327 172 90
776 139 800 167 A
811 158 821 167 .

858 135 1018 166 mensu
1054 135 1227 165 FLACGI

270 233 453 274 Excutit
473 245 495 272 e
517 231 716 272 manibus
734 242 744 270 t
775 228 926 269 dentes
949 241 1152 282 crepuere
1174 230 1323 270 retecti
1341 244 1349 270 :

269 300 417 341 Uncta
437 299 602 339 cadunt
622 298 736 337 laxis
757 301 857 337 tunc
879 297 1172 350 pulmentaria
1193 296 1342 337 labriS.

272 368 392 410 Hinc
414 368 532 415 tuba,
556 365 779 406 candelae:
811 364 1070 418 tandemque
1091 364 1295 404 beatulus
1319 364 1407 405 alto

269 487 402 526 inrudit,
418 488 449 517 et
473 488 634 526 extorquet
657 495 672 516 e
695 484 836 515 manibus
852 483 1012 522 ferridum
1036 484 1162 514 calicem
1189 483 1471 524 capacissimum:
1497 483 1602 513 dentes
1623 481 1734 512 nudati

270 539 414 560 sonuere:
438 530 607 559 tumtunm
622 528 745 558 obsonia
768 527 913 559 excidunt
939 538 954 557 e
976 527 1066 557 labiis
1085 527 1203 558 solutis.
1247 527 1326 558 Inde
1352 526 1492 566 buccina,
1506 524 1616 562 faces:
1639 524 1738 555 etiae

884 617 1016 627 eeeeeee

1021 616 1117 627 eeeee

272 673 317 704 lia
333 676 532 714 agnoscunt.
560 673 841 704 &mahom—101
872 673 1043 703 Excutitur
1059 681 1141 702 man.
1159 671 1226 702 Ms.
1245 671 1287 702 R.

941 780 1082 812 NOTAE

317 860 376 889 101
402 859 522 889 Dentes
536 857 693 898 crepuere]
717 857 757 887 In
776 855 881 887 febris
898 856 982 896 rigo-

275 918 310 940 re
327 912 472 949 crepant
488 913 523 938 et
540 907 686 938 strident
703 907 789 937 allisi
806 906 939 937 dentes.

318 958 458 998 Retecti]
483 957 655 988 Reti-actis
672 967 752 987 sane
767 956 875 987 labiis.
914 955 981 986 Hic

276 1018 360 1040 unus
389 1009 607 1040 Casaubonus
633 1012 752 1039 contra
775 1016 900 1045 omnes,
927 1015 983 1036 ex-

276 1060 393 1100 plicat,
410 1060 521 1090 exesis
537 1059 692 1098 gingivis.
737 1058 804 1088 Sed
826 1055 983 1097 profecto

277 1110 413 1141 videtur
429 1110 549 1140 ductus
575 1109 742 1139 duntaxat
766 1108 874 1138 auimo
903 1116 984 1146 pug-

276 1160 392 1199 nandi,
418 1165 452 1191 et
472 1169 564 1190 more
582 1169 641 1189 suo
658 1157 877 1199 impugnandi
895 1158 985 1187 Mar-

277 1211 392 1242 cilium
410 1211 642 1250 Interpretem
660 1211 742 1240 alias
760 1209 941 1239 eruditum.

322 1263 384 1291 102
413 1261 514 1291 Uncta
529 1261 642 1290 cadunt
659 1259 741 1289 laxis
757 1257 867 1297 labris]
885 1256 986 1289 Quod

278 1312 354 1341 laxa
369 1310 454 1340 dicit
472 1310 609 1340 Persius
626 1309 735 1347 labra,
754 1313 788 1339 et
812 1307 900 1348 quod
914 1308 987 1337 (len-

279 1363 326 1392 tes
347 1363 477 1392 retectos
501 1370 578 1390 mox
603 1360 729 1398 aiebat,
752 1357 988 1390 Casaubonum

280 1410 449 1450 explodit,
466 1410 587 1450 utjam
600 1409 681 1440 dixi.
712 1409 824 1439 Unum
841 1407 929 1438 enim
947 1415 988 1436 ex

282 1460 348 1491 alio
378 1459 514 1490 videtur
545 1457 816 1498 intelligendum.
857 1456 988 1496 Hippo-

282 1515 365 1541 crat.
382 1510 415 1540 in
432 1511 614 1549 Prognost.
632 1510 680 1539 ait
704 1509 836 1548 signum
860 1516 933 1537 esse
957 1507 989 1536 in

283 1560 383 1601 aegris
400 1558 627 1598 mortiferum,
641 1558 776 1599 quando
793 1557 890 1588 labra
904 1557 990 1588 solu-

282 1615 317 1641 ta
334 1610 461 1640 habent
477 1614 512 1639 et
530 1608 723 1649 pendentia.

333 1660 436 1690 Unctu
449 1658 672 1698 pulmentaria]
700 1657 858 1697 Speciem
886 1657 991 1697 pultis

285 1709 447 1741 exhibent
460 1709 618 1739 nimirum
635 1708 810 1739 esculenta
826 1708 917 1737 varia
932 1707 991 1737 mi-

285 1761 430 1792 nutatim
449 1759 583 1790 coucisa
606 1763 641 1789 et
667 1767 727 1799 per
755 1757 917 1799 vomitum
942 1767 992 1788 re-

279 1811 391 1851 jecta.

331 1865 392 1892 103
411 1861 752 1900 111'nct11ba,camlelae‚
767 1860 836 1900 8)·c.]
856 1860 903 1891 Ut
915 1865 995 1891 ante

288 1911 489 1942 morientem
515 1911 638 1951 pinxit,
671 1910 719 1940 ita
750 1910 849 1941 funus
871 1911 996 1941 mortui

283 1962 354 2001 jam
373 1961 548 1998 describit,
573 1970 764 2001 quanquam
782 1960 910 2000 ὕστερον
925 1960 997 2000 πρό-

288 2024 388 2052 τερον,
437 2012 537 2042 Ritus
563 2011 640 2042 olim
669 2011 842 2041 obseivari
867 2011 997 2050 solitos,

290 2072 367 2093 cum
383 2062 456 2102 quis
475 2061 691 2097 moriebatur,
715 2062 835 2091 saltem
852 2061 996 2091 strictim

289 2112 345 2143 hic
362 2117 518 2143 attexere
543 2119 657 2150 operae
685 2111 830 2150 pretium
856 2115 919 2141 est.
966 2113 996 2140 l.

289 2163 397 2194 Simul
422 2167 523 2202 atque
548 2161 691 2190 animam
716 2160 789 2200 quis
812 2159 998 2198 efflaverat,

292 2214 584 2251 conclamabatur,
616 2212 649 2242 id
679 2218 743 2251 est,
774 2217 846 2242 tota
874 2211 1000 2241 familia

293 2264 438 2294 tollebat
455 2263 619 2303 ejulatum
637 2267 669 2292 et
687 2260 818 2292 fletum.
843 2264 874 2291 12.
892 2261 999 2292 Cada-

292 2324 381 2344 vere
392 2314 494 2344 cubili
512 2314 543 2343 in
560 2313 795 2353 quojacuerat
806 2316 1000 2342 extractum

292 2364 383 2394 humi
398 2363 642 2403 deponebatur.
667 2365 696 2392 3.
717 2363 836 2392 Calida
850 2363 1001 2393 ablutum

295 2414 499 2453 ungebatur.
524 2415 554 2442 4.
585 2413 691 2442 Lecto
708 2411 803 2441 ferali
820 2422 1001 2451 compone-

295 2464 397 2496 batur
412 2467 568 2493 ornatum
585 2468 619 2491 ct
638 2467 802 2501 paratum.
842 2466 873 2492 5.
892 2463 1002 2492 Collo-

296 2514 439 2546 cabatm·
460 2512 493 2543 in
521 2511 687 2541 vestibulo
706 2512 833 2548 domus,
849 2510 1002 2541 adhibito

298 2563 461 2595 custode:
487 2566 523 2593 et
538 2570 597 2601 per
623 2560 752 2600 aliquot
768 2559 840 2590 dies
854 2561 1003 2600 complo-

298 2613 449 2651 rabatur,
475 2610 630 2642 Naeniani
663 2609 856 2640 dicentibus
888 2611 1004 2641 amicis

298 2668 334 2695 et
351 2661 563 2705 propinquis.
607 2663 639 2691 6.
660 2659 822 2701 Denique
841 2659 882 2690 ad
902 2664 1006 2691 tumu-

1037 855 1105 885 lum
1123 852 1344 890 efferebatur,
1361 855 1397 882 et
1424 850 1457 881 in
1486 849 1642 890 sepulcro
1668 857 1747 879 con-

1038 907 1195 937 debatur.

1084 956 1185 995 Tuba]
1210 955 1281 987 Jul.
1300 954 1424 984 Pollux
1441 961 1521 983 vm.
1540 954 1569 982 l.
1587 950 1635 981 ait
1651 948 1746 980 tuba-

1040 1017 1111 1039 rum
1128 1006 1241 1037 souitu
1266 1004 1450 1036 convocari
1469 1003 1596 1034 amicos
1614 999 1749 1032 defunc-

1039 1059 1078 1099 ti,
1099 1063 1138 1089 ut
1164 1057 1303 1087 videant
1326 1056 1417 1085 nulla
1435 1064 1512 1084 euni
1538 1052 1570 1083 v'1
1593 1055 1748 1088 externa,

1040 1109 1100 1140 sed
1127 1114 1236 1138 morte
1260 1116 1321 1137 sua
1343 1105 1477 1136 obiisse.
1522 1101 1659 1134 Servius
1676 1100 1708 1130 in
1727 1100 1748 1130 l.

1041 1171 1075 1192 v.
1093 1159 1226 1192 AEneid.
1243 1168 1293 1189 vs.
1308 1160 1381 1189 138.
1398 1161 1432 1187 et
1446 1155 1512 1194 alii,
1525 1154 1640 1185 tubam
1654 1150 1748 1183 adhi-

1042 1211 1115 1242 beri
1144 1211 1176 1240 iu
1208 1209 1384 1239 funeribus
1410 1205 1586 1237 Nobilium
1612 1206 1647 1233 et
1672 1201 1751 1232 ado-

1042 1262 1228 1292 lescentum
1244 1270 1251 1289 ε
1283 1258 1401 1288 tibiam
1427 1265 1506 1286 vero
1525 1255 1557 1284 in
1573 1251 1749 1283 funeribus

1043 1320 1223 1351 puerorum
1252 1312 1287 1339 et
1316 1306 1540 1348 plebeiorum,
1570 1302 1751 1339 affirmant,

1043 1362 1199 1401 citatque
1216 1358 1372 1390 Persium
1387 1356 1538 1387 Servius.
1585 1353 1688 1384 Certe
1706 1351 1752 1382 le·

1045 1412 1150 1451 gimus
1168 1411 1200 1440 iu
1218 1407 1405 1448 Evangelio
1434 1405 1603 1437 Christum
1633 1401 1752 1433 Domi-

1045 1472 1123 1492 num
1140 1470 1217 1492 cum
1234 1458 1408 1498 Principis
1429 1457 1533 1487 filiam
1561 1454 1755 1492 suscitaret,

1045 1512 1204 1542 tibicines
1221 1508 1415 1540 exclusisse.
1441 1505 1564 1537 Manli.
1580 1514 1631 1536 lx.

1091 1559 1253 1599 Cundeloe]
1287 1558 1442 1594 Funalia,
1473 1557 1577 1594 cerei,
1615 1554 1753 1593 lumina,

1047 1622 1120 1652 quae
1139 1616 1175 1641 ut
1189 1611 1388 1646 etiamnum,
1406 1607 1452 1637 sic
1470 1610 1505 1636 et
1520 1606 1599 1636 olim
1618 1604 1756 1636 adhibe-

1048 1663 1183 1699 bantur,
1201 1665 1271 1690 tnm
1288 1657 1461 1689 collocatis
1487 1657 1528 1686 ad
1553 1656 1666 1693 limen,
1684 1658 1755 1685 tum

1047 1711 1146 1741 elatis
1173 1710 1214 1740 ad
1237 1709 1442 1748 sepulcrum,
1460 1706 1525 1736 inio
1552 1709 1588 1735 et
1612 1705 1645 1734 in
1673 1703 1756 1744 ipsis

1048 1759 1271 1790 conditoriis:
1298 1767 1357 1787 seu
1373 1755 1462 1797 quod
1487 1755 1566 1785 oliui
1584 1758 1687 1784 noctu
1705 1763 1756 1784 se-

1049 1810 1224 1850 peliebant
1240 1812 1391 1838 mortuos
1410 1806 1566 1846 primuni,
1581 1803 1671 1834 unde
1688 1812 1758 1834 mos

1050 1858 1188 1890 fluxerit
1212 1862 1343 1898 postea,
1360 1857 1466 1886 etiam
1493 1854 1640 1884 interdiu
1662 1862 1758 1894 sepe—

1053 1912 1177 1950 liendo,
1192 1911 1301 1940 lucem
1323 1906 1557 1944 accen‹lendi;
1583 1916 1641 1936 seu
1667 1904 1757 1946 quod

1052 1962 1188 1993 honoris
1205 1970 1305 1992 causa
1320 1959 1354 1990 id
1371 1958 1469 1989 fleret
1485 1968 1492 1988 ι
1518 1957 1574 1987 iux
1591 1956 1681 1986 enim
1695 1956 1761 1986 vir-

1053 2013 1134 2043 tntis
1151 2017 1186 2043 et
1201 2011 1316 2051 gloriae
1337 2009 1467 2048 signnm
1489 2011 1542 2037 est
1567 2010 1603 2036 et
1627 2004 1761 2046 symbo-

1053 2063 1135 2093 lum.

1094 2110 1262 2150 Remulus]
1300 2109 1370 2140 Alii
1397 2108 1533 2138 beatum
1572 2105 1638 2136 dici
1673 2103 1761 2135 affir-

1054 2168 1158 2200 mant,
1187 2160 1276 2201 quod
1302 2163 1453 2189 mortuos
1484 2156 1614 2196 antiqui
1641 2155 1760 2186 beatos

1055 2214 1210 2243 dicerent
1225 2224 1233 2250 3
1258 2211 1326 2249 alii,
1337 2211 1414 2251 quia
1429 2208 1583 2250 pretiosis
1599 2207 1762 2243 vestibus,

1056 2264 1204 2301 corollis,
1232 2262 1372 2302 aliisque
1402 2258 1607 2290 ornamentis
1636 2258 1761 2288 mortui

1058 2314 1310 2354 integebnntnr,
1329 2317 1431 2351 atque
1460 2311 1507 2340 ita
1531 2307 1710 2348 compositi
1730 2308 1764 2337 in

1057 2365 1141 2395 atrio
1166 2362 1437 2403 exponebantur,
1461 2364 1496 2389 et
1523 2358 1564 2388 ad
1593 2356 1684 2387 fores
1710 2356 1767 2386 do-

1057 2425 1142 2444 inus.
1167 2413 1213 2443 At
1229 2411 1317 2452 quod
1335 2410 1390 2440 hic
1410 2408 1547 2439 Persius
1565 2406 1764 2437 diminutivo

1059 2465 1178 2502 utitur,
1196 2462 1322 2492 ironis-e
1341 2460 1429 2499 loqui
1447 2468 1481 2488 sc
1499 2457 1656 2489 ostendit.

1100 2514 1174 2543 Allo
1202 2511 1384 2550 compositus
1411 2509 1501 2548 lecto]
1537 2507 1705 2537 Nimirum
1734 2507 1767 2538 in

1060 2562 1192 2592 sublimi
1210 2571 1248 2591 ac
1267 2559 1444 2599 ‚splendido
1472 2559 1563 2588 lecto
1587 2562 1623 2588 et
1649 2557 1766 2589 babitu

1061 2612 1102 2642 ad
1121 2612 1219 2642 limen
1249 2609 1443 2639 collocatus.

1103 2662 1178 2693 Acco
1196 2658 1287 2699 lecto]
1311 2658 1411 2689 Altus
1424 2662 1497 2689 erat
1514 2657 1705 2698 lectus,seu
1720 2661 1767 2689 to-
