1888 3032
178 136 204 180 S
696 153 758 182 DE
793 150 953 181 pensu
990 150 1124 190 vim,

178 245 381 288 Persium
402 248 637 295 redeamus,
658 245 878 298 pauloque
899 246 1149 285 accuratius
1184 245 1237 286 de
1272 260 1324 288 eo
1360 261 1514 301 genere
1547 248 1639 289 dis-

179 327 389 364 seramus,
413 314 530 368 quod
566 313 637 353 ille
670 315 847 352 secutus
874 315 952 352 est.
1013 311 1258 354 Videamus
1290 316 1422 368 igitur
1449 317 1637 370 primum

180 382 233 423 de
268 383 540 437 argumentiS,
580 394 679 434 quae
716 379 945 422 tractanda
977 381 1061 421 sibi
1102 384 1344 436 proposuit,
1377 385 1420 424 in
1457 397 1636 438 quorum

181 451 352 493 delectu
386 462 541 502 magna
574 449 721 489 cautio
757 448 956 490 habenda
991 453 1057 490 est
1087 450 1244 504 poetae.
1322 451 1496 492 Debent
1524 452 1639 492 enim

180 532 277 560 esse
307 516 537 572 ejusmodi,
570 520 619 556 ut
647 530 726 570 per
756 530 803 557 se
828 517 924 571 jam
954 518 1161 560 lectorem
1191 519 1515 572 quodammodo
1549 520 1642 560 alli-

183 587 311 634 ciant,
333 590 434 626 nota
453 585 628 639 quidem
649 589 781 639 atque
809 585 1010 639 insignia,
1032 587 1096 627 ita
1115 591 1260 627 tamen
1282 589 1424 627 animo
1446 600 1643 640 compre-

180 655 326 702 hensa,
348 657 396 694 ut
424 653 632 693 novitatis
666 666 839 706 quoque
873 655 1056 705 gratiam
1078 655 1282 703 habeant,
1305 668 1552 708 quanquam
1575 654 1646 696 vel

181 721 465 774 negligentius
506 721 874 774 circumspicienti
912 722 1074 774 ubique
1105 722 1240 762 obvia
1269 722 1514 763 videantur.
1590 722 1644 763 ln

182 790 324 842 prima
343 790 478 829 satira
498 790 586 840 egit
607 788 770 830 Noster
790 790 842 829 de
860 790 1107 842 importuna
1128 789 1346 830 scribendi
1368 793 1409 829 et
1437 789 1644 830 recitandi

184 856 405 910 cupidine,
438 869 489 896 ac
526 856 578 896 de
611 870 748 910 pravo
782 860 823 896 ct
857 861 1057 910 corrupto
1081 857 1324 898 venustatis
1345 861 1388 897 et
1408 857 1646 910 pulchritu-

185 924 298 965 dinis
322 925 504 979 judicio.
567 925 616 965 In
640 925 831 965 secunda
853 925 905 965 de
926 925 1128 978 precibus
1150 925 1363 978 improbis
1396 929 1439 965 et
1471 925 1646 977 ineptis.

184 991 338 1033 Tertia
376 992 642 1033 desidiosam
680 999 721 1033 et
755 993 930 1032 mollem
966 991 1213 1032 Romanam
1246 992 1518 1046 juventutem
1551 1005 1649 1045 per-

185 1060 382 1112 stringit3
415 1064 571 1113 quarta
591 1060 797 1113 regnandi
818 1060 1102 1113 cupiditatem
1123 1074 1350 1114 rerumque
1372 1061 1649 1113 publicarum

188 1140 352 1177 curam,
389 1141 536 1168 eorum
566 1129 759 1168 omnium
792 1128 1002 1180 ignaram,
1039 1128 1200 1180 quibus
1235 1128 1314 1168 niti
1347 1128 1515 1169 debeat.
1594 1127 1648 1168 In

189 1197 341 1249 quinta
361 1196 414 1236 de
435 1209 537 1237 vera
555 1196 755 1236 libertate
775 1196 913 1249 agitur
930 1210 940 1248 3
976 1196 1020 1235 in
1039 1199 1166 1235 sexta
1187 1196 1240 1235 de
1261 1196 1456 1249 legitimo
1476 1195 1652 1237 divitia-

188 1277 282 1304 rum
305 1267 378 1305 aut
397 1264 459 1304 rei
475 1264 703 1304 familiaris
723 1277 823 1306 usu,
884 1264 936 1303 In
958 1264 1111 1317 prima,
1131 1264 1271 1312 tertia,
1289 1266 1444 1316 quarta
1464 1267 1506 1304 et
1526 1267 1652 1304 sexta

189 1334 379 1372 nontam
399 1331 444 1371 in
473 1331 644 1372 delectu
663 1344 807 1372 rerum
828 1344 1045 1385 peccasse
1068 1331 1271 1371 Persium
1293 1330 1492 1380 dixerim,
1521 1343 1653 1384 quam

191 1400 235 1439 in
256 1401 537 1451 tractatione3
569 1404 715 1441 tamen
749 1401 791 1441 in
823 1400 951 1441 tertia
983 1403 1023 1440 et
1057 1402 1185 1439 sexta
1204 1412 1303 1439 meo
1326 1399 1501 1452 quidem
1525 1412 1655 1439 sensu

191 1467 365 1508 felicius
386 1471 583 1508 versatus
601 1474 681 1509 est.
754 1466 967 1507 Secundae
1001 1468 1148 1507 satirae
1179 1470 1474 1519 argumentum
1512 1467 1656 1507 minus

193 1539 343 1588 aptum
371 1534 543 1576 videtur
587 1535 764 1575 satirico
805 1534 968 1588 poetae,
1004 1535 1044 1575 ei
1079 1535 1337 1587 praesertim,
1373 1535 1447 1587 qui
1478 1534 1657 1588 pietatis

195 1615 324 1642 sensu
355 1605 446 1642 tam
481 1602 754 1643 vehementer
789 1602 979 1642 imbutus
1014 1604 1093 1650 est,
1117 1614 1248 1654 quam
1269 1601 1482 1651 Persius3
1521 1615 1656 1655 quan-

195 1682 327 1723 quam
347 1669 375 1710 J
380 1670 577 1711 uvcnalis
610 1674 653 1710 et
686 1670 768 1711 hoc
801 1669 909 1710 satis
931 1669 1158 1710 commode
1178 1671 1395 1719 tractavit,
1415 1683 1563 1710 verum
1584 1669 1658 1710 de-

197 1737 449 1778 clamatoria
491 1738 656 1779 ratione
697 1738 839 1790 magis
873 1750 1004 1790 quam
1036 1737 1227 1778 satirica.
1301 1736 1497 1777 Luciano
1530 1737 1659 1777 risori

196 1804 352 1845 melius
371 1817 440 1845 res
466 1806 697 1858 processit.
760 1805 848 1846 Sed
872 1807 926 1857 in
963 1806 1127 1859 quintae
1150 1805 1297 1845 satirae
1320 1807 1567 1857 argumento
1587 1804 1655 1844 de-

196 1870 386 1924 ligendo,
409 1884 494 1912 non
527 1885 551 1912 e
585 1873 673 1912 vita
700 1873 936 1922 communi,
970 1886 1120 1913 verum
1153 1886 1175 1912 e
1211 1871 1374 1912 Stoicae
1408 1871 1659 1925 disciplinae

200 1939 493 1992 penetralibus
523 1939 768 1992 depromto,
811 1940 939 1994 cujus
969 1939 1109 1980 sacris
1139 1952 1192 1979 116
1223 1939 1318 1992 ipse
1345 1939 1523 1992 quidem
1553 1940 1661 1979 satis

199 2006 396 2047 initiatus
428 2006 568 2047 fuisse
598 2007 783 2056 videtur,
805 2007 1000 2048 maxime
1035 2007 1181 2046 forsan
1216 2007 1435 2059 peccavit.
1495 2005 1663 2058 Dispu-

200 2073 307 2114 tatio
338 2074 467 2124 enim‚
495 2088 595 2127 quae
631 2076 778 2116 subtili
811 2088 950 2115 rerum
984 2087 1011 2114 a
1044 2073 1262 2114 communi
1290 2085 1372 2112 usu
1403 2076 1663 2113 remotarum

202 2139 392 2181 finitione
412 2141 578 2190 nititur,
600 2142 643 2181 in
674 2154 761 2194 qua
781 2141 950 2182 animus
982 2142 1050 2182 vel
1086 2140 1277 2181 maxime
1300 2141 1355 2180 ab
1378 2140 1602 2180 oculorum
1623 2144 1665 2181 et

205 2207 371 2248 aurium
405 2208 714 2249 consuetudine
749 2208 999 2250 avocandus
1041 2212 1120 2257 est,
1166 2221 1245 2260 per
1291 2221 1338 2247 se
1366 2208 1461 2261 jam
1496 2219 1665 2248 omnem

205 2273 423 2327 poeticam
445 2276 744 2317 tractationem
771 2277 959 2330 respuit3
993 2277 1154 2330 quique
1182 2288 1279 2316 eam
1299 2275 1580 2315 nihilominus
1600 2279 1664 2315 ta-

206 2354 305 2384 men
326 2345 568 2393 tentaverit‚
591 2345 629 2385 is
648 2358 789 2398 neque
817 2345 937 2398 apud
965 2344 1214 2397 disciplinae
1234 2343 1364 2384 rudes
1385 2355 1526 2397 neque
1548 2340 1665 2394 apud

205 2410 493 2464 philosophos
529 2411 713 2463 gratiam
746 2412 886 2453 inibit.
964 2411 1199 2465 Ejusmodi
1238 2411 1350 2451 enim
1399 2410 1666 2463 quaestiones

211 2478 352 2519 verbis
380 2477 540 2518 scholae
565 2479 756 2528 omissis,
780 2482 828 2520 ut
856 2478 1003 2532 poetae
1040 2491 1121 2532 par
1141 2482 1221 2527 est,
1244 2476 1470 2518 commode
1491 2476 1667 2516 tractari

209 2545 288 2585 vix
306 2549 510 2599 possunt3
544 2559 623 2586 nec
653 2548 798 2599 quivis
818 2548 954 2588 lector
976 2546 1149 2587 subtilis
1171 2545 1378 2585 orationis
1401 2557 1571 2583 sensum
1596 2556 1668 2583 ca-

212 2625 313 2665 pere
336 2612 465 2662 valet,
487 2613 569 2653 nisi
593 2613 782 2654 Stoicam
804 2615 1013 2655 rationem
1041 2613 1167 2667 quasi
1188 2612 1233 2652 in
1253 2615 1475 2652 numerato
1496 2611 1667 2652 habeat.

212 2679 425 2720 Videmus
445 2680 618 2735 quidem
635 2680 835 2722 Persium
856 2694 1034 2735 operam
1056 2680 1172 2729 dare,
1194 2682 1239 2720 ut
1260 2678 1532 2719 scholasticis
1550 2690 1648 2719 corn
