1888 3032
728 126 912 157 SATIRA
945 127 1018 157 111.

1546 118 1603 160 83

147 221 267 273 Quid
288 235 455 272 sumus,
477 226 521 264 ct
541 223 745 278 quidnam
766 224 923 264 victuri
941 224 1184 276 gignimur?
1217 223 1323 264 ordo

148 289 262 340 Quis
281 290 422 341 datus,
443 296 520 332 aut
537 296 663 331 meta:
684 304 815 344 quam
832 292 977 331 mollis
995 291 1150 341 flexus,
1171 295 1214 332 et
1234 291 1346 332 unde
1363 291 1382 332 'l

145 425 175 452 et
191 422 360 462 intelligite
374 433 476 454 rerum
491 424 640 463 origines,
655 424 801 464 quidnam
816 433 930 462 sumus,
945 427 975 454 et
990 425 1029 454 od
1039 435 1127 464 quom
1138 425 1233 456 vitam
1245 425 1417 456 nascimur.-
1440 435 1508 464 quae
1522 424 1607 456 ratio

146 464 281 496 vivendi
303 467 504 506 praescriptam
538 469 585 497 tel
608 476 697 506 quum
719 466 825 506 facilis
840 465 971 506 deflexio
987 467 1124 507 termini,
1140 471 1169 498 et
1185 478 1293 508 aquoe:
1325 468 1392 508 quis
1409 467 1490 509 finis
1513 477 1604 508 pecu-

761 571 874 582 eeeeee

879 571 994 582 eeeeee

144 644 264 685 Steph.
302 646 412 676 discite
427 657 443 676 ο
459 646 525 677 Ms.
542 646 672 677 R.—6⁷
695 650 750 677 aut
765 647 911 687 quidnam
931 646 1019 677 Edit.
1035 645 1239 686 steph—68
1263 649 1352 676 metoe
1368 657 1426 686 qua
1442 647 1518 678 letis
1535 649 1603 682 ΜΒ.

147 687 190 718 R.
235 698 293 728 quo
306 689 407 719 mollis
422 689 489 719 ΜΞ.
508 689 585 721 Gal.
629 690 717 720 Sunt
735 690 846 720 Persii
863 690 1019 727 Codices,
1042 690 1075 719 in
1092 689 1213 730 quibus
1230 699 1287 728 qua
1304 690 1402 719 mollis
1421 691 1606 730 scribitur;

147 739 213 760 non
225 740 331 769 quam:
366 732 438 761 haec
456 733 557 762 lectio
582 732 609 762 si
638 741 717 762 vera
733 737 833 770 esset,
851 732 958 772 flexus
973 734 1061 762 metae
1077 732 1208 762 valeret
1225 731 1324 769 idern,
1341 741 1379 762 ac
1397 731 1472 763 finis
1495 734 1606 764 ultimi

145 771 306 812 adeptio:
340 779 375 804 et
397 784 455 813 qua
480 779 571 805 esset
587 784 651 814 qua
668 775 734 812 via,
754 785 818 815 quo
842 783 965 814 genere
981 774 1059 804 vitae
1076 773 1116 804 ad
1134 774 1227 804 illum
1245 772 1344 804 finem
1363 776 1470 813 possit
1487 784 1605 816 perve-

146 814 231 845 niri:
266 815 374 855 probo
397 825 478 847 vero
498 817 624 848 editam
640 817 833 858 lectionem,
849 827 949 858 quam
965 821 1000 847 et
1025 817 1057 847 in
1083 816 1285 847 membranis
1302 817 1500 848 invenimus.

1548 819 1607 849 Co-

807 934 949 967 NOTAE

148 1015 306 1057 Georgic.
333 1026 374 1048 11.
398 1018 406 1034 ‘
421 1019 517 1049 Felix
534 1019 591 1060 qui
609 1020 721 1060 potuit
738 1030 850 1051 rerum

148 1075 355 1106 cognoscere
383 1077 503 1099 causas
519 1069 539 1100 ε’
576 1070 710 1101 scilicet
732 1080 851 1101 causas

149 1115 302 1156 physicas
330 1117 477 1158 quidem,
507 1119 566 1149 sed
594 1119 745 1159 inprimis
769 1119 851 1150 fina-

147 1165 225 1205 lem,
249 1167 312 1197 hoc
337 1172 401 1207 est,
428 1168 679 1210 Philosophiam
708 1170 856 1201 Natura-

146 1214 213 1246 lem
236 1220 272 1247 et
296 1217 475 1249 Moralem.

191 1268 232 1296 67
258 1266 342 1301 Quid
356 1268 474 1308 sumus]
506 1269 660 1302 Primum
683 1275 718 1302 et
736 1271 854 1311 praeci-

148 1325 252 1355 puum
279 1317 409 1349 Ethicae
437 1324 648 1361 praeceptum
675 1326 740 1358 est,
761 1322 854 1359 γνῶθι

147 1365 288 1397 σεαυτόν.
332 1368 456 1399 Juven.
479 1370 551 1400 Sat.
578 1379 621 1401 ιι.
637 1374 691 1402 27.
737 1371 852 1402 Consi-

150 1417 232 1448 dera
255 1417 358 1457 igitur
386 1428 462 1459 quae
489 1420 534 1450 sit
561 1420 703 1451 hominis
719 1426 860 1459 natura,

150 1475 249 1506 quam
279 1465 410 1506 fragilis
441 1473 476 1499 et
506 1469 636 1501 caduca
668 1470 854 1502 secundum

151 1525 296 1557 corpus3
331 1522 366 1548 at
393 1528 492 1559 quarn
517 1521 653 1560 nobilis,
668 1521 695 1551 si
712 1522 857 1553 animum

151 1572 299 1606 spectes.
342 1568 456 1599 Homo
473 1569 598 1601 divinae
624 1576 756 1602 naturae
781 1581 858 1612 par-

150 1616 268 1657 ticula,
293 1627 335 1647 ex
362 1618 536 1658 Epicteto,
564 1621 678 1651 Deum
705 1621 797 1652 intra
822 1632 858 1653 se

152 1666 358 1706 circumfert,
389 1669 451 1700 διο.
509 1670 589 1701 Non
620 1670 724 1702 debet
754 1671 857 1711 igitur

151 1717 202 1747 sui
216 1717 342 1749 oblitus
359 1724 417 1750 aut
432 1721 626 1760 arrogantia
643 1721 774 1759 extolli,
799 1729 857 1753 aut

151 1767 185 1797 in
201 1768 353 1799 sordidas
369 1770 577 1810 cupiditates
593 1770 754 1804 defluere.

196 1818 353 1852 Quidnam
375 1820 490 1850 victuri
509 1821 688 1864 gignimur]
724 1822 767 1853 Id
795 1826 859 1863 est,

153 1867 194 1898 ad
212 1867 293 1908 quid
310 1869 491 1908 nascimur,
516 1870 557 1900 ad
575 1871 655 1912 quid
671 1872 785 1902 vivere
803 1872 860 1902 de-

151 1918 289 1949 bemus?
326 1918 501 1960 Numquid
515 1919 558 1950 ad
573 1921 780 1962 voluptates,
801 1922 859 1952 ho-

152 1977 261 2008 nores,
290 1968 438 2009 divitias,
464 1970 585 2010 quibus
620 1972 775 2003 meliores
807 1982 859 2003 su-

152 2020 248 2050 mus?
271 2019 386 2059 immo,
400 2021 507 2061 inquit
523 2021 743 2062 Aristoteles,
758 2023 800 2054 ad
813 2024 862 2054 in-

153 2069 389 2109 telligendum,
403 2074 438 2101 et
455 2070 639 2110 agendum.

199 2119 285 2149 Ordo
299 2119 367 2158 quis
382 2119 488 2159 datus]
514 2121 601 2154 Quae
617 2122 672 2153 lex
690 2122 862 2164 imposita,

156 2168 248 2208 quod
274 2167 408 2199 fatum?
441 2170 503 2200 Est
531 2171 620 2201 enim
648 2173 798 2203 tenenda
813 2172 861 2202 vi-

154 2217 257 2249 vendi
275 2218 361 2249 ratio
388 2219 520 2250 coelitus
548 2221 773 2262 praescripta;
805 2231 862 2252 ne·

154 2278 209 2299 mo
232 2267 422 2308 laedendus,
448 2269 506 2310 jns
535 2279 631 2302 suum
658 2270 779 2311 cuique
806 2271 863 2302 tri-

155 2318 341 2357 buendum,
367 2321 432 2349 Sec.
477 2319 569 2350 Item
587 2320 689 2351 animi
703 2320 791 2351 bona
806 2321 864 2352 bo-

155 2368 206 2399 nis
222 2369 296 2399 aliis
319 2369 472 2408 corporis
492 2379 532 2400 ac
549 2368 710 2410 fortunae,
734 2370 810 2401 utili
828 2376 864 2402 et

148 2418 302 2459 jucundo
325 2419 506 2449 honestum
534 2420 696 2460 anteponi
721 2420 862 2452 debent.

197 2473 240 2502 68
263 2470 330 2502 Aut
346 2474 436 2501 metae
450 2482 540 2511 quam
556 2472 655 2502 mollis
660 2471 783 2513 flexus]
816 2473 863 2504 Si-

156 2519 311 2552 militudo
328 2530 347 2551 a
363 2520 517 2552 Circensi
534 2531 647 2561 cursu,
660 2521 693 2552 in
711 2532 778 2562 quo
796 2522 864 2553 evi-

157 2571 259 2602 tanda
283 2577 387 2612 meta,
405 2582 541 2603 currum
569 2573 663 2605 circa
685 2583 760 2605 eam
783 2573 864 2605 flec-

157 2620 261 2652 tendo
284 2631 407 2662 magna
434 2626 509 2654 arte
535 2627 571 2653 et
596 2623 689 2654 molli
715 2623 865 2654 dexteri-

159 2673 252 2700 tate:
277 2670 391 2713 aitque
406 2671 545 2704 Persius
558 2676 628 2705 tam
640 2671 778 2704 difficile
791 2681 863 2704 esse

906 1020 1008 1050 vitam
1023 1020 1108 1050 hanc
1126 1018 1292 1050 moderari
1310 1019 1398 1050 citra
1411 1020 1610 1061 cujusquam

905 1068 1138 1100 offensionem.

950 1120 994 1149 Et
1012 1118 1105 1158 unde]
1137 1118 1345 1159 Plerumque
1360 1119 1486 1160 legitur
1500 1121 1614 1158 undae‚·

908 1179 927 1200 a
948 1178 1013 1210 quo
1037 1169 1170 1199 videtur
1185 1169 1331 1208 intelligi
1347 1169 1409 1199 alia
1427 1170 1614 1202 similitudo

909 1229 928 1250 a
950 1219 1171 1258 Naumachia,
1188 1219 1223 1249 in
1240 1229 1306 1259 qua
1323 1219 1365 1249 ad
1382 1225 1505 1250 metam
1521 1221 1614 1252 navis

909 1270 1070 1300 celeriter
1099 1274 1135 1300 et
1162 1269 1246 1299 scite
1275 1271 1505 1300 convertenda
1529 1276 1614 1303 erat.

909 1319 1030 1360 Virgil.
1054 1318 1188 1350 AEneid.
1216 1328 1250 1349 v.
1276 1319 1284 1335 ‘
1306 1319 1373 1350 Hic
1397 1320 1540 1351 viridem
1560 1320 1617 1351 ΙΕ-

910 1380 993 1400 neas
1008 1369 1181 1401 frondenti
1205 1379 1248 1400 ex
1274 1370 1353 1401 ilice
1378 1376 1504 1401 metam
1528 1371 1616 1403 Con-

912 1421 1024 1451 stituit
1052 1421 1184 1460 signum
1218 1421 1342 1460 nautis,
1368 1428 1488 1461 pater:
1525 1422 1616 1453 unde

913 1471 1040 1502 reverti
1057 1471 1202 1510 Scirent,
1217 1475 1252 1501 et
1268 1471 1387 1511 longos
1404 1472 1461 1502 ubi
1477 1472 1618 1503 circum-

912 1520 1052 1552 flectere
1067 1520 1208 1552 eursus.'
1254 1520 1320 1552 Ast
1336 1521 1394 1551 alii
1414 1532 1491 1552 cum
1506 1522 1618 1554 veteri

914 1571 1109 1612 Interprete
1143 1571 1273 1611 legunt,
1302 1573 1412 1602 unde:
1452 1577 1488 1603 et
1516 1573 1618 1604 aliter

912 1622 1046 1652 omnino
1062 1622 1173 1652 locum
1190 1622 1377 1661 explicant.
1415 1622 1532 1653 Primo
1548 1623 1620 1664 qui-

913 1670 990 1701 dem
1015 1680 1077 1711 per
1105 1671 1242 1701 mollem
1269 1669 1394 1702 flexum
1423 1671 1620 1712 intelligunt

913 1722 992 1751 vitae
1009 1720 1227 1760 brevitatem,
1241 1725 1358 1762 atque,
1377 1726 1415 1752 ut
1428 1722 1476 1752 ait
1488 1722 1621 1753 Seneca

913 1770 1024 1811 Epist.
1064 1773 1116 1801 99.
1162 1771 1376 1801 celeritatem
1414 1771 1621 1811 rapidissimi

913 1819 1087 1860 temporis,
1111 1824 1146 1850 et
1172 1820 1378 1850 brevitatem
1403 1820 1503 1860 hujus
1521 1821 1622 1861 spatii

914 1879 975 1910 per
993 1869 1082 1910 quod
1099 1869 1290 1900 citatissimi
1305 1869 1527 1901 decurrimus.
1552 1869 1621 1900 Per

914 1925 1040 1952 metam
1086 1930 1179 1957 vero,
1217 1920 1415 1960 intelligunt
1462 1925 1620 1952 mortem.

916 1971 1054 2002 Deinde
1079 1970 1170 2012 qnod
1194 1971 1252 2010 ait,
1276 1972 1368 2011 unde,
1391 1971 1623 2011 interpretan-

917 2027 973 2052 tur
989 2030 1108 2053 causas
1120 2021 1250 2060 mortis,
1263 2031 1337 2062 quae
1352 2031 1444 2062 saepe
1460 2021 1622 2053 facillime

918 2072 1097 2112 contingit.
1141 2071 1210 2102 Alii
1224 2082 1339 2103 rursus
1352 2073 1454 2104 aliter
1471 2074 1624 2105 sentiunt

918 2123 960 2153 de
990 2122 1053 2153 hoc
1083 2122 1170 2162 loco,
1200 2132 1299 2163 quem
1333 2123 1414 2154 satis
1445 2123 1623 2155 obscurum

916 2173 988 2213 ipse
1002 2172 1222 2204 Casaubonus
1236 2172 1378 2204 fatetur.
1413 2173 1625 2215 Cavendum,

916 2224 1087 2264 inquiunt,
1114 2224 1205 2262 uude,
1232 2223 1267 2254 id
1299 2228 1361 2264 est,
1391 2233 1456 2264 quo
1487 2224 1565 2254 loco
1589 2227 1625 2254 et

917 2278 1072 2314 tempore
1088 2282 1207 2304 cursus
1233 2273 1274 2303 ad
1303 2273 1504 2314 sapientiam
1531 2274 1626 2305 insti-

917 2328 1032 2355 tuatur
1049 2324 1317 2364 inclinaturque,
1340 2327 1378 2354 ut
1398 2328 1434 2354 et
1448 2323 1624 2354 commode

919 2374 1029 2405 teneri
1048 2374 1171 2414 possit,
1192 2383 1254 2405 nec
1275 2373 1318 2404 ad
1342 2378 1481 2414 metam,
1503 2373 1539 2404 id
1561 2378 1626 2413 est,

919 2423 959 2454 ad
986 2422 1087 2454 finem
1115 2423 1334 2463 impingatur.
1389 2422 1486 2456 Nihil
1512 2433 1626 2455 moror

919 2483 978 2505 cos
1006 2474 1062 2515 qui
1086 2478 1207 2514 putant
1223 2474 1329 2505 alludi
1355 2473 1398 2505 ad
1422 2477 1553 2505 certum
1569 2482 1626 2514 ge-

919 2533 981 2554 nus
1009 2524 1203 2555 certaminis
1221 2523 1434 2561 Graecorum,
1456 2523 1490 2553 in
1517 2532 1583 2563 quo
1607 2532 1627 2553 a

919 2574 1109 2605 carceribus
1127 2573 1170 2604 ad
1186 2578 1326 2613 metam,
1342 2578 1378 2604 et
1403 2572 1443 2602 ab
1466 2571 1528 2602 hac
1552 2581 1624 2602 rur-

921 2633 976 2654 sus
1001 2623 1043 2655 ad
1072 2633 1228 2655 carceres
1245 2623 1358 2654 subito
1384 2621 1628 2654 recurrendum

919 2676 1005 2706 erat.
