1888 3032
239 109 324 151 204

239 217 395 257 gebatur,
427 219 458 248 in
491 228 555 258 qno
588 217 756 248 interdum
785 217 943 248 v-oluntas

238 269 416 299 testatoris
470 267 693 299 incidebatur.
710 286 752 290 ——
771 267 944 308 Imprimlt]

239 317 430 359 Aggravat,
457 317 626 357 deprimit.
673 318 773 348 Idem.

281 372 323 399 38
346 368 504 405 Laudant,
520 368 586 407 ἔγα]
611 369 892 410 Exaggeratjam
910 373 945 400 et

238 418 423 459 amplificat
439 419 581 449 ulterius
608 429 711 450 vanas
736 420 809 450 illas
836 421 944 451 accla-

238 470 402 500 mationes
424 470 652 501 convivarum.
698 472 804 503 Quasi
825 472 942 503 dicat:

241 520 316 550 Non
345 529 518 550 assensere
542 522 661 560 solum,
679 522 737 551 sed
767 523 868 552 etiam
896 523 944 562 ip-

238 580 311 601 sum
335 571 479 602 Poetam
496 571 649 610 laudant,
667 573 766 614 eique
783 572 945 604 defuncto

237 626 444 662 precantur:
472 622 593 652 Nonne
607 623 677 663 jam
693 623 814 654 merito
828 633 846 654 e
862 624 945 654 tanti

238 671 358 702 Po'etae
376 673 531 712 sepulcro
549 673 646 704 violae
663 679 698 704 et
723 673 823 705 uon-es
850 684 945 704 enas-

236 723 534 761 minnist—Nunc,
566 722 635 762 effla]
682 724 802 754 Manes
831 724 946 763 posuit

236 782 298 813 pro
326 773 481 812 sepulcro
518 783 579 814 per
607 773 746 814 figuram
779 773 946 814 Adjuncti

237 834 299 865 pro
327 824 502 864 Subjecto.
569 824 669 856 Quod
698 829 833 855 veteres
862 834 947 855 mor-

237 881 372 905 tuorum
403 875 531 906 animas
572 876 625 906 vel
656 885 771 906 manes
808 881 945 906 manere

236 926 418 956 crederent
435 926 468 956 in
485 927 658 966 sepulcro.
716 927 808 957 Hinc
824 926 879 966 qui
897 935 947 956 se-

237 976 357 1016 pulcra
385 977 667 1016 demoliebantur,
698 979 794 1009 Deos
825 978 946 1008 Manes

239 1026 363 1057 violare
380 1027 619 1059 censebantur.
656 1029 754 1059 Idem.

279 1080 321 1106 39
346 1077 450 1115 Nunc,
465 1078 535 1117 ἐγω]
551 1077 717 1108 Tumulus
736 1078 863 1109 dicitur
881 1083 946 1109 ter-

237 1135 282 1156 ιω
310 1127 474 1166 augestio,
495 1126 550 1156 ubi
576 1127 667 1157 nulla
694 1132 748 1157 est
774 1127 946 1159 memoria.

242 1176 310 1207 ret.
324 1175 550 1215 Sela—Nunc,
566 1176 635 1217 ἔξω]
673 1176 713 1207 Id
729 1181 794 1215 est,
824 1178 946 1208 Nonne

231 1227 312 1266 jure
329 1237 347 1257 e
366 1227 494 1258 tumulo
521 1233 556 1258 et
580 1228 737 1267 sepulcro
759 1228 830 1268 ejus
849 1228 945 1258 viotae

236 1277 468 1308 enascuntur?
502 1278 648 1308 Tumulus
670 1284 781 1308 autom
807 1279 946 1319 proprie

237 1331 291 1357 est
327 1332 429 1358 terrae
469 1328 947 1369 aggestio—Fortunamque,

236 1377 305 1417 ἁ·ο.]
328 1377 368 1408 Id
387 1382 450 1416 est,
466 1378 518 1408 Ex
536 1378 689 1418 reliquiis
706 1378 858 1409 cinerum
874 1378 946 1409 feli—

236 1426 331 1457 cibus
359 1432 394 1458 et
420 1426 616 1465 fortunatis,
633 1438 705 1468 quae
724 1429 860 1469 quidem
880 1435 945 1460 tam

237 1477 453 1507 ‹acratiesimi
477 1478 562 1508 vatis
588 1478 657 1508 sint
684 1479 849 1520 reliquiae.
884 1480 945 1511 Lu-

237 1526 487 1567 bem—favilla]
513 1528 658 1569 Proprie
684 1534 735 1560 est
762 1530 846 1560 cinis
869 1531 947 1561 cali-

237 1577 300 1607 dus
318 1576 437 1608 fovens
461 1578 584 1618 ignem,
613 1584 659 1618 et,
687 1584 723 1610 ut
750 1579 869 1611 Po‘e'tae
898 1580 945 1610 di-

236 1633 332 1666 cunt,
348 1628 470 1668 σπέρμα
485 1628 586 1667 πυρός.
621 1630 750 1661 (ἀεαιιὸ.

280 1681 321 1709 40
349 1679 643 1719 Ναεαυιίιινι·ἱοῐατ]
690 1680 730 1710 Id
757 1685 820 1719 est,
847 1682 944 1712 Rosae

238 1736 273 1761 et
287 1728 401 1761 flores.
439 1731 514 1761 Hoc
532 1741 615 1769 ergo
629 1736 790 1772 tanquam
808 1741 945 1763 summae

238 1780 415 1811 felicitatis
443 1781 517 1811 loco
547 1781 749 1819 habendum,
780 1783 946 1822 optabant

238 1831 356 1861 amicis
381 1830 562 1862 defunctis.
609 1831 770 1864 Juvenal.
786 1832 857 1863 Sat.
879 1841 945 1864 vn.

238 1892 246 1899 ·
268 1882 326 1912 Dii
343 1882 507 1923 majorum
526 1882 652 1913 umbris
670 1887 806 1914 tenuem
824 1889 857 1913 et
873 1884 945 1914 sine

237 1932 389 1972 pondere
409 1933 801 1974 teri-a1¹i‚Spii·autesque
816 1943 946 1974 crocos,

237 1989 273 2013 et
300 1983 333 2013 in
359 1993 443 2014 urna
469 1988 671 2023 perpetuum
690 1983 783 2015 verz'
819 1994 902 2025 quos
927 1994 945 2015 e

236 2034 395 2073 sepulcro
413 2038 509 2064 natos
533 2039 666 2074 paeatae
685 2039 721 2065 et
736 2033 845 2065 felicis
867 2045 945 2066 con-

237 2083 374 2114 ditionis
390 2084 632 2115 defunctorum
650 2091 946 2126 argumentum.—

240 2135 350 2174 Rides,
361 2134 420 2173 ait,
436 2134 504 2174 ἔξω]
523 2136 582 2166 Est
599 2134 795 2175 ἇνθυποφόρα
813 2136 891 2166 vani
910 2136 946 2166 il-
976 2137 981 2140 ’

237 2187 301 2217 lius
322 2187 452 2226 Poe'tae,
471 2197 568 2228 quem
597 2188 702 2219 irrisit
730 2193 850 2220 auctor
873 2198 946 2219 uos-

239 2242 303 2268 ter.
350 2238 391 2268 I‹l
420 2242 483 2277 est,
505 2238 539 2269 Si
564 2238 661 2269 nimis
689 2239 779 2269 rides
807 2244 842 2270 et
870 2249 946 2280 per-

239 2289 376 2329 stringis
405 2295 441 2320 et
469 2290 656 2321 subsannas
685 2301 745 2322 nos
777 2291 945 2321 Romanos

239 2339 397 2369 nobilium
419 2341 600 2371 Poetarum
620 2341 803 2382 scriptores
828 2347 862 2372 et
889 2342 946 2372 ad·

238 2390 415 2421 miratores
431 2401 438 2420 ε
475 2391 581 2421 verba
596 2397 674 2422 sunt
690 2392 768 2422 vani
786 2393 947 2423 recitato-

239 2441 283 2472 ris
298 2450 433 2471 causam
451 2449 542 2470 suam
560 2440 882 2472 defendentia—Et
900 2442 947 2472 ηἰ-

236 2491 307 2531 mis,
318 2489 388 2530 δῖα]
424 2489 465 2520 Id
490 2494 553 2529 est,
576 2490 727 2520 Nimium
742 2491 910 2531 indulges,
928 2502 946 2522 ο

240 2541 350 2579 Persi,
381 2546 544 2580 protervo
577 2544 635 2570 tuo
666 2539 763 2571 risui.
817 2542 947 2572 Notum

239 2597 291 2622 est
319 2590 551 2631 proverbium,
581 2590 667 2620 Naso
691 2593 808 2622 adunco
824 2601 946 2632 suspen-

237 2643 332 2672 dere:
367 2640 457 2681 quod
473 2645 527 2672 est
542 2639 639 2672 vafre
666 2645 701 2672 et
730 2642 872 2673 subdole
888 2642 947 2672 ali-

238 2701 338 2734 quem
365 2691 521 2723 irridere.
579 2692 712 2723 Graecis
741 2691 947 2733 μυκτηρίζειν.

704 121 845 151 NOTA:
882 120 941 149 VA
955 120 1147 151 moRUM

1183 122 1233 153 ΙΝ

1001 216 1096 247 Une-is
1125 221 1239 248 autem
1267 227 1306 248 eo
1337 219 1441 251 dicit:
1490 230 1566 250 nam
1595 229 1708 258 nares,

997 266 1074 297 dum
1113 267 1188 298 illas
1221 269 1333 300 soluto
1365 271 1432 301 risu
1464 272 1706 310 contrahimus,

997 318 1031 348 i'n
1049 328 1149 358 rugas
1164 321 1412 352 contrahuntur
1425 326 1459 353 et
1472 322 1707 353 incurvantur.

996 368 1112 399 Lubin.

1039 422 1076 449 41
1104 419 1154 450 An
1171 420 1243 460 erit,
1258 420 1326 460 ἔγω]
1351 420 1391 451 Id
1409 426 1474 458 est,
1490 421 1588 453 Anne
1605 423 1702 453 liomo

998 469 1084 500 adeo
1103 470 1224 501 bardus
1252 477 1353 512 atque
1378 472 1532 512 stupidus
1560 472 1709 504 invenie-

1000 526 1066 559 tur,
1083 521 1137 562 qui
1153 521 1195 552 ab
1212 523 1286 552 aliis
1303 523 1344 553 ob
1362 523 1485 556 ingenii
1512 524 1562 554 sui
1590 534 1706 554 monu-

998 577 1113 602 menta
1130 572 1260 603 laudari
1277 574 1387 604 nolit?
1424 575 1480 614 qui
1503 574 1644 604 aliorum
1662 574 1705 605 de

998 632 1033 652 se
1058 621 1182 652 famam
1200 628 1234 653 et
1251 623 1540 654 existimationem
1558 628 1710 654 conteni-

997 671 1079 702 nat?
1113 673 1247 712 Nempe
1265 672 1428 703 trahimur
1454 683 1571 704 omues
1597 672 1708 704 laudis

999 722 1125 761 studio,
1154 730 1186 752 et
1215 724 1364 763 optimus
1390 724 1534 765 quisque
1561 724 1708 754 maxime

999 772 1106 812 gloria
1134 772 1429 813 ‹incitam—Velle,
1457 773 1527 814 Qun]
1571 774 1613 805 Id
1641 781 1708 814 est,

999 823 1066 856 Qui
1083 824 1167 854 nolit
1182 828 1218 855 et
1234 830 1383 865 respuat.
1427 825 1541 856 Lubin.

1041 878 1082 906 42
1109 875 1167 915 Os]
1184 876 1363 915 Pavorem,
1378 875 1526 915 laudem,
1542 877 1709 908 acclama-

1000 925 1138 965 tionem,
1155 936 1230 967 quae
1248 936 1307 957 ore
1323 926 1374 966 fit,
1396 927 1450 957 vel
1476 927 1519 958 ab
1546 937 1604 958 ore
1631 937 1709 968 pro-

999 976 1321 1017 cedit—Meruisse]
1365 977 1438 1008 Sibi
1461 978 1655 1008 devinxisse
1673 982 1709 1008 et

999 1027 1367 1067 conciliasse—Cedro,
1383 1027 1451 1068 ἐξα]
1488 1028 1528 1059 Id
1546 1034 1610 1068 est,
1625 1029 1708 1060 Car-

998 1077 1090 1107 mina
1128 1082 1297 1118 perpetua
1333 1079 1504 1109 hominum
1545 1079 1709 1110 memoria

1000 1128 1102 1168 digna
1120 1134 1197 1169 post
1223 1139 1258 1160 se
1285 1131 1481 1171 relinquere
1507 1135 1542 1162 et
1567 1131 1712 1171 posteii‘

1000 1179 1061 1210 tati
1099 1181 1477 1221 consecrare—Cedro]
1530 1181 1708 1221 Sumptum

999 1230 1062 1260 hoe
1080 1234 1131 1261 est
1155 1230 1196 1260 ab
1224 1231 1354 1261 arboris
1372 1231 1461 1261 illius
1481 1236 1615 1270 natura,
1632 1240 1707 1271 quae

998 1280 1124 1310 cariem
1150 1289 1214 1310 non
1243 1282 1360 1311 sentit.
1407 1281 1491 1321 Ejus
1519 1286 1633 1311 autem
1661 1290 1710 1311 ar-

1000 1330 1088 1361 boris
1106 1341 1208 1362 succo
1232 1340 1444 1372 quaecunque
1472 1331 1559 1362 illita
1585 1336 1673 1371 sunt,
1690 1341 1709 1361 a

998 1381 1089 1412 carie
1118 1387 1152 1412 et
1178 1382 1277 1412 tineis
1295 1381 1455 1412 immunia
1480 1386 1570 1413 sunt.
1619 1381 1708 1413 Hinc

998 1431 1201 1470 diverbiurn,
1230 1432 1331 1462 Cedro
1354 1431 1494 1470 dignum.
1551 1431 1627 1462 Hoc
1653 1441 1709 1462 au-

999 1486 1067 1512 tem
1098 1481 1326 1512 Hemistichio
1354 1491 1432 1512 usus
1461 1486 1511 1512 est
1544 1481 1708 1522 Virgilius

998 1532 1132 1562 AEneid.
1157 1532 1165 1548 ‘
1183 1533 1228 1563 Et
1245 1532 1349 1563 cedro
1366 1533 1470 1572 digna
1486 1532 1617 1564 locuti?
1657 1532 1707 1563 Id.

1040 1585 1081 1613 43
1107 1583 1186 1621 Nec,
1203 1582 1272 1623 Qu]
1306 1583 1392 1615 Quae
1408 1583 1558 1613 carmina
1579 1583 1707 1613 nullum

999 1633 1189 1673 periculum
1207 1634 1355 1663 habeant
1379 1633 1470 1673 apud
1493 1633 1711 1664 salsamenta-

999 1684 1063 1713 rios
1090 1690 1123 1714 et
1151 1684 1309 1714 turarios.
1356 1684 1426 1714 Per
1442 1684 1592 1714 scombros
1607 1683 1708 1724 signi-

996 1735 1075 1764 ficat
1094 1735 1380 1774 salsamentarios,
1396 1744 1456 1775 per
1482 1739 1533 1765 {us
1560 1737 1710 1775 pigmen-

998 1785 1112 1816 tarios.
1166 1786 1235 1816 Vet.
1253 1785 1443 1816 Scin-Nec
1462 1785 1623 1823 scombroS,
1638 1785 1708 1826 Sym]

998 1835 1039 1866 Id
1057 1841 1121 1874 est,
1139 1836 1224 1868 Quae
1239 1836 1365 1866 nullum
1380 1836 1568 1875 periculum
1580 1835 1710 1867 liabent

996 1886 1039 1916 ob
1056 1885 1185 1926 insigne
1215 1885 1396 1916 artificium
1424 1890 1458 1917 et
1482 1891 1708 1926 venustatem,

997 1946 1039 1967 ne
1071 1938 1213 1976 chartac,
1250 1936 1372 1976 quibus
1410 1936 1586 1977 iuscriptae
1616 1941 1707 1975 sunt,

996 1986 1132 2018 inutiles
1162 1992 1197 2017 et
1226 1987 1389 2026 projectae
1419 1985 1461 2016 ad
1490 1986 1708 2016 salsamenta-

997 2039 1078 2077 rios,
1105 2037 1397 2078 pliarmacopolas,
1425 2035 1639 2075 deferantur,
1670 2041 1709 2067 ut

995 2088 1075 2120 inde
1093 2087 1228 2126 tuuicae,
1246 2087 1432 2126 involucra,
1451 2087 1503 2118 vel
1521 2087 1647 2117 cuculli
1671 2086 1708 2117 fi-

997 2144 1067 2177 ant,
1083 2138 1204 2179 quibus
1221 2137 1404 2176 scombros,
1429 2138 1518 2177 thus,
1545 2138 1645 2178 piper
1672 2142 1708 2168 et

996 2189 1183 2220 consimilia
1221 2188 1382 2219 amiciant
1413 2193 1449 2219 et
1477 2188 1708 2219 involvant.—

997 2240 1173 2280 Scombr'os]
1215 2240 1418 2279 Pisciculos,
1448 2240 1610 2278 anchoras,
1637 2239 1707 2269 dic-

998 2298 1072 2330 tos3
1111 2292 1199 2322 unde
1215 2291 1484 2323 laudatissimum
1511 2290 1550 2322 fit
1573 2300 1708 2331 garuni,

997 2345 1091 2385 cujus
1115 2344 1235 2383 singuli
1260 2344 1372 2385 congii
1395 2343 1543 2374 millibus
1569 2352 1705 2373 numum

998 2395 1295 2436 permutabantur,
1313 2399 1400 2425 teste
1417 2394 1506 2424 Plin.
1551 2391 1664 2423 Lubin.

1040 2449 1081 2476 214
1107 2445 1268 2485 Quisquis,
1280 2445 1350 2484 ξι]
1368 2443 1508 2474 Mimica
1526 2447 1561 2473 et
1574 2442 1706 2473 comica

998 2495 1222 2524 exclamatio:
1241 2493 1399 2534 quoniam
1412 2492 1529 2523 Poe'tae
1548 2501 1611 2521 non
1625 2501 1708 2521 nun-

999 2553 1099 2584 qnam
1130 2542 1250 2572 omisso
1283 2547 1378 2572 recto
1407 2551 1575 2579 sermone,
1606 2546 1706 2572 extra

997 2602 1134 2623 scenam
1172 2592 1234 2622 soli
1274 2591 1469 2632 loquuntur,
1500 2592 1706 2623 sustinentes

1000 2653 1176 2685 personam
1194 2652 1301 2681 suam,
1319 2647 1378 2673 aut
1395 2643 1583 2684 aliquorum
1600 2643 1705 2673 homi-

998 2704 1078 2726 uum
1095 2693 1199 2725 verba
1216 2693 1451 2734 interponunt.
1502 2694 1570 2725 Vct.
1586 2693 1704 2725 Sem-‹-
