1888 3032
273 127 331 169 30

777 136 821 165 Λ.
840 122 1017 164 ‘pensu
1053 133 1226 165 rmum

273 234 400 283 Tuu’,
422 233 580 281 vetule,
602 230 810 272 auriculis
829 228 986 270 alienis
1007 228 1181 283 colligis
1201 232 1357 273 escas?

274 304 510 351 Auriculis‚
537 301 699 355 quibus
720 301 765 339 et
783 297 907 339 dicas
929 302 1026 338 cute
1047 298 1258 352 perditus,
1278 301 1389 341 ohe?

274 375 287 393 ‘
305 371 407 423 Quo
429 369 650 416 didicisse,
671 365 756 406 nisi
776 365 859 407 hoc
880 365 1134 406 fermentum
1155 369 1199 406 et
1218 379 1316 419 quae
1338 367 1471 408 semel
1490 366 1607 408 intus
1643 407 1646 410 Δ

274 440 430 482 Innata
452 440 532 485 est,
554 437 680 488 rupto
695 435 844 489 jecore
863 434 1020 475 exierit
1040 434 1318 487 caprificus'l’

1680 432 1737 474 25

274 507 343 548 En
363 505 504 559 pallor
526 502 797 556 seniumque!
830 500 869 541 O
891 502 1057 542 mores!
1091 515 1228 555 usque
1249 501 1416 544 adeone

273 575 394 616 Scire
416 577 534 614 tuum
554 570 661 611 nihil
681 574 762 621 est,
779 570 868 610 nisi
889 573 929 610 te
950 570 1062 611 scire
1083 570 1165 611 hoc
1186 570 1301 612 sciat
1321 571 1459 611 alter?

271 693 379 735 quibus
392 695 469 736 pelle
484 693 633 732 deformis
648 693 743 724 etiam
755 692 842 723 dicas
852 692 928 724 ohe!
953 693 1107 729 Quorsum
1124 703 1203 724 vero
1225 694 1347 724 doctum
1363 702 1437 731 esse,
1453 692 1514 723 nisi
1536 691 1738 730 hocsermen·

270 742 337 768 tum
360 742 547 778 appareat;
572 740 602 767 et
626 739 733 776 aperto
760 736 868 775 hepate
883 737 1012 776 prodeat
1028 736 1178 766 silvestris
1193 737 1291 777 ficus,
1318 746 1385 776 quae
1408 735 1573 775 aliquando
1598 738 1668 765 orta
1690 736 1736 764 est

270 779 379 812 intra?
406 782 486 811 Ecce
500 780 614 810 vultus
628 779 776 819 pallidus,
792 781 822 808 et
845 781 993 817 senceum,
1020 780 1049 809 Ο
1071 780 1202 809 indolem
1227 780 1380 819 pravam!
1409 779 1500 809 Itane
1522 787 1592 809 vero
1607 776 1737 808 scientia

270 827 323 854 lua
339 824 419 855 nihil
434 827 491 863 est,
506 823 569 853 nisi
583 822 640 853 alii
654 821 795 852 noverint
811 825 842 852 te
858 831 920 852 esse
935 822 1065 852 scientia
1084 820 1275 862 praeditum?
1311 821 1357 852 At
1374 822 1558 861 proeclarum
1573 823 1618 851 est
1633 819 1736 858 digito

887 905 1002 917 eeeeee

1006 905 1123 917 θθθθθθ

269 973 286 993 a
302 962 560 1003 suffimen-24
577 959 663 996 Quid
674 959 739 991 Ms.
755 959 796 991 R.
809 964 845 990 et
857 959 984 991 C.-2S
1001 960 1044 990 Et
1056 960 1218 1000 pulchrum
1231 960 1296 991 Ms.
1311 960 1437 991 R.-35
1448 970 1484 990 ac
1498 963 1603 991 tenero
1613 959 1680 991 Ms.
1693 959 1734 991 R.

933 1034 1072 1067 NOTAE

311 1106 351 1133 22
377 1101 468 1140 Tuu’,
489 1101 604 1141 vetule]
648 1100 803 1142 Insurgit
832 1101 973 1132 Persius

268 1153 396 1184 acriter
411 1152 573 1183 adversus
591 1161 665 1182 eam
683 1152 871 1183 mollitiem.
912 1153 974 1182 Er-

267 1213 355 1243 gone
380 1212 447 1243 qua
470 1212 505 1233 es
530 1205 635 1233 aetate
649 1210 753 1232 senex
769 1201 802 1233 in
818 1201 852 1232 id
870 1212 973 1233 unum

265 1253 445 1293 incumbis,
474 1256 513 1284 ut
541 1256 612 1283 tam
639 1250 780 1282 infames
805 1252 973 1292 juvenum

264 1304 402 1336 auribus
415 1303 595 1335 illecebras
612 1302 838 1343 suppedites?

314 1355 437 1395 Vetale]
459 1356 536 1386 Vox
557 1354 732 1396 pertinens
754 1354 797 1385 ad
824 1358 973 1385 conteni-

266 1410 350 1438 tum.

308 1459 348 1488 23
377 1457 456 1487 Cute
484 1455 640 1497 perditus]
683 1454 783 1486 Senio
815 1459 851 1485 et
880 1453 971 1495 rugis

264 1505 439 1539 deformis

311 1557 392 1597 Ohe]
430 1555 653 1587 contendunt
670 1555 773 1596 aliqui
790 1555 970 1596 legendum

264 1607 346 1647 θεοῦ,
362 1611 400 1637 ut
415 1616 530 1637 sensus
547 1606 611 1637 sit:
639 1605 670 1636 Ο
689 1606 783 1636 Nero
808 1605 972 1636 bacchan-

266 1660 350 1690 tium
367 1667 484 1690 vocem
510 1657 544 1688 in
569 1662 628 1688 tua
642 1657 826 1696 Tragoedia
842 1657 970 1697 gaudes

264 1709 431 1740 recitare!
478 1707 544 1738 Sed
574 1708 701 1748 placet,
719 1717 794 1738 cum
822 1707 970 1738 melioris

263 1763 355 1790 notae
374 1757 630 1798 Interpretibus
643 1762 679 1788 et
697 1757 969 1798 Exemplaribus‚

266 1809 344 1841 Ohe.
376 1809 463 1842 Quae
475 1808 677 1848 lutei-jectio
693 1808 746 1838 vel
763 1808 969 1848 satietatem,

261 1861 316 1891 vel
356 1859 544 1901 juvenilem
591 1859 749 1889 laetitiam
787 1855 968 1899 significat.

262 1911 389 1942 Sensus
420 1909 525 1950 igitur
556 1908 637 1939 erit:
673 1917 777 1939 senex
808 1918 883 1939 cum
914 1909 969 1947 sis,

256 1960 427 2002 juveniles
455 1960 559 1991 etiam
582 1968 682 1990 voces
708 1957 860 1990 affectas.
903 1959 968 1989 Vel

261 2010 392 2052 potius:
432 2010 564 2040 laboras
600 2014 638 2040 ut
669 2010 805 2050 placeas
844 2010 969 2051 ineptis

260 2060 493 2091 laudatoribus
516 2071 525 2098 ς
570 2069 714 2100 quorum
755 2060 967 2091 adulationes

258 2111 333 2153 ipse
360 2110 445 2141 adeo
472 2115 635 2150 expertus
663 2120 710 2149 ες,
736 2114 774 2140 ut
801 2119 867 2140 non
895 2110 966 2140 sine

260 2162 392 2203 pudore
421 2161 561 2191 nimium
589 2165 622 2190 te
653 2159 786 2190 laudari
816 2160 964 2191 sentiens

260 2212 432 2253 cogereris
460 2211 588 2250 dicere,
612 2211 683 2241 ohe:
708 2211 788 2241 satis
816 2215 868 2242 est
895 2211 965 2241 lau·

260 2262 340 2293 dum
356 2268 392 2293 et
418 2263 594 2303 plusquam
616 2262 707 2292 satis.
754 2262 877 2293 Horat.
894 2263 965 2293 Sat.

259 2322 300 2343 11.
335 2316 366 2344 5.
404 2313 646 2353 ‘Importunus
685 2318 777 2344 amat
812 2313 963 2355 laudari?

258 2363 394 2401 Donec,
411 2363 570 2402 ohejam,
594 2363 648 2393 Ad
666 2364 787 2393 coelum
811 2363 964 2394 manibus

258 2412 411 2451 sublatis,
439 2412 579 2451 dixerit,
609 2423 704 2453 urge,
736 2419 771 2444 et
802 2415 964 2445 Crescen-

259 2467 329 2494 tem
345 2463 482 2493 tumidis
500 2461 578 2492 infla
595 2463 802 2494 sermonibus
818 2468 950 2497 utrem.‘

303 2515 345 2543 24
371 2513 439 2547 Quo
457 2513 613 2552 didicis-se,
628 2506 696 2552 estu]
742 2514 783 2544 Id
800 2521 864 2554 cst,
881 2515 962 2556 quid

259 2562 399 2604 prodest
414 2564 522 2598 multa
535 2563 691 2594 didicisse
703 2564 736 2594 ni
752 2564 873 2596 doctus
887 2576 961 2597 esse

259 2623 456 2654 cognoscar,
478 2614 588 2656 inquit
602 2615 700 2647 homo
717 2616 889 2648 scribendi
905 2627 962 2649 cu·

258 2664 372 2705 pidus.

1074 1101 1290 1141 Fermentum]
1344 1100 1482 1131 Dicitur
1510 1109 1530 1130 a
1560 1099 1737 1141 fervendo,

1029 1152 1144 1192 idest,
1169 1151 1256 1182 sicut
1280 1150 1407 1182 frustra
1433 1150 1565 1191 injicias
1589 1150 1736 1181 fermen—

1030 1207 1101 1234 tum
1118 1202 1151 1234 in
1169 1211 1310 1233 massam
1328 1202 1391 1233 nisi
1419 1207 1457 1233 ut
1481 1209 1558 1233 ‘eam
1575 1200 1683 1240 inflet,
1701 1204 1737 1232 et

1028 1253 1190 1294 majorem
1214 1252 1337 1284 faciat:
1361 1253 1420 1293 sic,
1444 1252 1525 1294 quid
1553 1262 1628 1284 mea
1654 1252 1734 1283 milii

1028 1303 1176 1335 eruditio
1214 1304 1377 1344 proderit,
1414 1303 1478 1334 nisi
1510 1307 1669 1344 erumpat
1699 1307 1735 1335 et

1026 1353 1204 1385 clariorem
1223 1364 1274 1385 me
1292 1353 1414 1385 faciat?

1069 1405 1177 1445 Intus]
1223 1405 1263 1435 In
1281 1406 1393 1436 animo
1410 1415 1496 1437 meo.

1068 1458 1108 1486 25
1131 1455 1257 1496 decore]
1283 1455 1371 1487 Poni
1388 1455 1524 1487 videtur
1540 1465 1600 1496 pro
1617 1457 1733 1497 corde,

1025 1505 1058 1536 in
1077 1515 1143 1546 quo
1162 1504 1347 1538 affectuum
1364 1505 1480 1537 sedem
1497 1507 1617 1547 vulgus
1631 1507 1734 1538 collo-

1025 1562 1093 1587 cat.

1070 1607 1259 1649 Caprificus]
1306 1607 1544 1648 Metaphorice
1575 1607 1732 1647 designat

1025 1657 1141 1697 gloriae
1173 1658 1411 1697 cupiditatem,
1441 1662 1477 1688 et
1507 1657 1614 1695 bene;
1654 1667 1729 1688 nam

1024 1707 1124 1738 arbor
1138 1707 1192 1738 illa
1213 1707 1361 1747 erumpit
1387 1717 1405 1737 e
1433 1707 1534 1737 muris
1551 1701 1731 1747 quantum-

1023 1757 1108 1788 libet
1126 1757 1232 1796 duris‚
1260 1758 1368 1788 nullos
1387 1758 1474 1799 parit
1500 1757 1645 1798 fructus,
1670 1759 1731 1789 sed

1025 1812 1156 1839 tantum
1174 1809 1320 1849 calyces.

1067 1861 1109 1890 26
1134 1860 1183 1889 En
1198 1861 1296 1899 pallor
1312 1858 1501 1900 seniumque]
1555 1859 1608 1889 En
1632 1860 1730 1900 signa

1025 1909 1129 1940 studii
1162 1910 1267 1940 nostri
1300 1910 1495 1950 pertinacis,
1533 1914 1730 1951 nostraeque

1025 1959 1110 1990 adeo
1150 1959 1329 2000 profundae
1365 1960 1576 1991 eruditionis.
1642 1961 1730 1992 Quae

1023 2010 1128 2041 verba
1145 2010 1338 2041 attribuunt
1362 2010 1466 2050 aliqui
1493 2009 1613 2040 Persio
1640 2005 1728 2040 Po'e‘-

1024 2064 1150 2090 tastros
1177 2060 1355 2089 irridenti:
1388 2059 1507 2089 melius
1535 2063 1651 2090 tamen
1680 2059 1729 2090 vi-

1022 2110 1148 2141 dentur
1174 2110 1349 2151 jungenda
1387 2120 1464 2141 cum
1502 2111 1728 2150 praecedeuti-

1020 2159 1095 2198 bus,
1111 2164 1147 2190 ut
1165 2164 1284 2200 postea
1301 2161 1476 2201 satyricus
1498 2161 1683 2193 exclamet:
1709 2173 1726 2192 ο

1019 2209 1138 2240 mores!

1066 2262 1167 2302 Usque
1195 2264 1306 2293 adeone
1333 2264 1412 2294 scire
1437 2263 1619 2303 tauma-a]
1664 2265 1726 2294 Er-

1019 2322 1105 2352 gone
1134 2323 1252 2344 vanam
1282 2315 1423 2354 gloriam
1453 2315 1546 2345 velut
1568 2315 1724 2346 ultimum

1019 2363 1119 2394 finem
1145 2365 1333 2396 studiorum
1361 2370 1494 2396 tuorum
1521 2365 1723 2396 constituis?

1020 2414 1064 2444 D.
1100 2414 1244 2455 August.
1285 2415 1397 2455 Epist.
1429 2418 1482 2446 56.
1517 2416 1721 2447 Dioscorum

1019 2464 1112 2504 vulgi
1144 2464 1260 2495 laudes
1296 2470 1483 2496 sectantem
1520 2467 1723 2507 perstringit

1019 2515 1184 2546 Persiano
1211 2517 1273 2546 hoc
1299 2517 1398 2547 loco:
1424 2518 1549 2557 ‘Tuue‚
1575 2529 1594 2549 o
1621 2519 1721 2550 Dios-

1017 2575 1108 2606 core,
1123 2576 1186 2597 nec
1201 2566 1356 2598 Persium
1372 2573 1463 2598 tuum
1488 2569 1627 2609 respicis
1643 2578 1721 2600 con-

1017 2621 1108 2648 torto
1125 2617 1291 2648 versiculo
1309 2618 1369 2649 tibi
1393 2619 1637 2659 insultantem‚'
1653 2621 1719 2650 &cu

1016 2668 1083 2701 Ubi
1109 2669 1305 2701 Persianam
1331 2670 1538 2701 sententiam
1562 2669 1659 2703 affert
1682 2674 1719 2702 et
