1888 3032
286 99 372 141 132

788 110 833 139 A.
870 109 1029 139 PERSH
1067 110 1239 142 FLACCI

287 209 299 226 ‘
323 205 531 248 Vindicta
550 209 786 260 postquam
805 217 930 246 meus
950 218 978 246 a
996 209 1184 259 praetore
1204 209 1377 258 recessi,

285 273 376 316 Cur
396 274 500 314 mihi
521 285 605 314 non
626 273 770 323 liceat,
785 272 923 327 jussit
941 272 1248 327 quodcumque
1267 275 1485 325 voluntas,

285 340 501 395 Excepto,
523 341 561 381 si
583 340 687 394 quid
709 339 882 381 Masuri
901 341 1079 383 rubrica
1096 341 1262 382 vetavit
1277 341 1310 382 ‘l’

285 471 368 512 licet,
384 474 425 511 et,
439 474 474 502 ut
489 471 564 501 volo.

1686 343 1748 385 -90

610 471 738 502 Verum
754 471 937 509 enimvero,
958 481 997 502 ex
1020 482 1076 511 quo
1103 481 1188 501 meus
1210 471 1313 511 prodii
1329 482 1348 503 a
1362 472 1515 511 Proetore,
1530 482 1591 513 per
1614 472 1748 513 vir-gam,

282 524 376 555 quare
392 524 450 545 mm
465 514 543 545 mihi
557 513 679 545 licitum
701 514 744 545 sit
771 514 917 556 quicquid
929 515 1047 556 placuit
1063 514 1197 546 arbitrio
1213 524 1302 555 meo,
1317 515 1437 556 excipio
1451 516 1479 546 si
1496 516 1748 557 Masuritscrip-

949 620 1089 655 NOTAE

325 708 365 736 88
394 705 540 737 Vindicta
553 709 722 747 postquam,
736 704 805 746 Era]
849 705 899 736 M.
916 705 987 736 Da-

282 764 335 786 ma
371 756 517 787 necdum
555 756 737 787 advertens
770 754 987 796 paralogismi

279 805 330 837 sui
347 806 466 837 vitium
477 810 511 837 et
525 815 696 837 errorem:
721 815 825 846 seque
839 805 985 836 aStoico

280 856 455 897 vapulare,
492 856 535 886 ob
572 856 780 897 aequivocam
815 855 986 886 libertatis

280 907 527 947 acceptionem,
544 906 656 946 pergit
669 905 899 947 argumentari
913 915 987 946 por-

280 965 317 986 ro
335 966 353 987 a
368 956 531 987 libertate
549 956 699 997 corporis
716 955 757 986 ad
772 955 873 986 animi
889 955 987 986 liber-

279 1012 409 1038 tatem:
449 1006 610 1048 quocirca
641 1016 708 1037 nou
737 1005 810 1037 sine
838 1005 986 1036 ludibrio

279 1057 462 1098 excipitur.

327 1107 487 1147 Vindicta]
520 1107 529 1123 ‘
546 1107 653 1148 Virga
681 1111 747 1146 est,
769 1115 844 1147 quae
870 1115 986 1136 manu-

277 1156 435 1188 mittendi
453 1167 472 1187 a
488 1157 644 1188 Praetore
660 1157 695 1187 in
716 1156 830 1197 capite
853 1157 986 1196 pulsan-

279 1211 345 1246 tur,
362 1206 437 1238 ideo
454 1206 559 1244 dicta,
586 1207 676 1248 quod
699 1217 757 1238 eos
781 1206 931 1237 vindicat
947 1206 985 1237 li-

277 1257 427 1289 bertati:
478 1258 573 1288 Vett.
603 1258 717 1289 Gloss.
744 1257 845 1288 Titus
871 1262 984 1288 antem

277 1308 391 1339 Livius
422 1316 462 1339 11.
493 1311 523 1339 5.
549 1307 599 1338 ita
629 1311 863 1348 nuncupatam
889 1307 938 1338 ait
966 1318 985 1338 a

276 1357 438 1389 Vindicio
455 1367 568 1396 servo,
595 1358 652 1398 qui
669 1358 796 1398 primus
821 1357 984 1388 libertate

276 1408 374 1440 simul
403 1412 438 1439 et
463 1408 604 1439 civitate
627 1408 773 1439 donatus
801 1407 843 1438 ob
870 1407 985 1438 detec-

278 1464 348 1489 tam
369 1458 652 1500 conjurationem.
708 1458 801 1489 Hinc
817 1467 898 1489 vero
913 1468 986 1489 san-

277 1507 395 1547 citum,
413 1512 452 1540 ut
475 1508 609 1550 quoties
626 1518 742 1540 servus
769 1508 891 1549 aliquis
916 1518 984 1538 ma-

276 1559 532 1599 numitteretur,
547 1563 652 1599 caput
667 1559 741 1599 ejus
763 1558 884 1590 baculo
913 1562 984 1589 tan-

276 1614 429 1650 geretur,
466 1610 500 1640 in
538 1609 734 1640 memoriam
772 1614 982 1641 conservatae

277 1659 412 1700 Populo
430 1660 580 1691 Romano
608 1668 669 1700 per
691 1668 828 1690 servum
845 1659 984 1690 liberta-

277 1709 332 1742 tis,

319 1761 411 1792 Meus
433 1770 452 1791 ιι
470 1763 604 1801 praetore
628 1759 753 1799 recessi]
798 1760 876 1801 Meiv
894 1759 982 1800 juris

276 1809 389 1842 factus
414 1821 486 1841 Sum
510 1811 598 1842 liber
621 1814 658 1841 et
683 1810 766 1841 civis
796 1810 983 1841 Romanus.

276 1861 415 1892 Praetor
431 1861 519 1892 enim
544 1861 634 1891 servi
659 1867 764 1901 caput
785 1860 916 1901 virgula
931 1859 981 1891 fe-

277 1910 366 1942 riens
391 1910 648 1951 pronuntiabat,
663 1914 725 1941 esto
751 1910 848 1941 liber:
882 1919 982 1951 porro

277 1961 333 2002 qui
351 1960 500 1993 vindicta
518 1961 754 2001 manumissus,
769 1961 797 1992 is
813 1970 878 1992 una
903 1970 982 1992 cum

274 2012 434 2043 libertate
456 2011 633 2043 civitatem
659 2012 845 2042 Romanam
868 2020 983 2042 conse-

270 2062 458 2102 quebatur.
513 2062 585 2092 Tit.
607 2062 681 2093 Liv.
703 2061 802 2093 Alex.
820 2061 864 2092 ab
880 2061 980 2092 Alex.

276 2111 443 2152 locisjam
457 2111 571 2142 citatis
588 2111 645 2142 lib.
665 2120 712 2142 ιν.
729 2121 805 2151 cap.
825 2114 877 2141 10.
894 2113 959 2142 &c.

284 2190 286 2192 .
317 2164 360 2193 89
397 2163 463 2193 Cur
485 2161 562 2192 mihi
587 2171 648 2192 non
670 2161 776 2199 liceat,
797 2160 867 2200 Sym]
912 2160 981 2191 Ad-

274 2217 370 2244 verte
402 2212 631 2253 arrogantiam
660 2216 696 2243 et
722 2211 919 2252 superbiam
947 2211 981 2241 in

275 2263 388 2294 verbis
405 2263 515 2294 Marci
535 2263 666 2294 Damoe.

317 2316 358 2343 90
400 2314 535 2354 Excepto
560 2314 587 2343 sz'
611 2314 696 2354 quid,
721 2313 792 2354 ξω]
837 2312 982 2352 Excipio

275 2363 345 2402 illa,
365 2374 437 2404 quae
456 2366 585 2403 legibus
602 2365 729 2404 etjure
746 2368 824 2394 sunt
840 2363 959 2394 vetita.

318 2413 457 2452 Masuri]
468 2416 475 2428 ⁶
486 2414 656 2443 Masurius
666 2414 719 2443 hic
727 2413 873 2443 Sabinus
882 2413 981 2452 Legis

277 2463 457 2494 Consultus
474 2461 557 2491 t'uit.'
605 2463 809 2493 Vett.Glos.
866 2463 980 2502 Eques

275 2518 352 2544 erat
388 2513 571 2550 Romanus,
602 2511 728 2541 Tiberii
759 2511 980 2551 Imperatoris

276 2568 443 2604 tempore,
466 2560 623 2593 doctrina
648 2562 783 2599 clarus;
829 2565 979 2590 ceterum

276 2613 375 2644 valde
396 2621 538 2653 pauper.
595 2610 675 2651 Ejus
701 2610 855 2642 meminit
877 2610 980 2650 Agel-

276 2665 338 2696 lius
353 2673 385 2697 v.
403 2666 455 2697 19.
470 2668 506 2696 et
523 2663 614 2696 alibi.
660 2662 764 2704 Apud
776 2661 979 2694 Athenaeum

1039 704 1096 736 lib.
1114 713 1188 736 xxv.
1215 708 1255 736 ut
1281 705 1333 735 vir
1346 704 1446 744 longe
1462 702 1610 745 optimus
1636 708 1672 735 et
1695 713 1748 734 sa-

1039 754 1136 795 piens
1172 756 1355 796 legumque
1388 754 1566 795 Interpres
1604 753 1747 785 eximius

1039 804 1246 837 celebratur.

1083 854 1238 895 Rubrica]
1270 854 1361 887 Quid
1381 854 1520 895 proprie
1536 853 1580 886 sit
1594 853 1745 893 Rubrica,

1040 905 1125 937 dixit
1137 907 1207 937 Sat.
1227 915 1249 937 ι.
1270 906 1279 922 ⁴
1294 905 1460 937 Rubricas
1477 905 1591 936 vocari
1607 905 1747 937 minium

1040 965 1105 996 quo
1117 956 1207 987 tituli
1221 956 1333 997 legum
1343 955 1595 987 annotabautur
1606 955 1628 994 ;’
1652 956 1749 987 aiunt

1039 1006 1093 1037 hic
1109 1010 1242 1037 veteres
1269 1005 1381 1038 Gloss.
1406 1010 1441 1036 et
1464 1005 1618 1038 'rm-neb.
1646 1015 1695 1038 ιν.
1714 1009 1746 1037 5.

1040 1055 1172 1087 scilicet
1187 1054 1231 1086 ob
1248 1054 1390 1086 similem
1417 1055 1567 1087 colorem
1593 1055 1747 1087 rubeum.

1038 1107 1197 1138 Juvenal.
1223 1107 1295 1137 Sat.
1322 1115 1400 1138 xrv.
1427 1109 1435 1124 ‘
1454 1107 1602 1147 Perlege
1629 1105 1749 1138 rubras

1039 1155 1210 1197 Majorum
1228 1155 1342 1196 leges!
1390 1156 1512 1197 Neque
1529 1165 1608 1188 vero
1634 1156 1747 1197 legum

1041 1211 1184 1245 tantum,
1199 1207 1259 1237 sed
1285 1211 1321 1237 et
1349 1206 1497 1237 omnium
1523 1216 1597 1247 quae
1623 1205 1749 1237 scribe-

1038 1256 1121 1287 bant
1134 1257 1226 1296 olim,
1240 1256 1343 1296 tituli,
1369 1256 1484 1296 capita
1511 1262 1548 1287 et
1574 1255 1672 1287 initia
1696 1265 1751 1286 ru-

1038 1307 1099 1338 bra
1115 1312 1224 1347 erant,
1246 1317 1304 1338 seu
1331 1307 1433 1338 minio
1460 1316 1519 1338 seu
1547 1307 1748 1348 purpurisso

1038 1362 1168 1389 notata.
1224 1358 1329 1388 Patet
1347 1367 1389 1388 ex
1406 1357 1512 1388 Ovid.
1528 1357 1631 1388 Trist.
1648 1357 1707 1388 lib.
1724 1366 1749 1389 1.

1038 1409 1126 1448 eleg.
1155 1411 1185 1439 1.
1209 1408 1218 1425 ‘
1237 1409 1312 1439 Nec
1336 1408 1454 1438 titulus
1481 1407 1597 1446 minio,
1611 1417 1676 1439 nec
1696 1417 1750 1439 ce-

1039 1458 1100 1489 dro
1118 1458 1237 1489 charta
1249 1456 1417 1489 notetur.’
1474 1458 1520 1489 Et
1536 1458 1687 1490 Martial.
1703 1458 1748 1489 E-

1039 1509 1214 1549 pigramm.
1244 1517 1300 1540 111.
1328 1511 1360 1539 2.
1392 1507 1402 1525 ‘
1420 1507 1465 1539 Et
1489 1517 1595 1539 cocco
1623 1507 1749 1539 rubeat

1039 1560 1207 1599 superbus
1236 1557 1371 1590 Index!
1425 1557 1525 1590 Quod
1550 1561 1665 1589 autem
1692 1557 1748 1590 hic

1039 1608 1260 1640 Casaubonus
1284 1608 1327 1638 de
1354 1616 1433 1638 cera
1453 1607 1596 1638 miniata
1610 1607 1747 1638 commi-

1037 1660 1193 1698 niscitur,
1209 1668 1274 1690 non
1290 1667 1469 1699 perperam
1485 1657 1621 1689 videtur
1633 1667 1750 1699 repre-

1036 1711 1178 1742 hensum
1209 1720 1228 1740 a
1254 1709 1429 1748 Mamilio,
1452 1708 1511 1750 ‘qui
1540 1712 1638 1740 notat
1671 1718 1746 1740 eam

1037 1761 1221 1802 signationi
1258 1770 1326 1791 non
1363 1759 1540 1800 scriptioni
1576 1759 1745 1791 idoneam.

1037 1811 1129 1844 Quid
1146 1812 1281 1843 autem?
1312 1810 1395 1841 Viro
1421 1810 1472 1841 vir
1500 1810 1658 1842 occinere
1678 1820 1746 1842 non

1037 1865 1176 1892 veretur
1192 1870 1269 1891 cum
1284 1859 1428 1891 Satirico
1443 1869 1452 1898 3
1483 1859 1580 1891 Disce
1591 1859 1607 1891 Ι
1627 1861 1682 1892 sed
1696 1861 1747 1892 ira

1035 1913 1135 1942 cadat.
1184 1911 1286 1942 Certe
1315 1909 1410 1941 favet
1429 1910 1561 1941 Critico
1582 1910 1746 1942 adversus

1037 1962 1205 1993 Criticum
1218 1961 1393 1992 Vitruvius
1411 1970 1464 1992 ix.
1482 1964 1512 1992 3.
1537 1961 1594 1992 ubi
1611 1961 1659 1992 ait
1673 1962 1743 1993 De-

1036 2013 1213 2044 mocritum
1240 2012 1364 2042 annulo
1391 2012 1526 2052 signare
1550 2012 1686 2044 solitum
1702 2023 1746 2044 ea

1037 2072 1110 2103 quae
1129 2066 1291 2105 expertus
1318 2066 1420 2101 esset,
1444 2071 1525 2092 cera
1549 2071 1595 2093 ex
1622 2063 1743 2102 milto;

1035 2113 1146 2151 idest,
1162 2113 1277 2150 minio,
1291 2121 1349 2143 seu
1368 2121 1447 2142 cera
1463 2112 1612 2143 miniata.
1652 2113 1742 2144 Nam

1036 2167 1074 2194 ut
1099 2162 1202 2193 habet
1242 2162 1332 2193 Plin.
1362 2171 1497 2194 xxxrn.
1523 2165 1554 2194 7.
1589 2163 1599 2179 ⁴
1616 2163 1744 2195 Milton

1037 2213 1154 2244 Graeci
1193 2216 1319 2243 vocant
1355 2212 1518 2243 minium.’
1586 2212 1678 2245 Quid
1702 2213 1745 2244 sit

1035 2263 1136 2294 etiam
1155 2272 1232 2293 cera
1248 2262 1401 2301 minima,
1417 2267 1454 2293 et
1471 2262 1558 2303 quod
1575 2262 1742 2294 notationi

1036 2318 1073 2345 et
1102 2322 1257 2344 censurae
1287 2312 1379 2343 utilis
1411 2317 1514 2351 esset,
1544 2321 1610 2343 non
1638 2313 1745 2353 scrip-

1038 2363 1135 2403 tioni,
1153 2368 1273 2403 aperte
1298 2363 1451 2393 declarat
1465 2363 1593 2393 Tullius
1614 2362 1656 2392 ad
1680 2362 1743 2393 At-

1038 2413 1155 2443 ticum.
1201 2413 1256 2443 Sic
1280 2413 1384 2443 habet
1401 2412 1461 2443 lib.
1478 2421 1554 2443 xvl.
1571 2412 1671 2452 epist.
1690 2415 1742 2444 11.

1036 2464 1045 2479 ⁴
1064 2464 1226 2493 Nostrum
1258 2472 1341 2501 opus
1373 2461 1435 2493 tibi
1465 2461 1603 2502 probari
1629 2463 1742 2502 laetor,

1036 2520 1077 2540 ex
1096 2521 1161 2551 quo
1187 2515 1266 2541 ante
1293 2512 1366 2551 ipse
1394 2512 1550 2552 posuisti,
1564 2521 1639 2553 quae
1661 2514 1742 2544 mihi

1036 2559 1236 2591 florentiora
1253 2565 1331 2592 sunt
1348 2560 1562 2601 visajudicio
1577 2566 1646 2595 tuo.
1679 2564 1741 2595 Ce-

1036 2611 1126 2640 rulas
1143 2610 1231 2640 enim
1250 2613 1324 2640 tuas
1340 2610 1534 2641 miniatulas
1559 2611 1631 2643 illas
1656 2612 1740 2644 exti-

1036 2659 1254 2692 mescebam)
1314 2660 1360 2692 Et
1386 2659 1446 2693 lib.
1473 2669 1533 2694 xv,
1561 2662 1661 2703 epist.
1687 2665 1737 2694 14.
