1888 3032
260 153 343 193 100
761 161 807 191 A.
843 159 1004 190 mensu
1042 158 1214 191 rmum

258 255 531 297 Dinomaches
563 268 633 309 ego
664 267 765 303 siem,
791 253 934 295 suffla:
967 268 1051 294 sum
1084 253 1293 297 candidus.
1354 258 1489 303 Esto:

259 325 378 366 Dum
395 337 449 364 ne
472 323 660 363 deterius
680 322 827 374 sapiat
847 334 1078 374 pannucea
1093 322 1274 374 Baucis,

256 392 369 433 Cum
392 393 504 432 bene
526 389 740 430 discincto
763 390 999 430 cantaverit
1021 391 1167 430 ocima
1185 403 1347 432 vernae.

257 460 317 500 Ut
336 471 462 500 nemo
484 457 528 498 in
551 470 647 498 sese
668 459 805 498 tentat
825 456 1100 509 descendere,
1122 459 1274 501 nemo!

253 581 338 612 aliud
367 589 541 620 responsum
562 579 694 611 dederit.
739 579 835 611 Modo
850 580 915 618 abi,
939 585 974 612 et
984 580 1099 621 jacta;
1126 580 1195 620 Ego
1221 590 1289 611 sum
1309 579 1517 612 Dinomaches
1536 579 1648 612 filius:
1672 582 1718 612 in-

254 628 397 662 tumesco,
419 625 449 652 et
473 623 534 661 dic,
561 622 727 653 Formosus
751 632 830 653 sum.
877 623 964 655 Bene
988 627 1045 662 est,
1068 624 1228 654 dummodo
1252 623 1372 654 Baucis
1398 624 1511 663 pannis
1527 627 1634 664 operta
1659 634 1719 655 non

253 667 354 698 vitinus
368 665 490 706 sopiens
509 665 563 706 sit,
585 666 705 705 quando
728 669 811 696 recte
826 666 956 697 ocimum
975 666 1181 706 proclamabit
1206 675 1293 697 servo
1310 666 1468 698 dissoluto.
1515 667 1547 697 0
1573 667 1718 707 quomodo

872 761 1088 774 eeeeeeeeeee

248 821 335 859 puta,
350 828 421 858 non,
436 820 489 857 sse.
514 817 704 849 Casaubon.
721 818 807 849 istud
824 817 909 848 Edd.
926 816 1146 859 plurim.—-2l
1169 816 1322 858 pannutia
1337 815 1429 848 Edit.
1446 816 1650 857 steph—24
1674 817 1719 848 sic

914 908 1055 941 NOTAE

290 986 332 1014 20
348 984 569 1025 Dinomaches]
594 984 788 1015 Dinomache
803 982 955 1023 perillus·

249 1035 312 1065 tris
329 1033 482 1074 foemina,
499 1044 517 1066 e
534 1044 600 1076 qua
614 1034 773 1066 trahebat
790 1033 955 1074 originem

248 1085 460 1124 Alcibiades,
476 1090 512 1116 et
528 1085 652 1116 exinde
667 1085 890 1126 gloriabatur.

291 1136 406 1178 Suffla]
428 1135 683 1167 Gloriabundus
697 1136 824 1167 exulta.

291 1187 386 1226 Esto]
410 1187 461 1218 Sis
485 1187 567 1218 licet
583 1185 750 1218 formosus
766 1197 774 1225 ;
792 1185 873 1227 quid
890 1185 953 1217 hoc

248 1237 289 1268 ad
309 1238 395 1268 bene
412 1237 670 1278 imperandum?

289 1291 327 1319 21
354 1288 488 1328 Baucis]
513 1287 608 1319 Anus
623 1289 846 1328 paupercula.
880 1287 953 1318 Hu-

240 1339 297 1378 jus
329 1339 483 1370 meminit
514 1338 658 1370 Ovidius
690 1338 833 1370 Metam.
869 1347 953 1370 vin.

246 1390 394 1421 Ponitur
415 1390 469 1420 hic
493 1393 556 1430 pro
572 1389 724 1431 qnalibet
753 1389 889 1430 abjecta
917 1392 951 1420 et

244 1439 301 1470 vili
317 1440 529 1471 muliercula.

288 1493 330 1521 22
356 1491 540 1521 Cantaverz't
554 1489 651 1521 ocima
666 1489 782 1529 vernoe]
806 1489 951 1521 Abstru-

245 1550 280 1570 sa
296 1549 435 1580 prorsus
450 1540 632 1580 sententia,
647 1539 756 1581 inquit
771 1540 951 1571 Turnebus

243 1590 388 1621 Advers.
414 1599 474 1620 xv.
504 1593 536 1621 3.
577 1600 676 1631 quam
704 1600 766 1621 nec
789 1591 889 1630 plane
914 1600 951 1621 se

242 1649 343 1680 posse
371 1640 544 1680 explicare
567 1641 615 1671 ait
641 1640 726 1671 ibid.
774 1641 949 1681 Interpre-

243 1694 360 1721 tantur
377 1691 616 1729 communiter,
641 1700 741 1721 anum
767 1690 857 1721 illam
874 1691 949 1722 lier-

242 1741 302 1772 bas
325 1751 400 1772 suas
427 1742 496 1771 alta
514 1751 597 1772 voce
620 1742 832 1781 proclamare
847 1751 948 1773 vena-

242 1792 303 1831 les,
333 1801 373 1822 ac
402 1792 541 1822 laudare
571 1791 662 1832 apud
695 1801 810 1823 servos
832 1803 946 1824 emere

241 1842 406 1880 volentes,
432 1845 470 1872 ut
494 1841 605 1872 carius
622 1841 772 1879 vendat-7
799 1843 851 1873 vel
868 1853 944 1884 quae

240 1891 411 1922 cantando
427 1891 530 1922 etiam
547 1892 722 1923 vocaverit
738 1896 773 1923 et
788 1893 946 1926 allexerit

239 1940 360 1981 quibus
376 1941 512 1973 vendat.
547 1940 594 1973 At
610 1942 828 1974 Casaubonus
843 1944 945 1983 paulo

239 1990 397 2023 subtilius
426 1992 517 2023 hunc
555 1993 668 2024 locum
694 1998 880 2035 scrutatur,
911 1999 946 2026 et

239 2041 390 2082 explicat
407 2042 450 2073 de
468 2043 525 2073 vili
541 2044 750 2085 muliercula,
768 2045 876 2085 qualis
891 2050 945 2077 est

238 2091 421 2123 herbarum
438 2093 622 2132 venditrix,
649 2104 725 2125 cum
748 2095 857 2126 obviis
873 2095 944 2135 qui-

237 2143 390 2174 buslibet
410 2147 445 2174 et
461 2144 606 2175 maxime
622 2154 697 2175 cuin
715 2144 821 2175 servis
845 2149 943 2184 petu-

236 2192 383 2223 lantibus
399 2198 554 2224 certante
571 2194 706 2234 probris
723 2199 760 2226 et
781 2194 943 2226 maledic-

237 2243 301 2273 tis:
327 2247 365 2273 ut
389 2243 434 2274 sit
460 2253 594 2275 sensus:
633 2254 710 2275 cum
737 2244 778 2276 ad
808 2255 942 2276 servum

236 2291 403 2332 dicacem,
430 2298 466 2324 et
492 2294 567 2334 ipsa
584 2294 683 2325 dicax
699 2296 891 2326 cantaverit
907 2300 943 2327 et

235 2342 417 2382 ingesserit
447 2344 557 2383 ocima,
589 2344 625 2375 id
649 2350 704 2376 est
747 2346 940 2377 maledicta.

236 2391 385 2432 Quippe,
401 2396 440 2423 ut
457 2393 561 2425 habet
582 2394 672 2425 Plin.
687 2404 764 2427 mx.
783 2400 812 2428 7.
836 2397 846 2414 ‘
863 2397 943 2428 Oci-

235 2451 327 2472 mum
353 2451 428 2473 cum
453 2443 642 2474 maledictis
669 2455 708 2476 ac
731 2447 866 2486 probris
892 2458 942 2479 se-

236 2491 390 2530 rendum,
406 2495 445 2522 ut
467 2493 579 2522 laetius
605 2495 795 2535 proveniat,
822 2497 941 2535 praeci-

234 2539 393 2580 piebant'
418 2542 645 2581 superstitiosi
662 2548 808 2574 veteres.
854 2545 940 2576 Cum

235 2590 434 2622 Casaubono
461 2591 552 2623 idem
572 2593 673 2632 plane
690 2593 795 2624 sentit
810 2594 939 2626 Turne-

235 2639 295 2671 bus
310 2639 453 2672 Advers.
468 2649 557 2673 xxx.
574 2644 604 2672 8.
629 2642 789 2684 quicquid
808 2644 938 2684 garriat

233 2689 427 2723 Autumnus
444 2691 633 2734 Interpres,
660 2692 716 2735 qui
732 2697 826 2725 certe
843 2694 936 2726 vide=

1010 985 1066 1013 tur
1088 981 1298 1022 Turnebum,
1323 985 1381 1013 aut
1398 991 1465 1013 non
1483 981 1630 1021 omnino,
1656 984 1716 1012 aut

1010 1032 1119 1073 primo
1143 1036 1276 1064 tantum
1292 1033 1414 1073 legisse
1431 1032 1516 1072 loco,
1539 1041 1636 1072 quem
1654 1031 1716 1062 eti-

1009 1092 1061 1114 am
1080 1092 1261 1124 perperam
1277 1083 1375 1122 citat,
1400 1083 1432 1113 in
1452 1081 1553 1113 Notis
1570 1082 1635 1113 illis
1651 1081 1717 1113 sin-

1009 1133 1194 1174 gularibus,
1212 1133 1332 1174 quibus
1350 1133 1589 1165 Casaubonum
1612 1132 1716 1165 corri-

1009 1194 1091 1225 gere
1108 1184 1305 1224 pollicetur.

1054 1235 1178 1275 Ocima]
1205 1236 1292 1267 Sunt
1319 1236 1377 1277 qui
1403 1237 1534 1277 legant,
1563 1235 1655 1272 θείας
1677 1239 1714 1266 et

1007 1286 1181 1326 explicant
1219 1287 1431 1326 voluptatem
1470 1296 1509 1317 ac
1539 1286 1713 1326 libidines,

1006 1346 1089 1377 quas
1118 1336 1208 1377 apud
1240 1346 1374 1368 servum
1406 1337 1520 1368 vetula
1551 1340 1714 1377 ostentet,

1005 1390 1044 1417 ut
1072 1396 1148 1417 eum
1179 1387 1321 1418 alliciat.
1366 1387 1434 1418 Sed
1466 1397 1586 1427 apage.
1642 1386 1716 1417 Oce·-

1004 1447 1099 1477 mum,
1116 1438 1188 1469 sive
1204 1439 1366 1479 ocymum,
1381 1438 1470 1479 quod
1488 1442 1524 1469 et
1535 1437 1713 1478 βασιλικὸν,

1003 1487 1110 1520 herba
1126 1492 1180 1520 est
1203 1487 1398 1527 odorifera3
1424 1489 1505 1520 item
1524 1488 1640 1529 pabuli
1655 1498 1713 1530 ge-

1004 1547 1078 1569 nus.
1130 1539 1214 1579 Ejus
1237 1539 1382 1570 virtutes
1411 1548 1450 1570 ac
1481 1539 1712 1580 proprietates

1005 1592 1183 1628 exponunt
1197 1589 1321 1628 Varro,
1339 1590 1437 1627 Cato,
1463 1588 1593 1620 Plinius
1610 1589 1711 1620 variis

1005 1637 1099 1668 locis.
1146 1637 1175 1668 A
1206 1638 1382 1670 celeritate
1413 1638 1634 1678 proveniendi
1663 1639 1711 1672 sic

1005 1688 1226 1727 appellatum,
1265 1689 1364 1720 testis
1402 1693 1455 1720 est
1485 1698 1529 1720 ex
1556 1689 1709 1722 Varrone

1004 1737 1093 1768 idem
1110 1738 1255 1777 Plinius,
1271 1747 1378 1770 xvux.
1396 1742 1448 1770 16.
1467 1742 1502 1770 et
1518 1739 1610 1771 alibi.
1643 1740 1710 1772 Po-

1002 1786 1096 1818 nitur
1110 1788 1164 1818 hic
1183 1797 1243 1828 pro
1262 1788 1382 1829 quovis
1399 1789 1504 1820 olere.

1043 1839 1084 1868 23
1135 1838 1180 1868 Ut
1201 1848 1300 1878 nemo,
1321 1838 1391 1879 εμπ]
1436 1839 1648 1872 Exclamatio
1673 1845 1710 1874 et

1000 1887 1223 1928 Epanalepsis
1244 1888 1514 1929 indignationem
1542 1894 1577 1922 et
1604 1891 1710 1924 admi-

982 1929 1165 1969 ¹'rationem
1193 1938 1394 1971 indicantes⁴
1440 1940 1560 1981 Virgil.
1586 1942 1707 1983 Eclog.

998 1996 1079 2020 viu.
1102 1988 1111 2005 ‘
1129 1989 1178 2019 Ut
1195 1989 1275 2028 vidi,
1300 1993 1339 2020 ut
1353 1990 1451 2030 perii,
1476 1995 1515 2021 ut
1531 2000 1583 2022 me
1600 1992 1706 2023 malus

998 2038 1137 2070 abstulit
1153 2039 1276 2070 errorl'
1299 2040 1419 2071 Horat.
1435 2041 1508 2071 Sat.
1526 2050 1550 2071 1.
1569 2045 1598 2074 l.
1615 2042 1625 2058 ‘
1637 2043 1707 2075 Ne·

998 2089 1087 2120 mon’
1100 2092 1139 2120 ut
1155 2099 1277 2120 avarus
1293 2090 1336 2121 Se
1354 2090 1508 2131 probet?

1045 2139 1089 2170 Ut
1115 2149 1202 2171 nemo
1230 2141 1264 2171 in
1289 2150 1353 2172 sese
1379 2144 1479 2173 tentat
1505 2143 1702 2186 descendere]

998 2191 1211 2224 Quibusdam
1234 2193 1349 2233 placet
1366 2193 1612 2234 digressionem
1628 2205 1704 2227 esse

996 2243 1051 2274 hic
1084 2241 1125 2274 ad
1157 2244 1267 2275 locum
1298 2254 1511 2276 communem
1539 2246 1702 2279 adversus

997 2303 1055 2324 eos
1071 2295 1128 2335 qui
1146 2294 1257 2326 aliena
1281 2295 1431 2336 quidem,
1459 2305 1525 2326 nou
1543 2296 1625 2327 item
1642 2307 1703 2328 sua

998 2350 1113 2376 errata
1140 2345 1334 2385 pervident,
1352 2346 1395 2376 de
1421 2346 1545 2387 quibus
1575 2347 1700 2379 Horat.

996 2396 1069 2427 Sat.
1086 2404 1127 2428 11.
1144 2398 1176 2427 3.
1200 2396 1209 2413 ‘
1224 2397 1309 2428 Cum
1325 2400 1384 2427 tua
1399 2396 1577 2436 pervideas
1594 2398 1700 2429 oculis

995 2446 1086 2476 mala
1111 2446 1225 2486 lippus
1240 2446 1402 2485 inunctis,
1430 2447 1498 2476 Cur
1521 2447 1556 2476 in
1576 2446 1700 2478 amico-

994 2505 1067 2525 rum
1084 2496 1174 2526 vitiis
1192 2500 1258 2526 tam
1285 2497 1394 2527 cernis
1409 2501 1560 2534 acutum,
1588 2498 1699 2530 Quam

993 2548 1053 2575 aut
1069 2544 1195 2585 aquila,
1221 2550 1280 2576 aut
1299 2555 1438 2587 serpens
1458 2546 1659 2587 Epidaurius
1674 2548 1697 2579 Ρ

992 2596 1056 2625 διε.
1101 2593 1150 2625 At
1167 2595 1223 2626 alii
1240 2597 1412 2627 Neronem
1430 2597 1547 2628 volunt
1563 2598 1618 2630 hic
1633 2599 1698 2631 eti·

992 2654 1045 2676 am
1062 2645 1146 2686 peti,
1162 2645 1218 2686 qui
1233 2646 1316 2678 alios
1333 2651 1452 2678 notare
1464 2648 1561 2688 velit,
1577 2658 1613 2680 se
1629 2658 1697 2681 non

991 2696 1160 2738 corrigat5
1185 2696 1241 2739 qui
1267 2703 1325 2729 aut
1349 2708 1384 2729 se
1412 2708 1478 2730 non
1503 2700 1608 2743 norit,
1635 2705 1696 2735 aut
