1888 3032
243 94 330 137 124

751 105 796 135 A.
832 103 993 135 PERSM
1030 103 1202 136 FhAcct

243 200 335 242 Hic
356 203 477 241 satur
496 199 655 249 irriguo
675 199 841 240 mavult
860 203 1104 251 turgescere
1125 213 1297 243 somno:

244 267 336 308 Hic
359 268 530 321 Campo
552 266 762 317 indulget:
794 267 909 308 1111110
931 269 1028 310 alea.
1049 268 1271 321 decoquit:
1302 268 1374 310 ille

242 334 296 375 Iu
317 334 528 375 Venerem
550 337 615 374 cst
634 335 776 387 putris
794 349 802 376 ε
834 335 912 375 sed
933 349 1032 376 cum
1054 336 1260 389 lapidosa
1283 336 1478 389 chiragra

243 401 436 453 Fregerit
459 402 680 452 articulos,
699 403 857 443 veleris
878 403 1064 444 ramalia
1084 404 1200 455 fagi3

241 538 327 565 tatus
342 537 425 565 amat
439 534 585 573 saginari
599 545 702 567 somno
720 537 889 577 irrzgante:
912 538 964 570 ille
978 540 1094 579 Campo
1111 539 1240 570 Martio
1256 541 1446 571 delectatur:
1467 540 1562 570 istum
1576 539 1710 571 absumit

239 579 350 609 ludus:
373 577 423 608 11ἰο
439 579 471 608 in
491 579 635 611 Venerem
650 583 695 611 est
709 582 835 613 solutus.
880 583 925 612 At
942 584 1062 622 quando
1086 582 1233 622 chiragra
1255 584 1403 614 culmelosa
1427 583 1551 614 solz-erit
1574 581 1711 614 membra

855 679 990 691 eeeeeee

995 680 1091 692 aeaeaeaeae

241 747 283 775 58
305 748 364 787 est,
379 745 411 777 in
429 747 497 777 Ms.
516 745 559 778 R.
577 746 690 787 deest3
717 752 753 779 et
777 747 805 779 is
836 759 855 779 a
885 758 984 780 manu
1012 749 1173 781 secunda.
1218 750 1258 780 In
1291 749 1367 781 I'en.
1385 750 1504 790 putris,
1528 753 1558 780 et
1584 758 1652 780 cum
1669 748 1709 780 C.

907 835 1055 867 NOTAE

239 901 339 928 rente
357 907 455 938 rugas
473 897 655 931 contrahit.
680 899 769 931 Plin.
790 908 855 930 xu.
874 901 906 931 7.

284 948 550 987 Pallentisgrana
561 950 692 990 cumini]
717 950 949 991 Synecdoche.

242 999 380 1039 Species
410 1009 471 1039 pro
500 1010 636 1040 genere.
691 1001 735 1032 Id
764 1005 828 1041 est,
857 1001 951 1033 varia

241 1054 395 1081 aromata
411 1051 444 1080 in
461 1050 555 1082 Indis
570 1053 758 1084 nascentia.

283 1100 453 1141 Palleutis]
498 1102 636 1143 Quippe
653 1102 862 1134 sumentibus
878 1104 952 1143 pal-

239 1150 346 1180 lorem
371 1151 564 1192 ingenerat,
590 1156 627 1183 ut
645 1152 750 1184 habet
773 1152 865 1184 Plin.
884 1161 949 1184 xx.

242 1203 294 1232 14.
315 1201 490 1233 ‘Horatius
508 1203 619 1244 Epist.
638 1212 662 1235 1.
689 1206 739 1234 19.
765 1203 814 1235 113
829 1205 952 1235 stultos

241 1251 432 1283 imitatores
457 1253 610 1285 deridet:
635 1255 643 1270 ‘
659 1253 761 1287 Quod
788 1254 815 1285 si
838 1255 950 1286 Palle-

240 1311 311 1332 rem
340 1311 434 1342 casu,
456 1303 618 1335 biberent
645 1313 817 1345 exsangue
846 1304 949 1336 cumi-

241 1355 347 1383 num.’

284 1406 326 1434 56
350 1405 416 1435 Hic
428 1407 528 1444 satur,
540 1405 607 1445 ⁸5⁶²]
640 1406 704 1437 Ille
720 1406 827 1437 inhiat
841 1406 950 1446 lucro,

240 1453 294 1485 1110
309 1454 377 1485 0110
395 1460 429 1486 01
446 1455 679 1495 voluptatibus
694 1456 862 1497 indulget.

285 1504 415 1544 Irriguo
431 1506 548 1536 mavult
562 1508 738 1546 turgescere
752 1507 871 1548 somno]
885 1509 952 1540 Re-

242 1555 346 1586 soluti
369 1560 405 1587 et
429 1556 573 1597 dispersi
598 1567 617 1587 a
634 1557 776 1588 cerebro
791 1558 949 1589 humores

242 1606 359 1643 crassi,
374 1610 452 1646 post
469 1608 644 1647 crapulam
660 1608 827 1648 inprimis,
853 1609 952 1639 obtu-

243 1660 321 1686 rant
338 1660 482 1695 meatus,
498 1657 649 1688 obruunt
665 1667 795 1697 sensus,
814 1664 847 1689 et
865 1668 951 1689 som-

240 1715 323 1737 num
339 1705 484 1746 faciunt,
508 1717 575 1747 quo
602 1707 799 1748 pinguescit
815 1716 950 1749 corpus.

243 1756 367 1797 Virgil.
396 1757 529 1789 AEneid.
560 1767 618 1790 111.
657 1759 666 1776 ⁴
692 1759 812 1790 Fessos
848 1769 950 1801 sopor

244 1806 365 1847 irrigat
382 1807 497 1839 artus.’

287 1861 329 1889 57
354 1859 420 1889 Hic
437 1860 553 1899 Campo
569 1860 727 1901 indulget]
755 1860 823 1892 Hic
839 1871 874 1892 se
891 1861 951 1892 dat

245 1911 435 1951 ambitioni,
466 1916 501 1943 et
533 1912 727 1953 quaerendis
756 1913 953 1954 honoribus,

245 1962 301 2004 qui
318 1961 520 1993 obtinentur
534 1968 569 1993 et
583 1962 706 1995 dantur
717 1973 779 2004 per
793 1963 953 2005 suffragia

244 2013 363 2053 populi
379 2013 413 2043 in
431 2014 561 2053 Campo
584 2014 710 2045 Martio
732 2015 950 2055 congregati:

245 2064 314 2103 vel,
342 2065 470 2105 gaudet
497 2065 670 2096 exercitiis
696 2065 765 2096 illic
794 2065 952 2096 assuetis.

245 2114 410 2146 Horatius
441 2115 483 2146 ad
514 2115 681 2146 Pisones:
708 2115 867 2146 ‘Ludere
897 2116 954 2156 qui

246 2165 367 2206 nescit,
391 2166 637 2207 campestribus
663 2165 812 2197 abstinet
829 2165 952 2197 31111153

246 2216 418 2248 Nimirum
456 2222 536 2258 post
574 2218 705 2258 ejectos
743 2218 954 2259 Tarquinios,

247 2276 386 2308 campus
402 2268 458 2299 hic
475 2268 531 2310 qui
546 2268 677 2299 illorum
700 2267 827 2308 fuerat,
849 2268 956 2300 Marti

247 2323 466 2350 consecratus
493 2324 556 2351 est.
602 2320 643 2350 In
671 2328 711 2350 eo
737 2319 891 2350 Romana
916 2328 953 2350 se

243 2368 404 2410 juventus
420 2369 627 2407 exercebat3
651 2369 699 2400 ibi
721 2369 827 2400 etiam
851 2369 953 2400 habe-

249 2419 374 2451 bantur
400 2419 538 2449 comitia
562 2419 720 2450 creandis
741 2420 954 2459 Magistrati-

248 2469 323 2502 bus.
336 2469 408 2501 Tit.
423 2469 498 2501 Liv.
517 2477 558 2501 11.
569 2473 602 2500 5.
615 2468 717 2500 Alex.
730 2469 771 2499 ab
785 2469 953 2501 Alexand.

247 2523 373 2553 111.23.

293 2572 374 2603 Alea
409 2570 566 2612 decoquit]
629 2570 715 2601 Rem
753 2567 955 2601 familiarem

251 2622 382 2662 exedit,
410 2621 593 2661 facultates
627 2620 790 2660 absumit,
819 2621 956 2662 inopem

250 2672 377 2706 reddit.
423 2671 622 2706 Herodotus
646 2670 703 2717 (ut
721 2672 838 2705 notavi
853 2672 955 2704 Satir.

1005 909 1060 931 111.
1079 898 1213 939 1548.)
1240 899 1414 931 inventam
1432 898 1481 930 ait
1502 899 1623 937 aleam,
1648 907 1712 939 per

1006 960 1147 982 annonae
1180 949 1431 991 difficultatem,
1461 960 1481 981 a
1517 950 1633 990 Lydis,
1669 949 1712 980 ad

1006 1001 1254 1032 discutiendam
1270 1001 1407 1033 samem.
1454 1002 1564 1032 Porro
1589 1000 1713 1032 decoc—

1005 1058 1096 1084 tores
1118 1053 1337 1093 dicebantur,
1364 1054 1422 1095 qui
1447 1062 1523 1084 cum
1550 1051 1713 1083 solvendo

1006 1113 1073 1134 non
1089 1109 1216 1144 essent,
1232 1114 1402 1135 versuram
1419 1103 1606 1135 faciebant.
1644 1102 1716 1134 Ho-

1007 1159 1073 1185 rat.
1098 1155 1210 1196 Epist.
1240 1164 1265 1187 1.
1297 1158 1348 1186 18.
1384 1155 1393 1171 ‘
1413 1155 1523 1188 Quem
1552 1154 1714 1185 damnosa

1005 1206 1134 1245 Venus,
1150 1216 1251 1247 quem
1267 1216 1422 1247 praeceps
1439 1206 1511 1236 alea
1524 1203 1651 1236 nudat.’

1048 1259 1090 1287 58
1114 1256 1172 1287 Ille
1187 1257 1220 1287 in
1242 1256 1388 1288 Venerem
1412 1259 1457 1286 est
1481 1255 1600 1296 putris]
1621 1253 1714 1286 Libi-

1003 1306 1082 1338 dine
1097 1311 1132 1338 et
1154 1306 1258 1338 nimio
1276 1306 1411 1338 infamis
1437 1307 1623 1347 voluptatis
1651 1315 1714 1337 usu

1003 1357 1051 1388 sic
1081 1361 1276 1396 enervatur,
1302 1363 1339 1387 ut
1360 1357 1464 1387 etiam
1481 1356 1619 1396 putidos
1636 1365 1715 1387 con·-

1003 1407 1119 1438 trahat
1144 1407 1288 1439 morbos.
1315 1407 1561 1447 Hippocrates,
1584 1406 1716 1447 Celsus,

1004 1459 1072 1489 alii.
1127 1459 1207 1491 Huc
1223 1458 1309 1490 facit
1324 1459 1413 1500 quod
1432 1459 1662 1499 Casanbmrus,
1678 1462 1716 1491 et

1003 1510 1061 1541 alii
1077 1510 1212 1551 quidam
1228 1511 1358 1551 legunt,
1374 1511 1406 1541 in
1436 1511 1581 1541 Venerem
1594 1513 1715 1550 putret,

1003 1560 1037 1590 id
1069 1564 1133 1599 est,
1161 1560 1340 1600 putrescit.
1386 1560 1452 1590 Vel
1487 1560 1630 1600 simplex
1661 1564 1715 1590 est

1005 1610 1153 1642 imitatio
1184 1611 1309 1643 Horat.
1329 1611 1396 1643 Od.
1424 1620 1449 1641 1.
1478 1614 1530 1642 36.
1561 1611 1714 1642 ‘Omnes

1005 1661 1040 1691 in
1052 1661 1225 1691 Damalin]
1242 1666 1360 1702 putres
1373 1662 1559 1701 Deponent
1572 1661 1712 1693 oculos.'

1049 1711 1205 1751 Lapidosa
1217 1712 1379 1752 chiragra]
1390 1712 1425 1742 ‘H
1437 1712 1518 1752 ἄγρα
1531 1713 1587 1749 τῆς
1599 1710 1714 1753 χειρὸς,

1006 1763 1102 1804 quasi
1125 1772 1240 1794 manus
1264 1763 1434 1795 vinculum
1459 1773 1516 1794 seu
1533 1763 1686 1804 captatio
1704 1773 1724 1795 ε.

1005 1814 1143 1844 morbus
1160 1814 1364 1853 articularis,
1392 1824 1458 1855 quo
1473 1818 1633 1845 tenentur
1648 1822 1716 1845 ma-

1006 1874 1066 1895 nus
1081 1869 1195 1905 captae
1214 1865 1319 1895 veluti
1332 1875 1371 1896 ac
1390 1865 1547 1896 irretitae.

1050 1918 1092 1946 59
1115 1915 1264 1954 Fregerit
1293 1916 1455 1956 articulos]
1493 1915 1533 1946 In
1559 1914 1714 1947 articulis

1007 1966 1193 2007 digitorum
1224 1967 1359 2006 calculi,
1387 1965 1507 2006 lapilli,
1522 1965 1599 1996 nodi
1614 1974 1716 2005 gene-

1008 2021 1124 2048 rantur
1151 2027 1170 2048 e
1192 2017 1315 2048 crassis
1339 2016 1533 2047 humoribus
1551 2015 1718 2057 concreti,

1008 2068 1130 2109 quibus
1167 2067 1362 2099 cruciantur
1395 2067 1577 2107 arthritici,
1613 2067 1717 2108 digiti

1009 2118 1213 2159 quandoque
1230 2118 1491 2159 distorquentur
1514 2128 1716 2160 manusque,

1009 2174 1045 2200 et
1061 2169 1154 2210 quasi
1169 2168 1382 2210 franguntur.
1420 2169 1584 2201 Horatius
1599 2174 1715 2200 autem

1009 2221 1031 2252 l.
1059 2230 1099 2252 11.
1114 2221 1184 2252 Sat.
1198 2223 1227 2252 7.
1252 2222 1260 2237 ‘
1273 2221 1462 2262 Postquam
1478 2221 1526 2251 illi
1538 2221 1634 2261 justa
1644 2220 1714 2252 chi-

1009 2281 1109 2312 ragra
1123 2271 1289 2303 Contudit
1303 2271 1489 2303 articulos!
1536 2271 1579 2302 Et
1603 2270 1716 2311 Epist.

1010 2331 1034 2352 1.
1069 2321 1160 2352 idem
1178 2321 1344 2352 Horatius
1370 2325 1469 2352 vocat
1491 2322 1634 2352 nodosam
1649 2320 1714 2350 chi-

1006 2383 1146 2412 ragram.

1057 2423 1178 2454 Veteris
1191 2423 1323 2454 ramalia
1326 2421 1418 2461 fagi]
1456 2422 1540 2453 Cum
1555 2425 1714 2452 senectus

1009 2476 1046 2503 et
1072 2473 1243 2504 luxuriosa
1269 2472 1341 2503 vita
1365 2472 1577 2503 debilitarint
1608 2472 1715 2503 homi-

1009 2531 1098 2562 nem,
1112 2523 1168 2563 qui
1196 2527 1248 2553 est
1274 2523 1393 2554 similis
1416 2522 1530 2553 arbori
1548 2523 1714 2561 inversae3

1010 2578 1047 2603 et
1063 2582 1140 2603 cum
1168 2573 1242 2613 ejus
1268 2573 1419 2604 membra
1446 2578 1515 2603 tam
1531 2573 1663 2604 inutilia
1677 2576 1715 2606 et

1009 2622 1106 2654 arida
1116 2621 1275 2661 fecerint,
1295 2632 1396 2664 quam
1421 2627 1500 2654 sunt
1516 2623 1600 2656 rami
1616 2622 1714 2657 arbo-

1012 2672 1056 2705 ris
1071 2682 1205 2706 annosae
1222 2678 1258 2706 et
1275 2672 1482 2708 emorientis.
