<?xml version="1.0" encoding="UTF-8"?>
<!DOCTYPE html PUBLIC "-//W3C//DTD XHTML 1.0 Transitional//EN"
    "http://www.w3.org/TR/xhtml1/DTD/xhtml1-transitional.dtd">
<html xmlns="http://www.w3.org/1999/xhtml" xml:lang="en" lang="en">
 <head>
  <title>
</title>
<meta http-equiv="Content-Type" content="text/html;charset=utf-8" />
  <meta name='ocr-system' content='tesseract 3.04.00' />
  <meta name='ocr-capabilities' content='ocr_page ocr_carea ocr_par ocr_line ocrx_word'/>
</head>
<body>
  <div class='ocr_page' id='page_1' title='image "./operaomnia00persuoft_0091.png"; bbox 0 0 1888 3032; ppageno 0'>
   <div class='ocr_carea' id='block_1_1' title="bbox 701 116 1581 157">
    <p class='ocr_par' dir='ltr' id='par_1_1' title="bbox 701 116 1581 157">
     <span class='ocr_line' id='line_1_1' title="bbox 701 116 1581 157; baseline 0.001 -1"><span class='ocrx_word' id='word_1_1' title='bbox 701 125 883 156; x_wconf 65' lang='lat' dir='ltr'>sA‘rlnA</span> <span class='ocrx_word' id='word_1_2' title='bbox 922 127 995 156; x_wconf 90' lang='lat'><strong>111.</strong></span> <span class='ocrx_word' id='word_1_3' title='bbox 1524 116 1581 157; x_wconf 81' lang='lat'>79</span> 
     </span>
    </p>
   </div>
   <div class='ocr_carea' id='block_1_2' title="bbox 117 222 1262 276">
    <p class='ocr_par' dir='ltr' id='par_1_2' title="bbox 117 222 1262 276">
     <span class='ocr_line' id='line_1_2' title="bbox 117 222 1262 276; baseline -0.003 -10"><span class='ocrx_word' id='word_1_4' title='bbox 117 224 240 266; x_wconf 87' lang='lat' dir='ltr'>Scire</span> <span class='ocrx_word' id='word_1_5' title='bbox 260 228 352 266; x_wconf 84' lang='lat' dir='ltr'>erat</span> <span class='ocrx_word' id='word_1_6' title='bbox 372 224 416 265; x_wconf 88' lang='lat' dir='ltr'>in</span> <span class='ocrx_word' id='word_1_7' title='bbox 435 228 562 276; x_wconf 84' lang='lat' dir='ltr'>vot03</span> <span class='ocrx_word' id='word_1_8' title='bbox 594 223 807 264; x_wconf 85' lang='lat' dir='ltr'>damnosa</span> <span class='ocrx_word' id='word_1_9' title='bbox 827 222 1028 263; x_wconf 79' lang='lat' dir='ltr'>canicula</span> <span class='ocrx_word' id='word_1_10' title='bbox 1049 225 1262 276; x_wconf 85' lang='lat' dir='ltr'>quantum</span> 
     </span>
    </p>
   </div>
   <div class='ocr_carea' id='block_1_3' title="bbox 116 360 1578 404">
    <p class='ocr_par' dir='ltr' id='par_1_3' title="bbox 116 360 1578 404">
     <span class='ocr_line' id='line_1_3' title="bbox 116 360 1578 404; baseline 0 -10"><span class='ocrx_word' id='word_1_11' title='bbox 116 363 279 404; x_wconf 80' lang='lat' dir='ltr'>desiderio,</span> <span class='ocrx_word' id='word_1_12' title='bbox 291 363 409 402; x_wconf 83' lang='lat' dir='ltr'>callere,</span> <span class='ocrx_word' id='word_1_13' title='bbox 421 363 496 404; x_wconf 79' lang='lat' dir='ltr'>quid</span> <span class='ocrx_word' id='word_1_14' title='bbox 503 362 632 404; x_wconf 78' lang='lat' dir='ltr'>afferret</span> <span class='ocrx_word' id='word_1_15' title='bbox 639 361 727 400; x_wconf 79' lang='lat' dir='ltr'>felix</span> <span class='ocrx_word' id='word_1_16' title='bbox 738 361 853 397; x_wconf 82' lang='lat' dir='ltr'>Senio,·</span> <span class='ocrx_word' id='word_1_17' title='bbox 868 364 1017 401; x_wconf 76' lang='lat' dir='ltr'>quantum</span> <span class='ocrx_word' id='word_1_18' title='bbox 1030 362 1162 392; x_wconf 77' lang='lat' dir='ltr'>demeret</span> <span class='ocrx_word' id='word_1_19' title='bbox 1178 360 1274 392; x_wconf 80' lang='lat' dir='ltr'>Canis</span> <span class='ocrx_word' id='word_1_20' title='bbox 1278 360 1437 400; x_wconf 66' lang='lat' dir='ltr'>,iacturam</span> <span class='ocrx_word' id='word_1_21' title='bbox 1451 371 1578 395; x_wconf 79' lang='lat' dir='ltr'>creans:</span> 
     </span>
    </p>
   </div>
   <div class='ocr_carea' id='block_1_4' title="bbox 732 455 966 467">
    <p class='ocr_par' dir='ltr' id='par_1_4' title="bbox 732 455 966 467">
     <span class='ocr_line' id='line_1_4' title="bbox 732 455 966 467; baseline -0.004 0"><span class='ocrx_word' id='word_1_22' title='bbox 732 456 805 467; x_wconf 59' lang='lat' dir='ltr'>ete«</span> <span class='ocrx_word' id='word_1_23' title='bbox 811 455 966 466; x_wconf 58' lang='grc' dir='ltr'>’σθαι-ὀφ</span> 
     </span>
    </p>
   </div>
   <div class='ocr_carea' id='block_1_5' title="bbox 114 527 1578 570">
    <p class='ocr_par' dir='ltr' id='par_1_5' title="bbox 114 527 1578 570">
     <span class='ocr_line' id='line_1_5' title="bbox 114 527 1578 570; baseline -0.001 -10"><span class='ocrx_word' id='word_1_24' title='bbox 114 531 200 560; x_wconf 82' lang='lat'>—49</span> <span class='ocrx_word' id='word_1_25' title='bbox 224 529 335 560; x_wconf 87' lang='lat' dir='ltr'>Nimis</span> <span class='ocrx_word' id='word_1_26' title='bbox 351 529 552 570; x_wconf 86' lang='lat' dir='ltr'>perspicuus</span> <span class='ocrx_word' id='word_1_27' title='bbox 568 532 620 559; x_wconf 88' lang='lat' dir='ltr'>est</span> <span class='ocrx_word' id='word_1_28' title='bbox 643 537 757 558; x_wconf 89' lang='lat' dir='ltr'>eorum</span> <span class='ocrx_word' id='word_1_29' title='bbox 785 537 891 566; x_wconf 86' lang='lat' dir='ltr'>error,</span> <span class='ocrx_word' id='word_1_30' title='bbox 922 527 977 568; x_wconf 82' lang='lat' dir='ltr'>qui</span> <span class='ocrx_word' id='word_1_31' title='bbox 1009 532 1086 568; x_wconf 85' lang='lat' dir='ltr'>post</span> <span class='ocrx_word' id='word_1_32' title='bbox 1117 529 1255 559; x_wconf 75' lang='lat' dir='ltr'>canicula</span> <span class='ocrx_word' id='word_1_33' title='bbox 1281 532 1427 569; x_wconf 77' lang='lat' dir='ltr'>quantum</span> <span class='ocrx_word' id='word_1_34' title='bbox 1453 528 1578 559; x_wconf 82' lang='grc' dir='ltr'>τελείαν</span> 
     </span>
    </p>
   </div>
   <div class='ocr_carea' id='block_1_6' title="bbox 116 572 751 614">
    <p class='ocr_par' dir='ltr' id='par_1_6' title="bbox 116 572 751 614">
     <span class='ocr_line' id='line_1_6' title="bbox 116 572 751 614; baseline -0.003 -11"><span class='ocrx_word' id='word_1_35' title='bbox 116 572 251 611; x_wconf 71' lang='grc' dir='ltr'>στιγμὴν</span> <span class='ocrx_word' id='word_1_36' title='bbox 293 572 486 614; x_wconf 84' lang='lat' dir='ltr'>ponendum</span> <span class='ocrx_word' id='word_1_37' title='bbox 532 576 751 613; x_wconf 84' lang='lat' dir='ltr'>censuerunt,</span> 
     </span>
    </p>
   </div>
   <div class='ocr_carea' id='block_1_7' title="bbox 795 571 1576 613">
    <p class='ocr_par' dir='ltr' id='par_1_7' title="bbox 795 571 1576 613">
     <span class='ocr_line' id='line_1_7' title="bbox 795 571 1576 613; baseline 0.003 -12"><span class='ocrx_word' id='word_1_38' title='bbox 795 575 831 601; x_wconf 91' lang='lat' dir='ltr'>et</span> <span class='ocrx_word' id='word_1_39' title='bbox 868 571 1009 601; x_wconf 85' lang='lat' dir='ltr'>verbum</span> <span class='ocrx_word' id='word_1_40' title='bbox 1055 572 1178 601; x_wconf 78' lang='lat' dir='ltr'>raderet</span> <span class='ocrx_word' id='word_1_41' title='bbox 1229 581 1305 602; x_wconf 86' lang='lat' dir='ltr'>cum</span> <span class='ocrx_word' id='word_1_42' title='bbox 1355 572 1576 613; x_wconf 82' lang='lat' dir='ltr'>sequentibus</span> 
     </span>
    </p>
   </div>
   <div class='ocr_carea' id='block_1_8' title="bbox 774 673 915 706">
    <p class='ocr_par' dir='ltr' id='par_1_8' title="bbox 774 673 915 706">
     <span class='ocr_line' id='line_1_8' title="bbox 774 673 915 706; baseline 0 -1"><span class='ocrx_word' id='word_1_43' title='bbox 774 673 915 706; x_wconf 83' lang='lat' dir='ltr'>NOTAE</span> 
     </span>
    </p>
   </div>
   <div class='ocr_carea' id='block_1_9' title="bbox 107 766 821 2726">
    <p class='ocr_par' dir='ltr' id='par_1_9' title="bbox 107 766 821 2726">
     <span class='ocr_line' id='line_1_9' title="bbox 114 766 817 808; baseline -0.001 -10"><span class='ocrx_word' id='word_1_44' title='bbox 114 768 241 799; x_wconf 85' lang='lat' dir='ltr'>misene</span> <span class='ocrx_word' id='word_1_45' title='bbox 266 771 486 808; x_wconf 83' lang='lat' dir='ltr'><strong>usurpantur.</strong></span> <span class='ocrx_word' id='word_1_46' title='bbox 531 768 660 798; x_wconf 84' lang='lat' dir='ltr'>Verum</span> <span class='ocrx_word' id='word_1_47' title='bbox 681 766 817 798; x_wconf 85' lang='lat' dir='ltr'>oscitari</span> 
     </span>
     <span class='ocr_line' id='line_1_10' title="bbox 114 817 818 859; baseline -0.003 -10"><span class='ocrx_word' id='word_1_48' title='bbox 114 817 212 849; x_wconf 86' lang='lat' dir='ltr'>nefas</span> <span class='ocrx_word' id='word_1_49' title='bbox 240 824 315 849; x_wconf 86' lang='lat' dir='ltr'>erat</span> <span class='ocrx_word' id='word_1_50' title='bbox 346 818 547 859; x_wconf 84' lang='lat' dir='ltr'>Interpreti‚</span> <span class='ocrx_word' id='word_1_51' title='bbox 577 817 710 859; x_wconf 89' lang='lat' dir='ltr'>quando</span> <span class='ocrx_word' id='word_1_52' title='bbox 749 823 818 848; x_wconf 82' lang='lat' dir='ltr'>tam</span> 
     </span>
     <span class='ocr_line' id='line_1_11' title="bbox 113 867 819 908; baseline 0.001 -10"><span class='ocrx_word' id='word_1_53' title='bbox 113 869 304 899; x_wconf 82' lang='lat' dir='ltr'>luculenter</span> <span class='ocrx_word' id='word_1_54' title='bbox 330 868 505 908; x_wconf 81' lang='lat' dir='ltr'>distinguit</span> <span class='ocrx_word' id='word_1_55' title='bbox 528 867 740 906; x_wconf 75' lang='lat' dir='ltr'>Herodotus,</span> <span class='ocrx_word' id='word_1_56' title='bbox 757 867 819 899; x_wconf 88' lang='lat' dir='ltr'>ait-</span> 
     </span>
     <span class='ocr_line' id='line_1_12' title="bbox 116 918 818 959; baseline -0.001 -10"><span class='ocrx_word' id='word_1_57' title='bbox 116 928 180 959; x_wconf 86' lang='lat' dir='ltr'>que</span> <span class='ocrx_word' id='word_1_58' title='bbox 195 918 308 954; x_wconf 78' lang='grc' dir='ltr'>κύβους</span> <span class='ocrx_word' id='word_1_59' title='bbox 325 929 343 949; x_wconf 87' lang='lat' dir='ltr'>a</span> <span class='ocrx_word' id='word_1_60' title='bbox 359 919 462 958; x_wconf 91' lang='lat' dir='ltr'>Lydis</span> <span class='ocrx_word' id='word_1_61' title='bbox 486 919 639 948; x_wconf 88' lang='lat' dir='ltr'>inventos</span> <span class='ocrx_word' id='word_1_62' title='bbox 653 918 818 958; x_wconf 86' lang='lat' dir='ltr'>ludosque</span> 
     </span>
     <span class='ocr_line' id='line_1_13' title="bbox 114 967 818 1009; baseline -0.001 -10"><span class='ocrx_word' id='word_1_63' title='bbox 114 978 243 1008; x_wconf 69' lang='lat' dir='ltr'>omneS,</span> <span class='ocrx_word' id='word_1_64' title='bbox 254 973 378 1009; x_wconf 83' lang='lat' dir='ltr'>praetei·</span> <span class='ocrx_word' id='word_1_65' title='bbox 393 967 538 999; x_wconf 79' lang='grc' dir='ltr'>πεσσούς.</span> <span class='ocrx_word' id='word_1_66' title='bbox 563 968 672 998; x_wconf 81' lang='lat' dir='ltr'>Porro</span> <span class='ocrx_word' id='word_1_67' title='bbox 688 977 730 998; x_wconf 91' lang='lat' dir='ltr'>ne</span> <span class='ocrx_word' id='word_1_68' title='bbox 745 968 818 1009; x_wconf 83' lang='lat' dir='ltr'>quis</span> 
     </span>
     <span class='ocr_line' id='line_1_14' title="bbox 113 1018 819 1060; baseline 0 -12"><span class='ocrx_word' id='word_1_69' title='bbox 113 1019 243 1049; x_wconf 82' lang='lat' dir='ltr'>haereat</span> <span class='ocrx_word' id='word_1_70' title='bbox 267 1019 421 1060; x_wconf 83' lang='lat' dir='ltr'>cuiquam</span> <span class='ocrx_word' id='word_1_71' title='bbox 445 1028 484 1048; x_wconf 84' lang='lat' dir='ltr'>ea</span> <span class='ocrx_word' id='word_1_72' title='bbox 509 1019 551 1049; x_wconf 87' lang='lat' dir='ltr'>de</span> <span class='ocrx_word' id='word_1_73' title='bbox 576 1027 610 1048; x_wconf 89' lang='lat' dir='ltr'>re</span> <span class='ocrx_word' id='word_1_74' title='bbox 627 1018 819 1058; x_wconf 84' lang='lat' dir='ltr'>scrupulus,</span> 
     </span>
     <span class='ocr_line' id='line_1_15' title="bbox 114 1067 818 1110; baseline -0.001 -11"><span class='ocrx_word' id='word_1_75' title='bbox 114 1069 307 1109; x_wconf 85' lang='lat' dir='ltr'>Hesychius</span> <span class='ocrx_word' id='word_1_76' title='bbox 336 1078 525 1110; x_wconf 82' lang='lat' dir='ltr'><strong>quanquam</strong></span> <span class='ocrx_word' id='word_1_77' title='bbox 549 1067 720 1099; x_wconf 86' lang='lat' dir='ltr'>interdum</span> <span class='ocrx_word' id='word_1_78' title='bbox 742 1077 818 1099; x_wconf 87' lang='lat' dir='ltr'>cnm</span> 
     </span>
     <span class='ocr_line' id='line_1_16' title="bbox 113 1117 818 1160; baseline -0.001 -12"><span class='ocrx_word' id='word_1_79' title='bbox 113 1119 215 1160; x_wconf 84' lang='lat' dir='ltr'>vulgo</span> <span class='ocrx_word' id='word_1_80' title='bbox 227 1119 369 1160; x_wconf 84' lang='lat' dir='ltr'>loquens</span> <span class='ocrx_word' id='word_1_81' title='bbox 385 1129 426 1150; x_wconf 85' lang='lat' dir='ltr'>ea</span> <span class='ocrx_word' id='word_1_82' title='bbox 449 1119 614 1149; x_wconf 86' lang='lat' dir='ltr'>vocabula</span> <span class='ocrx_word' id='word_1_83' title='bbox 629 1117 818 1158; x_wconf 85' lang='lat' dir='ltr'>confundit,</span> 
     </span>
     <span class='ocr_line' id='line_1_17' title="bbox 114 1168 818 1210; baseline -0.001 -11"><span class='ocrx_word' id='word_1_84' title='bbox 114 1174 149 1200; x_wconf 86' lang='lat' dir='ltr'>et</span> <span class='ocrx_word' id='word_1_85' title='bbox 166 1179 228 1210; x_wconf 91' lang='lat' dir='ltr'>pro</span> <span class='ocrx_word' id='word_1_86' title='bbox 244 1169 360 1210; x_wconf 84' lang='lat' dir='ltr'>quavis</span> <span class='ocrx_word' id='word_1_87' title='bbox 375 1169 446 1200; x_wconf 81' lang='lat' dir='ltr'>alea</span> <span class='ocrx_word' id='word_1_88' title='bbox 463 1169 580 1207; x_wconf 78' lang='lat' dir='ltr'>sumit3</span> <span class='ocrx_word' id='word_1_89' title='bbox 605 1173 640 1198; x_wconf 82' lang='lat' dir='ltr'>at</span> <span class='ocrx_word' id='word_1_90' title='bbox 657 1168 715 1199; x_wconf 91' lang='lat' dir='ltr'>ubi</span> <span class='ocrx_word' id='word_1_91' title='bbox 734 1177 818 1208; x_wconf 88' lang='lat' dir='ltr'>opus</span> 
     </span>
     <span class='ocr_line' id='line_1_18' title="bbox 113 1218 819 1260; baseline -0.004 -9"><span class='ocrx_word' id='word_1_92' title='bbox 113 1225 181 1260; x_wconf 85' lang='lat' dir='ltr'>est,</span> <span class='ocrx_word' id='word_1_93' title='bbox 195 1225 229 1251; x_wconf 85' lang='lat' dir='ltr'>et</span> <span class='ocrx_word' id='word_1_94' title='bbox 245 1230 296 1251; x_wconf 85' lang='lat' dir='ltr'>res</span> <span class='ocrx_word' id='word_1_95' title='bbox 315 1221 431 1260; x_wconf 80' lang='lat' dir='ltr'>exigit,</span> <span class='ocrx_word' id='word_1_96' title='bbox 449 1220 554 1250; x_wconf 87' lang='lat' dir='ltr'>iatum</span> <span class='ocrx_word' id='word_1_97' title='bbox 581 1219 671 1249; x_wconf 85' lang='lat' dir='ltr'>inter</span> <span class='ocrx_word' id='word_1_98' title='bbox 698 1228 739 1249; x_wconf 84' lang='lat' dir='ltr'>ea</span> <span class='ocrx_word' id='word_1_99' title='bbox 755 1218 819 1249; x_wconf 89' lang='lat' dir='ltr'>dis-</span> 
     </span>
     <span class='ocr_line' id='line_1_19' title="bbox 114 1266 819 1308; baseline -0.004 -7"><span class='ocrx_word' id='word_1_100' title='bbox 114 1271 240 1302; x_wconf 81' lang='lat' dir='ltr'>crimen</span> <span class='ocrx_word' id='word_1_101' title='bbox 264 1270 314 1301; x_wconf 87' lang='lat' dir='ltr'>his</span> <span class='ocrx_word' id='word_1_102' title='bbox 342 1270 455 1301; x_wconf 82' lang='lat' dir='ltr'>verbis</span> <span class='ocrx_word' id='word_1_103' title='bbox 477 1273 591 1300; x_wconf 88' lang='lat' dir='ltr'>notat:</span> <span class='ocrx_word' id='word_1_104' title='bbox 616 1267 762 1308; x_wconf 83' lang='grc' dir='ltr'>Διαφέρει</span> <span class='ocrx_word' id='word_1_105' title='bbox 785 1266 819 1298; x_wconf 84' lang='grc' dir='ltr'>δὲ</span> 
     </span>
     <span class='ocr_line' id='line_1_20' title="bbox 112 1317 820 1361; baseline -0.004 -10"><span class='ocrx_word' id='word_1_106' title='bbox 112 1319 240 1351; x_wconf 75' lang='grc' dir='ltr'>πεττεία</span> <span class='ocrx_word' id='word_1_107' title='bbox 255 1319 389 1359; x_wconf 75' lang='grc' dir='ltr'>κυβείας,</span> <span class='ocrx_word' id='word_1_108' title='bbox 404 1320 436 1351; x_wconf 84' lang='grc' dir='ltr'>ἐν</span> <span class='ocrx_word' id='word_1_109' title='bbox 447 1317 467 1361; x_wconf 77' lang='grc' dir='ltr'><strong><em>ᾖ</em></strong></span> <span class='ocrx_word' id='word_1_110' title='bbox 477 1318 534 1358; x_wconf 87' lang='grc' dir='ltr'>μὲν</span> <span class='ocrx_word' id='word_1_111' title='bbox 545 1318 607 1359; x_wconf 81' lang='grc' dir='ltr'>’γὰρ</span> <span class='ocrx_word' id='word_1_112' title='bbox 620 1318 694 1350; x_wconf 86' lang='grc' dir='ltr'>τοὺς</span> <span class='ocrx_word' id='word_1_113' title='bbox 706 1317 820 1354; x_wconf 85' lang='grc' dir='ltr'><strong><em>κύβους</em></strong></span> 
     </span>
     <span class='ocr_line' id='line_1_21' title="bbox 110 1368 819 1411; baseline -0.003 -10"><span class='ocrx_word' id='word_1_114' title='bbox 110 1370 340 1410; x_wconf 66' lang='grc' dir='ltr'>ἇναῤῥίπτουσι,</span> <span class='ocrx_word' id='word_1_115' title='bbox 357 1371 389 1400; x_wconf 85' lang='grc' dir='ltr'>ἐν</span> <span class='ocrx_word' id='word_1_116' title='bbox 405 1369 438 1401; x_wconf 78' lang='grc' dir='ltr'>δὲ</span> <span class='ocrx_word' id='word_1_117' title='bbox 461 1371 502 1411; x_wconf 80' lang='grc' dir='ltr'>τῇ</span> <span class='ocrx_word' id='word_1_118' title='bbox 526 1368 655 1410; x_wconf 79' lang='grc' dir='ltr'>πεττείᾳ</span> <span class='ocrx_word' id='word_1_119' title='bbox 678 1368 753 1399; x_wconf 81' lang='grc' dir='ltr'>αὐτὸ</span> <span class='ocrx_word' id='word_1_120' title='bbox 765 1368 819 1407; x_wconf 87' lang='grc' dir='ltr'>μό-</span> 
     </span>
     <span class='ocr_line' id='line_1_22' title="bbox 113 1419 817 1461; baseline -0.004 -9"><span class='ocrx_word' id='word_1_121' title='bbox 113 1432 165 1452; x_wconf 88' lang='grc' dir='ltr'>νον</span> <span class='ocrx_word' id='word_1_122' title='bbox 179 1421 236 1452; x_wconf 80' lang='grc' dir='ltr'>τὰς</span> <span class='ocrx_word' id='word_1_123' title='bbox 249 1420 368 1461; x_wconf 78' lang='grc' dir='ltr'><strong><em>ψήφους</em></strong></span> <span class='ocrx_word' id='word_1_124' title='bbox 386 1420 594 1458; x_wconf 81' lang='grc' dir='ltr'>μετακινοῦσι.</span> <span class='ocrx_word' id='word_1_125' title='bbox 639 1420 724 1452; x_wconf 81' lang='lat' dir='ltr'>Quis</span> <span class='ocrx_word' id='word_1_126' title='bbox 745 1419 817 1459; x_wconf 79' lang='lat' dir='ltr'>jani</span> 
     </span>
     <span class='ocr_line' id='line_1_23' title="bbox 113 1469 819 1508; baseline -0.006 -5"><span class='ocrx_word' id='word_1_127' title='bbox 113 1472 223 1503; x_wconf 75' lang='lat' dir='ltr'>nescit</span> <span class='ocrx_word' id='word_1_128' title='bbox 253 1473 331 1502; x_wconf 78' lang='lat' dir='ltr'>talos</span> <span class='ocrx_word' id='word_1_129' title='bbox 344 1482 380 1502; x_wconf 79' lang='lat' dir='ltr'>ac</span> <span class='ocrx_word' id='word_1_130' title='bbox 395 1474 525 1501; x_wconf 80' lang='lat' dir='ltr'><strong><em>tesseras</em></strong></span> <span class='ocrx_word' id='word_1_131' title='bbox 536 1469 667 1508; x_wconf 75' lang='lat' dir='ltr'>jactari,</span> <span class='ocrx_word' id='word_1_132' title='bbox 691 1470 819 1500; x_wconf 74' lang='lat' dir='ltr'>calculos</span> 
     </span>
     <span class='ocr_line' id='line_1_24' title="bbox 107 1518 817 1563; baseline -0.006 -10"><span class='ocrx_word' id='word_1_133' title='bbox 107 1522 280 1563; x_wconf 65' lang='lat' dir='ltr'>promoveri</span> <span class='ocrx_word' id='word_1_134' title='bbox 306 1521 492 1552; x_wconf 88' lang='lat' dir='ltr'><strong>duntaxat?</strong></span> <span class='ocrx_word' id='word_1_135' title='bbox 534 1520 634 1551; x_wconf 88' lang='lat' dir='ltr'>Adde</span> <span class='ocrx_word' id='word_1_136' title='bbox 660 1518 817 1550; x_wconf 85' lang='lat' dir='ltr'>Eustath.</span> 
     </span>
     <span class='ocr_line' id='line_1_25' title="bbox 113 1569 819 1613; baseline -0.006 -9"><span class='ocrx_word' id='word_1_137' title='bbox 113 1574 146 1604; x_wconf 90' lang='lat' dir='ltr'>in</span> <span class='ocrx_word' id='word_1_138' title='bbox 172 1573 298 1613; x_wconf 84' lang='lat' dir='ltr'>Odyss.</span> <span class='ocrx_word' id='word_1_139' title='bbox 325 1581 349 1603; x_wconf 89' lang='lat'>1.</span> <span class='ocrx_word' id='word_1_140' title='bbox 373 1573 423 1603; x_wconf 89' lang='lat' dir='ltr'>ita</span> <span class='ocrx_word' id='word_1_141' title='bbox 447 1571 677 1609; x_wconf 88' lang='lat' dir='ltr'>scribentem;</span> <span class='ocrx_word' id='word_1_142' title='bbox 709 1569 819 1601; x_wconf 83' lang='grc' dir='ltr'>Πεσσὰ</span> 
     </span>
     <span class='ocr_line' id='line_1_26' title="bbox 113 1618 820 1662; baseline -0.006 -8"><span class='ocrx_word' id='word_1_143' title='bbox 113 1622 207 1654; x_wconf 84' lang='grc' dir='ltr'>πέντε</span> <span class='ocrx_word' id='word_1_144' title='bbox 228 1622 308 1660; x_wconf 75' lang='grc' dir='ltr'>ἦσαν</span> <span class='ocrx_word' id='word_1_145' title='bbox 332 1621 377 1654; x_wconf 73' lang='grc' dir='ltr'>οἷς</span> <span class='ocrx_word' id='word_1_146' title='bbox 403 1622 551 1662; x_wconf 80' lang='grc' dir='ltr'>ἐχρῶντο,</span> <span class='ocrx_word' id='word_1_147' title='bbox 573 1620 624 1652; x_wconf 72' lang='grc' dir='ltr'>καὶ</span> <span class='ocrx_word' id='word_1_148' title='bbox 652 1620 700 1651; x_wconf 72' lang='grc' dir='ltr'>ἐπὶ</span> <span class='ocrx_word' id='word_1_149' title='bbox 725 1618 820 1651; x_wconf 82' lang='grc' dir='ltr'>πέντε</span> 
     </span>
     <span class='ocr_line' id='line_1_27' title="bbox 111 1670 820 1715; baseline -0.003 -11"><span class='ocrx_word' id='word_1_150' title='bbox 111 1676 267 1715; x_wconf 72' lang='grc' dir='ltr'>γραμμαῖς</span> <span class='ocrx_word' id='word_1_151' title='bbox 288 1674 345 1704; x_wconf 73' lang='grc' dir='ltr'>τὰς</span> <span class='ocrx_word' id='word_1_152' title='bbox 373 1672 492 1712; x_wconf 79' lang='grc' dir='ltr'><strong><em>ψήφους</em></strong></span> <span class='ocrx_word' id='word_1_153' title='bbox 519 1671 650 1711; x_wconf 80' lang='grc' dir='ltr'>ἐτίθουν,</span> <span class='ocrx_word' id='word_1_154' title='bbox 675 1670 717 1702; x_wconf 70' lang='grc' dir='ltr'>ὧν</span> <span class='ocrx_word' id='word_1_155' title='bbox 738 1670 820 1710; x_wconf 85' lang='grc' dir='ltr'>μέση</span> 
     </span>
     <span class='ocr_line' id='line_1_28' title="bbox 112 1721 821 1765; baseline -0.004 -9"><span class='ocrx_word' id='word_1_156' title='bbox 112 1724 178 1765; x_wconf 82' lang='grc' dir='ltr'>ἱερὰ</span> <span class='ocrx_word' id='word_1_157' title='bbox 202 1725 357 1762; x_wconf 80' lang='grc' dir='ltr'>ἐκαλεῖτο,</span> <span class='ocrx_word' id='word_1_158' title='bbox 383 1723 433 1754; x_wconf 77' lang='grc' dir='ltr'>καὶ</span> <span class='ocrx_word' id='word_1_159' title='bbox 455 1723 505 1754; x_wconf 83' lang='grc' dir='ltr'>διὰ</span> <span class='ocrx_word' id='word_1_160' title='bbox 524 1722 581 1754; x_wconf 84' lang='grc' dir='ltr'>τὰς</span> <span class='ocrx_word' id='word_1_161' title='bbox 595 1721 690 1753; x_wconf 84' lang='grc' dir='ltr'>πέντε</span> <span class='ocrx_word' id='word_1_162' title='bbox 702 1721 821 1753; x_wconf 79' lang='grc' dir='ltr'>ταύτας</span> 
     </span>
     <span class='ocr_line' id='line_1_29' title="bbox 112 1774 820 1812; baseline -0.003 -5"><span class='ocrx_word' id='word_1_163' title='bbox 112 1775 163 1807; x_wconf 75' lang='grc' dir='ltr'>καὶ</span> <span class='ocrx_word' id='word_1_164' title='bbox 190 1775 318 1807; x_wconf 80' lang='grc' dir='ltr'>πεττεία</span> <span class='ocrx_word' id='word_1_165' title='bbox 346 1775 442 1806; x_wconf 80' lang='grc' dir='ltr'>ἐδόκει</span> <span class='ocrx_word' id='word_1_166' title='bbox 470 1776 631 1812; x_wconf 77' lang='grc' dir='ltr'>κληθῆναι,</span> <span class='ocrx_word' id='word_1_167' title='bbox 662 1776 728 1805; x_wconf 67' lang='grc' dir='ltr'>διο.</span> <span class='ocrx_word' id='word_1_168' title='bbox 774 1774 820 1805; x_wconf 86' lang='lat' dir='ltr'>Et</span> 
     </span>
     <span class='ocr_line' id='line_1_30' title="bbox 115 1822 816 1866; baseline -0.004 -9"><span class='ocrx_word' id='word_1_169' title='bbox 115 1826 216 1866; x_wconf 87' lang='lat' dir='ltr'>paulo</span> <span class='ocrx_word' id='word_1_170' title='bbox 247 1830 343 1866; x_wconf 87' lang='lat' dir='ltr'>post:</span> <span class='ocrx_word' id='word_1_171' title='bbox 387 1824 461 1856; x_wconf 79' lang='grc' dir='ltr'>τοὺς</span> <span class='ocrx_word' id='word_1_172' title='bbox 489 1823 523 1855; x_wconf 78' lang='grc' dir='ltr'>δὲ</span> <span class='ocrx_word' id='word_1_173' title='bbox 554 1823 690 1855; x_wconf 83' lang='grc' dir='ltr'>πεσσοὺς</span> <span class='ocrx_word' id='word_1_174' title='bbox 727 1822 816 1863; x_wconf 71' lang='grc' dir='ltr'>λέγει</span> 
     </span>
     <span class='ocr_line' id='line_1_31' title="bbox 112 1873 818 1917; baseline -0.001 -10"><span class='ocrx_word' id='word_1_175' title='bbox 112 1876 232 1917; x_wconf 77' lang='grc' dir='ltr'>ψήφους</span> <span class='ocrx_word' id='word_1_176' title='bbox 248 1875 322 1907; x_wconf 72' lang='grc' dir='ltr'>εἶναι</span> <span class='ocrx_word' id='word_1_177' title='bbox 337 1874 442 1915; x_wconf 81' lang='grc' dir='ltr'>πέντε,</span> <span class='ocrx_word' id='word_1_178' title='bbox 458 1874 505 1906; x_wconf 73' lang='grc' dir='ltr'>αἷς</span> <span class='ocrx_word' id='word_1_179' title='bbox 520 1875 569 1905; x_wconf 82' lang='grc' dir='ltr'>ἐπὶ</span> <span class='ocrx_word' id='word_1_180' title='bbox 580 1874 673 1906; x_wconf 87' lang='grc' dir='ltr'>πέντε</span> <span class='ocrx_word' id='word_1_181' title='bbox 686 1873 818 1906; x_wconf 77' lang='grc' dir='ltr'>ἕκαστος</span> 
     </span>
     <span class='ocr_line' id='line_1_32' title="bbox 113 1923 815 1967; baseline -0.006 -8"><span class='ocrx_word' id='word_1_182' title='bbox 113 1929 176 1959; x_wconf 79' lang='grc' dir='ltr'>τῶν</span> <span class='ocrx_word' id='word_1_183' title='bbox 201 1926 412 1958; x_wconf 81' lang='grc' dir='ltr'>πεττευόντων</span> <span class='ocrx_word' id='word_1_184' title='bbox 440 1925 500 1967; x_wconf 82' lang='grc' dir='ltr'>ἔχῃ</span> <span class='ocrx_word' id='word_1_185' title='bbox 527 1925 584 1956; x_wconf 80' lang='grc' dir='ltr'>τὰς</span> <span class='ocrx_word' id='word_1_186' title='bbox 606 1925 673 1956; x_wconf 82' lang='grc' dir='ltr'>καθ’</span> <span class='ocrx_word' id='word_1_187' title='bbox 695 1923 815 1955; x_wconf 80' lang='grc' dir='ltr'>ἑαυτόν.</span> 
     </span>
     <span class='ocr_line' id='line_1_33' title="bbox 115 1975 817 2019; baseline -0.006 -9"><span class='ocrx_word' id='word_1_188' title='bbox 115 1978 210 2019; x_wconf 85' lang='lat' dir='ltr'>Ergo</span> <span class='ocrx_word' id='word_1_189' title='bbox 220 1982 353 2010; x_wconf 88' lang='lat' dir='ltr'>certum</span> <span class='ocrx_word' id='word_1_190' title='bbox 370 1982 421 2008; x_wconf 84' lang='lat' dir='ltr'>est</span> <span class='ocrx_word' id='word_1_191' title='bbox 431 1975 566 2007; x_wconf 80' lang='grc' dir='ltr'>πεσσοὺς</span> <span class='ocrx_word' id='word_1_192' title='bbox 581 1985 655 2007; x_wconf 86' lang='lat' dir='ltr'>esse</span> <span class='ocrx_word' id='word_1_193' title='bbox 667 1976 817 2007; x_wconf 82' lang='lat' dir='ltr'>calculos</span> 
     </span>
     <span class='ocr_line' id='line_1_34' title="bbox 114 2026 816 2067; baseline -0.006 -7"><span class='ocrx_word' id='word_1_194' title='bbox 114 2038 181 2061; x_wconf 89' lang='lat' dir='ltr'>non</span> <span class='ocrx_word' id='word_1_195' title='bbox 206 2038 284 2059; x_wconf 85' lang='lat' dir='ltr'>vero</span> <span class='ocrx_word' id='word_1_196' title='bbox 300 2029 384 2060; x_wconf 87' lang='lat' dir='ltr'>talos</span> <span class='ocrx_word' id='word_1_197' title='bbox 409 2031 569 2058; x_wconf 84' lang='lat' dir='ltr'>accurate</span> <span class='ocrx_word' id='word_1_198' title='bbox 592 2026 816 2067; x_wconf 85' lang='lat' dir='ltr'><strong>loquentibus.</strong></span> 
     </span>
     <span class='ocr_line' id='line_1_35' title="bbox 113 2077 817 2119; baseline -0.006 -8"><span class='ocrx_word' id='word_1_199' title='bbox 113 2079 175 2119; x_wconf 80' lang='lat' dir='ltr'>At,</span> <span class='ocrx_word' id='word_1_200' title='bbox 190 2083 228 2110; x_wconf 91' lang='lat' dir='ltr'>ut</span> <span class='ocrx_word' id='word_1_201' title='bbox 244 2079 327 2118; x_wconf 87' lang='lat' dir='ltr'>dixi,</span> <span class='ocrx_word' id='word_1_202' title='bbox 343 2088 408 2109; x_wconf 89' lang='lat' dir='ltr'>non</span> <span class='ocrx_word' id='word_1_203' title='bbox 432 2087 509 2109; x_wconf 88' lang='lat' dir='ltr'>raro</span> <span class='ocrx_word' id='word_1_204' title='bbox 535 2078 607 2109; x_wconf 77' lang='lat' dir='ltr'>sine</span> <span class='ocrx_word' id='word_1_205' title='bbox 624 2077 817 2108; x_wconf 83' lang='lat' dir='ltr'>discrimine</span> 
     </span>
     <span class='ocr_line' id='line_1_36' title="bbox 116 2128 818 2168; baseline -0.001 -8"><span class='ocrx_word' id='word_1_206' title='bbox 116 2138 217 2160; x_wconf 87' lang='lat' dir='ltr'>voces</span> <span class='ocrx_word' id='word_1_207' title='bbox 242 2137 291 2159; x_wconf 87' lang='lat' dir='ltr'>eae</span> <span class='ocrx_word' id='word_1_208' title='bbox 308 2129 469 2159; x_wconf 86' lang='lat' dir='ltr'>adhibitae</span> <span class='ocrx_word' id='word_1_209' title='bbox 495 2128 726 2168; x_wconf 85' lang='lat' dir='ltr'>reperiuntur.</span> <span class='ocrx_word' id='word_1_210' title='bbox 772 2128 818 2159; x_wconf 91' lang='lat' dir='ltr'>Et</span> 
     </span>
     <span class='ocr_line' id='line_1_37' title="bbox 112 2177 817 2219; baseline -0.003 -9"><span class='ocrx_word' id='word_1_211' title='bbox 112 2180 206 2219; x_wconf 85' lang='lat' dir='ltr'>hinc,</span> <span class='ocrx_word' id='word_1_212' title='bbox 228 2179 262 2210; x_wconf 89' lang='lat' dir='ltr'>ni</span> <span class='ocrx_word' id='word_1_213' title='bbox 289 2178 401 2218; x_wconf 85' lang='lat' dir='ltr'>fallor,</span> <span class='ocrx_word' id='word_1_214' title='bbox 426 2179 568 2210; x_wconf 80' lang='lat' dir='ltr'>ostendo</span> <span class='ocrx_word' id='word_1_215' title='bbox 597 2177 817 2209; x_wconf 86' lang='lat' dir='ltr'><strong>Palamedem</strong></span> 
     </span>
     <span class='ocr_line' id='line_1_38' title="bbox 114 2227 817 2268; baseline -0.006 -7"><span class='ocrx_word' id='word_1_216' title='bbox 114 2239 180 2261; x_wconf 87' lang='lat' dir='ltr'>non</span> <span class='ocrx_word' id='word_1_217' title='bbox 197 2229 367 2260; x_wconf 86' lang='lat' dir='ltr'>invenisse</span> <span class='ocrx_word' id='word_1_218' title='bbox 395 2229 492 2268; x_wconf 88' lang='lat' dir='ltr'>talos,</span> <span class='ocrx_word' id='word_1_219' title='bbox 507 2232 545 2259; x_wconf 92' lang='lat' dir='ltr'>ut</span> <span class='ocrx_word' id='word_1_220' title='bbox 562 2228 679 2258; x_wconf 89' lang='lat' dir='ltr'>volunt</span> <span class='ocrx_word' id='word_1_221' title='bbox 695 2227 817 2268; x_wconf 84' lang='lat' dir='ltr'>aliqui;</span> 
     </span>
     <span class='ocr_line' id='line_1_39' title="bbox 114 2278 817 2311; baseline -0.001 0"><span class='ocrx_word' id='word_1_222' title='bbox 114 2280 173 2311; x_wconf 76' lang='lat' dir='ltr'>sed</span> <span class='ocrx_word' id='word_1_223' title='bbox 189 2281 349 2311; x_wconf 87' lang='lat' dir='ltr'>calculos.</span> <span class='ocrx_word' id='word_1_224' title='bbox 373 2280 460 2311; x_wconf 86' lang='lat' dir='ltr'>Nam</span> <span class='ocrx_word' id='word_1_225' title='bbox 473 2279 535 2310; x_wconf 88' lang='lat' dir='ltr'>ets&#39;i</span> <span class='ocrx_word' id='word_1_226' title='bbox 551 2279 648 2310; x_wconf 89' lang='lat' dir='ltr'>Eust.</span> <span class='ocrx_word' id='word_1_227' title='bbox 665 2278 708 2309; x_wconf 87' lang='lat' dir='ltr'>ad</span> <span class='ocrx_word' id='word_1_228' title='bbox 725 2279 765 2310; x_wconf 92' lang='lat' dir='ltr'>Il.</span> <span class='ocrx_word' id='word_1_229' title='bbox 783 2283 817 2310; x_wconf 89' lang='lat' dir='ltr'>B.</span> 
     </span>
     <span class='ocr_line' id='line_1_40' title="bbox 117 2328 818 2368; baseline -0.003 -7"><span class='ocrx_word' id='word_1_230' title='bbox 117 2330 322 2368; x_wconf 81' lang='grc' dir='ltr'>Παλαμήδους</span> <span class='ocrx_word' id='word_1_231' title='bbox 347 2328 588 2368; x_wconf 81' lang='grc' dir='ltr'>ἐπινοησαμένου</span> <span class='ocrx_word' id='word_1_232' title='bbox 616 2329 742 2365; x_wconf 83' lang='grc' dir='ltr'>κυβείαν</span> <span class='ocrx_word' id='word_1_233' title='bbox 767 2329 818 2360; x_wconf 79' lang='grc' dir='ltr'>καὶ</span> 
     </span>
     <span class='ocr_line' id='line_1_41' title="bbox 113 2380 820 2422; baseline -0.003 -10"><span class='ocrx_word' id='word_1_234' title='bbox 113 2381 260 2413; x_wconf 76' lang='grc' dir='ltr'>πεττείαν</span> <span class='ocrx_word' id='word_1_235' title='bbox 267 2381 308 2413; x_wconf 83' lang='grc' dir='ltr'>εἷς</span> <span class='ocrx_word' id='word_1_236' title='bbox 319 2380 506 2422; x_wconf 86' lang='grc' dir='ltr'>παραμύθιον</span> <span class='ocrx_word' id='word_1_237' title='bbox 518 2380 621 2420; x_wconf 84' lang='grc' dir='ltr'>λίμου,</span> <span class='ocrx_word' id='word_1_238' title='bbox 631 2380 820 2421; x_wconf 82' lang='lat' dir='ltr'>promiscue</span> 
     </span>
     <span class='ocr_line' id='line_1_42' title="bbox 117 2431 820 2471; baseline -0.003 -8"><span class='ocrx_word' id='word_1_239' title='bbox 117 2437 155 2464; x_wconf 83' lang='lat' dir='ltr'>nt</span> <span class='ocrx_word' id='word_1_240' title='bbox 172 2432 278 2471; x_wconf 87' lang='lat' dir='ltr'>vides,</span> <span class='ocrx_word' id='word_1_241' title='bbox 305 2432 451 2463; x_wconf 86' lang='lat' dir='ltr'>scribat:</span> <span class='ocrx_word' id='word_1_242' title='bbox 480 2436 515 2462; x_wconf 89' lang='lat' dir='ltr'>at</span> <span class='ocrx_word' id='word_1_243' title='bbox 533 2431 759 2462; x_wconf 80' lang='lat' dir='ltr'>Philostratus</span> <span class='ocrx_word' id='word_1_244' title='bbox 786 2431 820 2461; x_wconf 90' lang='lat' dir='ltr'>in</span> 
     </span>
     <span class='ocr_line' id='line_1_43' title="bbox 118 2480 821 2523; baseline -0.004 -8"><span class='ocrx_word' id='word_1_245' title='bbox 118 2483 292 2522; x_wconf 79' lang='lat' dir='ltr'>Hernicis,</span> <span class='ocrx_word' id='word_1_246' title='bbox 319 2482 454 2513; x_wconf 86' lang='grc' dir='ltr'>πεττοὺς</span> <span class='ocrx_word' id='word_1_247' title='bbox 489 2480 585 2523; x_wconf 73' lang='grc' dir='ltr'>εὗρεν,</span> <span class='ocrx_word' id='word_1_248' title='bbox 618 2482 821 2523; x_wconf 84' lang='lat' dir='ltr'>simpliciter</span> 
     </span>
     <span class='ocr_line' id='line_1_44' title="bbox 119 2533 819 2566; baseline 0.003 -3"><span class='ocrx_word' id='word_1_249' title='bbox 119 2533 179 2564; x_wconf 87' lang='lat' dir='ltr'>ait.</span> <span class='ocrx_word' id='word_1_250' title='bbox 223 2534 386 2566; x_wconf 87' lang='lat' dir='ltr'>Similiter</span> <span class='ocrx_word' id='word_1_251' title='bbox 401 2544 478 2566; x_wconf 88' lang='lat' dir='ltr'>cum</span> <span class='ocrx_word' id='word_1_252' title='bbox 505 2534 605 2566; x_wconf 91' lang='lat' dir='ltr'>Plato</span> <span class='ocrx_word' id='word_1_253' title='bbox 622 2534 656 2564; x_wconf 92' lang='lat' dir='ltr'>in</span> <span class='ocrx_word' id='word_1_254' title='bbox 672 2533 819 2565; x_wconf 83' lang='lat' dir='ltr'>Phaedro</span> 
     </span>
     <span class='ocr_line' id='line_1_45' title="bbox 119 2583 821 2616; baseline 0.001 -3"><span class='ocrx_word' id='word_1_255' title='bbox 119 2583 181 2614; x_wconf 83' lang='lat' dir='ltr'>snb</span> <span class='ocrx_word' id='word_1_256' title='bbox 196 2583 298 2615; x_wconf 86' lang='lat' dir='ltr'>finem</span> <span class='ocrx_word' id='word_1_257' title='bbox 327 2584 375 2615; x_wconf 82' lang='lat' dir='ltr'>ita</span> <span class='ocrx_word' id='word_1_258' title='bbox 391 2584 527 2616; x_wconf 79' lang='lat' dir='ltr'>scribit:</span> <span class='ocrx_word' id='word_1_259' title='bbox 557 2585 698 2615; x_wconf 84' lang='grc' dir='ltr'>Ἤκουσα</span> <span class='ocrx_word' id='word_1_260' title='bbox 717 2583 821 2615; x_wconf 82' lang='grc' dir='ltr'>τοίνυν</span> 
     </span>
     <span class='ocr_line' id='line_1_46' title="bbox 118 2631 820 2675; baseline 0.006 -13"><span class='ocrx_word' id='word_1_261' title='bbox 118 2631 187 2672; x_wconf 78' lang='grc' dir='ltr'>περὶ</span> <span class='ocrx_word' id='word_1_262' title='bbox 212 2633 386 2675; x_wconf 80' lang='grc' dir='ltr'>Ναύκρατιν</span> <span class='ocrx_word' id='word_1_263' title='bbox 407 2636 464 2672; x_wconf 86' lang='grc' dir='ltr'>τῆς</span> <span class='ocrx_word' id='word_1_264' title='bbox 491 2634 650 2675; x_wconf 75' lang='grc' dir='ltr'>Αἰγύπτου</span> <span class='ocrx_word' id='word_1_265' title='bbox 675 2634 820 2675; x_wconf 71' lang='grc' dir='ltr'>’γενέσθαι</span> 
     </span>
     <span class='ocr_line' id='line_1_47' title="bbox 119 2682 819 2726; baseline 0.007 -13"><span class='ocrx_word' id='word_1_266' title='bbox 119 2684 181 2714; x_wconf 81' lang='grc' dir='ltr'>τῶν</span> <span class='ocrx_word' id='word_1_267' title='bbox 210 2682 274 2714; x_wconf 82' lang='grc' dir='ltr'>ἐκεῖ</span> <span class='ocrx_word' id='word_1_268' title='bbox 299 2687 438 2716; x_wconf 80' lang='grc' dir='ltr'>παλαιῶν</span> <span class='ocrx_word' id='word_1_269' title='bbox 466 2685 536 2717; x_wconf 79' lang='grc' dir='ltr'>τινὰ</span> <span class='ocrx_word' id='word_1_270' title='bbox 565 2686 766 2726; x_wconf 72' lang='grc' dir='ltr'>θεῶν-αὐτῷ</span> <span class='ocrx_word' id='word_1_271' title='bbox 793 2686 819 2717; x_wconf 86' lang='grc' dir='ltr'>δ’</span> 
     </span>
    </p>
   </div>
   <div class='ocr_carea' id='block_1_10' title="bbox 863 765 1582 2726">
    <p class='ocr_par' dir='ltr' id='par_1_10' title="bbox 870 765 1582 1353">
     <span class='ocr_line' id='line_1_48' title="bbox 874 765 1579 807; baseline 0.001 -11"><span class='ocrx_word' id='word_1_272' title='bbox 874 765 970 804; x_wconf 81' lang='grc' dir='ltr'>ὄνομα</span> <span class='ocrx_word' id='word_1_273' title='bbox 993 766 1082 796; x_wconf 82' lang='grc' dir='ltr'>Θεῦθ.</span> <span class='ocrx_word' id='word_1_274' title='bbox 1113 766 1225 796; x_wconf 83' lang='grc' dir='ltr'>τοῦτον</span> <span class='ocrx_word' id='word_1_275' title='bbox 1251 765 1283 796; x_wconf 84' lang='grc' dir='ltr'>δὲ</span> <span class='ocrx_word' id='word_1_276' title='bbox 1310 767 1429 806; x_wconf 80' lang='grc' dir='ltr'>πρῶτον</span> <span class='ocrx_word' id='word_1_277' title='bbox 1455 765 1579 807; x_wconf 76' lang='grc' dir='ltr'>ἅριθμόν</span> 
     </span>
     <span class='ocr_line' id='line_1_49' title="bbox 872 816 1580 857; baseline 0 -9"><span class='ocrx_word' id='word_1_278' title='bbox 872 829 909 848; x_wconf 86' lang='grc' dir='ltr'>τε</span> <span class='ocrx_word' id='word_1_279' title='bbox 936 816 987 848; x_wconf 80' lang='grc' dir='ltr'>καὶ</span> <span class='ocrx_word' id='word_1_280' title='bbox 1015 817 1169 856; x_wconf 77' lang='grc' dir='ltr'>λογισμὸν</span> <span class='ocrx_word' id='word_1_281' title='bbox 1185 818 1292 857; x_wconf 78' lang='grc' dir='ltr'>εὑρεῖν,</span> <span class='ocrx_word' id='word_1_282' title='bbox 1315 816 1366 847; x_wconf 74' lang='grc' dir='ltr'>καὶ</span> <span class='ocrx_word' id='word_1_283' title='bbox 1390 817 1580 857; x_wconf 70' lang='grc' dir='ltr'>’γεωμετρίαν</span> 
     </span>
     <span class='ocr_line' id='line_1_50' title="bbox 873 866 1580 908; baseline -0.001 -9"><span class='ocrx_word' id='word_1_284' title='bbox 873 867 923 899; x_wconf 71' lang='grc' dir='ltr'>καὶ</span> <span class='ocrx_word' id='word_1_285' title='bbox 939 867 1155 908; x_wconf 80' lang='grc' dir='ltr'>ἀστρονομίαν,</span> <span class='ocrx_word' id='word_1_286' title='bbox 1182 866 1227 897; x_wconf 85' lang='grc' dir='ltr'>ἔτι</span> <span class='ocrx_word' id='word_1_287' title='bbox 1244 866 1276 897; x_wconf 80' lang='grc' dir='ltr'>δὲ</span> <span class='ocrx_word' id='word_1_288' title='bbox 1296 867 1440 898; x_wconf 81' lang='grc' dir='ltr'>πεττείας</span> <span class='ocrx_word' id='word_1_289' title='bbox 1464 867 1514 898; x_wconf 79' lang='grc' dir='ltr'>καὶ</span> <span class='ocrx_word' id='word_1_290' title='bbox 1532 880 1580 898; x_wconf 91' lang='grc' dir='ltr'>κυ-</span> 
     </span>
     <span class='ocr_line' id='line_1_51' title="bbox 873 917 1579 959; baseline -0.001 -9"><span class='ocrx_word' id='word_1_291' title='bbox 873 917 962 954; x_wconf 78' lang='grc' dir='ltr'>βείας</span> <span class='ocrx_word' id='word_1_292' title='bbox 977 918 1029 949; x_wconf 78' lang='grc' dir='ltr'>καὶ</span> <span class='ocrx_word' id='word_1_293' title='bbox 1051 918 1087 955; x_wconf 82' lang='grc' dir='ltr'>δὴ</span> <span class='ocrx_word' id='word_1_294' title='bbox 1101 917 1286 958; x_wconf 70' lang='grc' dir='ltr'>’γράμματας</span> <span class='ocrx_word' id='word_1_295' title='bbox 1324 926 1406 957; x_wconf 86' lang='lat' dir='ltr'>tum,</span> <span class='ocrx_word' id='word_1_296' title='bbox 1428 919 1579 959; x_wconf 87' lang='lat' dir='ltr'>inquam,</span> 
     </span>
     <span class='ocr_line' id='line_1_52' title="bbox 874 968 1582 1008; baseline 0.001 -9"><span class='ocrx_word' id='word_1_297' title='bbox 874 968 1047 999; x_wconf 79' lang='lat' dir='ltr'>contendo</span> <span class='ocrx_word' id='word_1_298' title='bbox 1075 974 1133 999; x_wconf 88' lang='lat' dir='ltr'>aut</span> <span class='ocrx_word' id='word_1_299' title='bbox 1160 969 1201 999; x_wconf 87' lang='lat' dir='ltr'>de</span> <span class='ocrx_word' id='word_1_300' title='bbox 1230 968 1370 999; x_wconf 86' lang='lat' dir='ltr'>calculis</span> <span class='ocrx_word' id='word_1_301' title='bbox 1398 977 1469 998; x_wconf 83' lang='lat' dir='ltr'>rem</span> <span class='ocrx_word' id='word_1_302' title='bbox 1494 978 1582 1008; x_wconf 88' lang='lat' dir='ltr'>esse,</span> 
     </span>
     <span class='ocr_line' id='line_1_53' title="bbox 874 1018 1581 1050; baseline 0 0"><span class='ocrx_word' id='word_1_303' title='bbox 874 1025 931 1050; x_wconf 88' lang='lat' dir='ltr'>aut</span> <span class='ocrx_word' id='word_1_304' title='bbox 948 1019 991 1050; x_wconf 90' lang='lat' dir='ltr'>de</span> <span class='ocrx_word' id='word_1_305' title='bbox 1007 1019 1081 1049; x_wconf 75' lang='lat' dir='ltr'>alea</span> <span class='ocrx_word' id='word_1_306' title='bbox 1105 1019 1177 1049; x_wconf 89' lang='lat' dir='ltr'>sine</span> <span class='ocrx_word' id='word_1_307' title='bbox 1201 1018 1415 1049; x_wconf 86' lang='lat' dir='ltr'>discrimine:</span> <span class='ocrx_word' id='word_1_308' title='bbox 1441 1024 1500 1049; x_wconf 85' lang='lat' dir='ltr'>aut</span> <span class='ocrx_word' id='word_1_309' title='bbox 1517 1020 1581 1050; x_wconf 75' lang='lat' dir='ltr'>sal-</span> 
     </span>
     <span class='ocr_line' id='line_1_54' title="bbox 874 1069 1578 1110; baseline 0 -9"><span class='ocrx_word' id='word_1_310' title='bbox 874 1075 943 1101; x_wconf 87' lang='lat' dir='ltr'>tem</span> <span class='ocrx_word' id='word_1_311' title='bbox 968 1070 1081 1100; x_wconf 81' lang='lat' dir='ltr'>Theut</span> <span class='ocrx_word' id='word_1_312' title='bbox 1106 1069 1139 1100; x_wconf 85' lang='lat' dir='ltr'>in</span> <span class='ocrx_word' id='word_1_313' title='bbox 1167 1070 1317 1110; x_wconf 78' lang='lat' dir='ltr'>AEgypto</span> <span class='ocrx_word' id='word_1_314' title='bbox 1345 1070 1514 1101; x_wconf 80' lang='lat' dir='ltr'>invexisse</span> <span class='ocrx_word' id='word_1_315' title='bbox 1544 1070 1578 1101; x_wconf 91' lang='lat' dir='ltr'>id</span> 
     </span>
     <span class='ocr_line' id='line_1_55' title="bbox 874 1120 1580 1161; baseline 0 -10"><span class='ocrx_word' id='word_1_316' title='bbox 874 1120 962 1160; x_wconf 82' lang='lat' dir='ltr'>qnod</span> <span class='ocrx_word' id='word_1_317' title='bbox 979 1121 1013 1151; x_wconf 89' lang='lat' dir='ltr'>in</span> <span class='ocrx_word' id='word_1_318' title='bbox 1032 1120 1138 1160; x_wconf 88' lang='lat' dir='ltr'>Lydia</span> <span class='ocrx_word' id='word_1_319' title='bbox 1156 1120 1257 1160; x_wconf 81' lang='lat' dir='ltr'>Lydi,</span> <span class='ocrx_word' id='word_1_320' title='bbox 1274 1121 1327 1150; x_wconf 77' lang='lat' dir='ltr'>vel</span> <span class='ocrx_word' id='word_1_321' title='bbox 1355 1121 1464 1151; x_wconf 87' lang='lat' dir='ltr'>simile</span> <span class='ocrx_word' id='word_1_322' title='bbox 1483 1120 1580 1161; x_wconf 86' lang='lat' dir='ltr'>qnid-</span> 
     </span>
     <span class='ocr_line' id='line_1_56' title="bbox 874 1170 1579 1201; baseline -0.001 0"><span class='ocrx_word' id='word_1_323' title='bbox 874 1171 961 1201; x_wconf 86' lang='lat' dir='ltr'>dam.</span> <span class='ocrx_word' id='word_1_324' title='bbox 1008 1171 1096 1201; x_wconf 88' lang='lat' dir='ltr'>Nam</span> <span class='ocrx_word' id='word_1_325' title='bbox 1123 1174 1158 1200; x_wconf 90' lang='lat' dir='ltr'>et</span> <span class='ocrx_word' id='word_1_326' title='bbox 1184 1170 1302 1200; x_wconf 83' lang='lat' dir='ltr'>literas</span> <span class='ocrx_word' id='word_1_327' title='bbox 1319 1174 1355 1200; x_wconf 90' lang='lat' dir='ltr'>et</span> <span class='ocrx_word' id='word_1_328' title='bbox 1378 1170 1486 1201; x_wconf 84' lang='lat' dir='ltr'>varias</span> <span class='ocrx_word' id='word_1_329' title='bbox 1505 1170 1579 1200; x_wconf 84' lang='lat' dir='ltr'>illas</span> 
     </span>
     <span class='ocr_line' id='line_1_57' title="bbox 873 1220 1579 1260; baseline 0 -9"><span class='ocrx_word' id='word_1_330' title='bbox 873 1226 962 1252; x_wconf 81' lang='lat' dir='ltr'>artes</span> <span class='ocrx_word' id='word_1_331' title='bbox 974 1229 1012 1252; x_wconf 81' lang='lat' dir='ltr'>ae</span> <span class='ocrx_word' id='word_1_332' title='bbox 1028 1220 1221 1260; x_wconf 81' lang='lat' dir='ltr'>disciplinas</span> <span class='ocrx_word' id='word_1_333' title='bbox 1235 1230 1309 1260; x_wconf 88' lang='lat' dir='ltr'>qnae</span> <span class='ocrx_word' id='word_1_334' title='bbox 1322 1220 1363 1250; x_wconf 82' lang='lat' dir='ltr'>ab</span> <span class='ocrx_word' id='word_1_335' title='bbox 1378 1230 1418 1251; x_wconf 90' lang='lat' dir='ltr'>eo</span> <span class='ocrx_word' id='word_1_336' title='bbox 1432 1221 1579 1251; x_wconf 81' lang='lat' dir='ltr'>inventae</span> 
     </span>
     <span class='ocr_line' id='line_1_58' title="bbox 870 1271 1580 1308; baseline -0.001 -5"><span class='ocrx_word' id='word_1_337' title='bbox 870 1271 919 1303; x_wconf 85' lang='lat' dir='ltr'>ibi</span> <span class='ocrx_word' id='word_1_338' title='bbox 936 1271 1106 1308; x_wconf 84' lang='lat' dir='ltr'>dicuntur,</span> <span class='ocrx_word' id='word_1_339' title='bbox 1124 1271 1166 1301; x_wconf 85' lang='lat' dir='ltr'>ad</span> <span class='ocrx_word' id='word_1_340' title='bbox 1191 1271 1272 1301; x_wconf 87' lang='lat' dir='ltr'>alios</span> <span class='ocrx_word' id='word_1_341' title='bbox 1299 1271 1401 1302; x_wconf 85' lang='lat' dir='ltr'>etiam</span> <span class='ocrx_word' id='word_1_342' title='bbox 1420 1275 1580 1302; x_wconf 83' lang='lat' dir='ltr'>auctores</span> 
     </span>
     <span class='ocr_line' id='line_1_59' title="bbox 871 1321 1268 1353; baseline -0.005 0"><span class='ocrx_word' id='word_1_343' title='bbox 871 1321 990 1353; x_wconf 79' lang='lat' dir='ltr'>referri</span> <span class='ocrx_word' id='word_1_344' title='bbox 1008 1322 1113 1353; x_wconf 90' lang='lat' dir='ltr'>Docti</span> <span class='ocrx_word' id='word_1_345' title='bbox 1130 1327 1268 1352; x_wconf 85' lang='lat' dir='ltr'>norunt.</span> 
     </span>
    </p>

    <p class='ocr_par' dir='ltr' id='par_1_11' title="bbox 863 1372 1582 2726">
     <span class='ocr_line' id='line_1_60' title="bbox 914 1372 1579 1412; baseline -0.002 -9"><span class='ocrx_word' id='word_1_346' title='bbox 914 1375 957 1403; x_wconf 88' lang='grc'>49</span> <span class='ocrx_word' id='word_1_347' title='bbox 994 1373 1147 1403; x_wconf 77' lang='grc' dir='ltr'>Βαηιηοεα</span> <span class='ocrx_word' id='word_1_348' title='bbox 1162 1372 1299 1403; x_wconf 78' lang='lat' dir='ltr'>cunicula</span> <span class='ocrx_word' id='word_1_349' title='bbox 1326 1375 1473 1412; x_wconf 82' lang='lat' dir='ltr'>quantum</span> <span class='ocrx_word' id='word_1_350' title='bbox 1487 1373 1579 1403; x_wconf 83' lang='lat' dir='ltr'>rade-</span> 
     </span>
     <span class='ocr_line' id='line_1_61' title="bbox 872 1422 1578 1464; baseline 0.003 -12"><span class='ocrx_word' id='word_1_351' title='bbox 872 1422 936 1462; x_wconf 81' lang='lat' dir='ltr'>ret]</span> <span class='ocrx_word' id='word_1_352' title='bbox 973 1423 1144 1455; x_wconf 85' lang='lat' dir='ltr'>Quantum</span> <span class='ocrx_word' id='word_1_353' title='bbox 1173 1423 1258 1453; x_wconf 86' lang='lat' dir='ltr'>lucri</span> <span class='ocrx_word' id='word_1_354' title='bbox 1285 1423 1391 1462; x_wconf 74' lang='lat' dir='ltr'>Senio,</span> <span class='ocrx_word' id='word_1_355' title='bbox 1416 1428 1578 1464; x_wconf 75' lang='lat' dir='ltr'>quantuni</span> 
     </span>
     <span class='ocr_line' id='line_1_62' title="bbox 874 1471 1581 1513; baseline 0 -11"><span class='ocrx_word' id='word_1_356' title='bbox 874 1472 988 1502; x_wconf 91' lang='lat' dir='ltr'>damni</span> <span class='ocrx_word' id='word_1_357' title='bbox 1006 1472 1103 1502; x_wconf 78' lang='lat' dir='ltr'>Canis</span> <span class='ocrx_word' id='word_1_358' title='bbox 1117 1471 1264 1503; x_wconf 82' lang='lat' dir='ltr'>faceret.</span> <span class='ocrx_word' id='word_1_359' title='bbox 1308 1473 1417 1503; x_wconf 83' lang='lat' dir='ltr'>Porro</span> <span class='ocrx_word' id='word_1_360' title='bbox 1435 1473 1581 1513; x_wconf 81' lang='lat' dir='ltr'>qualiter</span> 
     </span>
     <span class='ocr_line' id='line_1_63' title="bbox 873 1522 1580 1555; baseline 0.001 -2"><span class='ocrx_word' id='word_1_361' title='bbox 873 1522 1007 1553; x_wconf 88' lang='lat' dir='ltr'>omnino</span> <span class='ocrx_word' id='word_1_362' title='bbox 1033 1527 1253 1554; x_wconf 74' lang='lat' dir='ltr'>exerceretur</span> <span class='ocrx_word' id='word_1_363' title='bbox 1277 1523 1376 1554; x_wconf 87' lang='lat' dir='ltr'>ludus</span> <span class='ocrx_word' id='word_1_364' title='bbox 1406 1524 1463 1554; x_wconf 87' lang='lat' dir='ltr'>ille</span> <span class='ocrx_word' id='word_1_365' title='bbox 1496 1525 1580 1555; x_wconf 87' lang='lat' dir='ltr'>talo-</span> 
     </span>
     <span class='ocr_line' id='line_1_64' title="bbox 873 1571 1579 1614; baseline 0.003 -12"><span class='ocrx_word' id='word_1_366' title='bbox 873 1582 960 1612; x_wconf 88' lang='lat' dir='ltr'>rum,</span> <span class='ocrx_word' id='word_1_367' title='bbox 973 1571 1063 1602; x_wconf 87' lang='lat' dir='ltr'>haud</span> <span class='ocrx_word' id='word_1_368' title='bbox 1076 1577 1222 1604; x_wconf 85' lang='lat' dir='ltr'>constat.</span> <span class='ocrx_word' id='word_1_369' title='bbox 1268 1573 1353 1604; x_wconf 91' lang='lat' dir='ltr'>Sunt</span> <span class='ocrx_word' id='word_1_370' title='bbox 1368 1574 1425 1614; x_wconf 88' lang='lat' dir='ltr'>qni</span> <span class='ocrx_word' id='word_1_371' title='bbox 1442 1574 1579 1605; x_wconf 84' lang='lat' dir='ltr'>tesseris</span> 
     </span>
     <span class='ocr_line' id='line_1_65' title="bbox 872 1623 1578 1664; baseline 0.001 -11"><span class='ocrx_word' id='word_1_372' title='bbox 872 1623 1026 1654; x_wconf 86' lang='lat' dir='ltr'>tribuant</span> <span class='ocrx_word' id='word_1_373' title='bbox 1040 1623 1129 1664; x_wconf 91' lang='lat' dir='ltr'>quod</span> <span class='ocrx_word' id='word_1_374' title='bbox 1145 1623 1291 1654; x_wconf 87' lang='lat' dir='ltr'>talorum</span> <span class='ocrx_word' id='word_1_375' title='bbox 1308 1628 1373 1661; x_wconf 86' lang='lat' dir='ltr'>est,</span> <span class='ocrx_word' id='word_1_376' title='bbox 1389 1628 1424 1654; x_wconf 79' lang='lat' dir='ltr'>et</span> <span class='ocrx_word' id='word_1_377' title='bbox 1440 1629 1578 1655; x_wconf 86' lang='lat' dir='ltr'>contra:</span> 
     </span>
     <span class='ocr_line' id='line_1_66' title="bbox 872 1673 1580 1705; baseline 0 -1"><span class='ocrx_word' id='word_1_378' title='bbox 872 1674 907 1703; x_wconf 88' lang='lat' dir='ltr'>in</span> <span class='ocrx_word' id='word_1_379' title='bbox 921 1673 971 1704; x_wconf 88' lang='lat' dir='ltr'>his</span> <span class='ocrx_word' id='word_1_380' title='bbox 986 1678 1100 1704; x_wconf 85' lang='lat' dir='ltr'>tamen</span> <span class='ocrx_word' id='word_1_381' title='bbox 1118 1673 1313 1704; x_wconf 84' lang='lat' dir='ltr'>consentire</span> <span class='ocrx_word' id='word_1_382' title='bbox 1330 1682 1446 1704; x_wconf 90' lang='lat' dir='ltr'>omnes</span> <span class='ocrx_word' id='word_1_383' title='bbox 1462 1674 1580 1705; x_wconf 89' lang='lat' dir='ltr'>viden-</span> 
     </span>
     <span class='ocr_line' id='line_1_67' title="bbox 873 1725 1581 1765; baseline 0 -10"><span class='ocrx_word' id='word_1_384' title='bbox 873 1730 948 1756; x_wconf 86' lang='lat' dir='ltr'>tur:</span> <span class='ocrx_word' id='word_1_385' title='bbox 986 1725 1163 1756; x_wconf 89' lang='lat' dir='ltr'>lusitatum</span> <span class='ocrx_word' id='word_1_386' title='bbox 1197 1725 1278 1755; x_wconf 88' lang='lat' dir='ltr'>olim</span> <span class='ocrx_word' id='word_1_387' title='bbox 1306 1728 1453 1765; x_wconf 87' lang='lat' dir='ltr'>quatuor</span> <span class='ocrx_word' id='word_1_388' title='bbox 1491 1725 1581 1765; x_wconf 78' lang='lat' dir='ltr'>talis,</span> 
     </span>
     <span class='ocr_line' id='line_1_68' title="bbox 874 1776 1580 1808; baseline 0.003 -2"><span class='ocrx_word' id='word_1_389' title='bbox 874 1777 1011 1807; x_wconf 86' lang='lat' dir='ltr'>tesseris</span> <span class='ocrx_word' id='word_1_390' title='bbox 1040 1786 1122 1807; x_wconf 88' lang='lat' dir='ltr'>vero</span> <span class='ocrx_word' id='word_1_391' title='bbox 1149 1776 1278 1807; x_wconf 89' lang='lat' dir='ltr'>tribus:</span> <span class='ocrx_word' id='word_1_392' title='bbox 1305 1781 1452 1807; x_wconf 80' lang='lat' dir='ltr'>tesseras</span> <span class='ocrx_word' id='word_1_393' title='bbox 1473 1777 1580 1808; x_wconf 87' lang='lat' dir='ltr'>latera</span> 
     </span>
     <span class='ocr_line' id='line_1_69' title="bbox 874 1826 1579 1868; baseline 0.004 -12"><span class='ocrx_word' id='word_1_394' title='bbox 874 1835 935 1858; x_wconf 89' lang='lat' dir='ltr'>sex</span> <span class='ocrx_word' id='word_1_395' title='bbox 962 1826 1119 1857; x_wconf 82' lang='lat' dir='ltr'>habuisse</span> <span class='ocrx_word' id='word_1_396' title='bbox 1145 1836 1203 1857; x_wconf 87' lang='lat' dir='ltr'>seu</span> <span class='ocrx_word' id='word_1_397' title='bbox 1229 1827 1365 1867; x_wconf 86' lang='lat' dir='ltr'>punctis</span> <span class='ocrx_word' id='word_1_398' title='bbox 1382 1838 1441 1859; x_wconf 88' lang='lat' dir='ltr'>seu</span> <span class='ocrx_word' id='word_1_399' title='bbox 1464 1827 1579 1868; x_wconf 83' lang='lat' dir='ltr'>figuris</span> 
     </span>
     <span class='ocr_line' id='line_1_70' title="bbox 874 1876 1580 1916; baseline 0.003 -10"><span class='ocrx_word' id='word_1_400' title='bbox 874 1880 1016 1914; x_wconf 84' lang='lat' dir='ltr'>notata;</span> <span class='ocrx_word' id='word_1_401' title='bbox 1050 1876 1135 1906; x_wconf 88' lang='lat' dir='ltr'>talos</span> <span class='ocrx_word' id='word_1_402' title='bbox 1164 1886 1244 1907; x_wconf 91' lang='lat' dir='ltr'>vero</span> <span class='ocrx_word' id='word_1_403' title='bbox 1273 1882 1418 1916; x_wconf 85' lang='lat' dir='ltr'>quatuor</span> <span class='ocrx_word' id='word_1_404' title='bbox 1445 1882 1580 1909; x_wconf 78' lang='lat' dir='ltr'>tantuin</span> 
     </span>
     <span class='ocr_line' id='line_1_71' title="bbox 873 1926 1582 1967; baseline 0.003 -11"><span class='ocrx_word' id='word_1_405' title='bbox 873 1926 1029 1957; x_wconf 87' lang='lat' dir='ltr'>habuisse</span> <span class='ocrx_word' id='word_1_406' title='bbox 1046 1926 1165 1966; x_wconf 88' lang='lat' dir='ltr'>facies,</span> <span class='ocrx_word' id='word_1_407' title='bbox 1187 1936 1329 1967; x_wconf 86' lang='lat' dir='ltr'>quarum</span> <span class='ocrx_word' id='word_1_408' title='bbox 1352 1937 1420 1958; x_wconf 88' lang='lat' dir='ltr'>una</span> <span class='ocrx_word' id='word_1_409' title='bbox 1444 1928 1582 1958; x_wconf 76' lang='lat' dir='ltr'>exhibe-</span> 
     </span>
     <span class='ocr_line' id='line_1_72' title="bbox 874 1977 1578 2017; baseline 0.003 -10"><span class='ocrx_word' id='word_1_410' title='bbox 874 1977 934 2007; x_wconf 90' lang='lat' dir='ltr'>bat</span> <span class='ocrx_word' id='word_1_411' title='bbox 961 1978 1139 2016; x_wconf 85' lang='lat' dir='ltr'>unitatem,</span> <span class='ocrx_word' id='word_1_412' title='bbox 1167 1977 1238 2007; x_wconf 83' lang='lat' dir='ltr'>sive</span> <span class='ocrx_word' id='word_1_413' title='bbox 1267 1986 1368 2007; x_wconf 90' lang='lat' dir='ltr'>unum</span> <span class='ocrx_word' id='word_1_414' title='bbox 1394 1982 1578 2017; x_wconf 87' lang='lat' dir='ltr'>punctum;</span> 
     </span>
     <span class='ocr_line' id='line_1_73' title="bbox 871 2027 1581 2069; baseline 0.003 -12"><span class='ocrx_word' id='word_1_415' title='bbox 871 2028 1031 2068; x_wconf 82' lang='lat' dir='ltr'>opposita</span> <span class='ocrx_word' id='word_1_416' title='bbox 1058 2037 1150 2068; x_wconf 84' lang='lat' dir='ltr'>vero,</span> <span class='ocrx_word' id='word_1_417' title='bbox 1167 2027 1328 2058; x_wconf 80' lang='lat' dir='ltr'>Senionem</span> <span class='ocrx_word' id='word_1_418' title='bbox 1357 2027 1428 2058; x_wconf 72' lang='lat' dir='ltr'>sive</span> <span class='ocrx_word' id='word_1_419' title='bbox 1452 2032 1581 2069; x_wconf 85' lang='lat' dir='ltr'>puncta</span> 
     </span>
     <span class='ocr_line' id='line_1_74' title="bbox 871 2077 1578 2119; baseline 0.001 -11"><span class='ocrx_word' id='word_1_420' title='bbox 871 2088 950 2118; x_wconf 77' lang='lat' dir='ltr'>sex3</span> <span class='ocrx_word' id='word_1_421' title='bbox 968 2079 1034 2109; x_wconf 87' lang='lat' dir='ltr'>alia</span> <span class='ocrx_word' id='word_1_422' title='bbox 1045 2077 1151 2109; x_wconf 85' lang='lat' dir='ltr'>facies</span> <span class='ocrx_word' id='word_1_423' title='bbox 1164 2078 1368 2109; x_wconf 85' lang='lat' dir='ltr'>ostendebat</span> <span class='ocrx_word' id='word_1_424' title='bbox 1378 2079 1578 2119; x_wconf 88' lang='lat' dir='ltr'>ternarium,</span> 
     </span>
     <span class='ocr_line' id='line_1_75' title="bbox 870 2128 1580 2169; baseline 0.003 -10"><span class='ocrx_word' id='word_1_425' title='bbox 870 2134 994 2169; x_wconf 87' lang='lat' dir='ltr'>quarta</span> <span class='ocrx_word' id='word_1_426' title='bbox 1010 2128 1156 2169; x_wconf 89' lang='lat' dir='ltr'>denique</span> <span class='ocrx_word' id='word_1_427' title='bbox 1171 2129 1248 2159; x_wconf 89' lang='lat' dir='ltr'>huic</span> <span class='ocrx_word' id='word_1_428' title='bbox 1265 2129 1424 2168; x_wconf 86' lang='lat' dir='ltr'>opposita</span> <span class='ocrx_word' id='word_1_429' title='bbox 1442 2135 1580 2169; x_wconf 77' lang='lat' dir='ltr'>quater-</span> 
     </span>
     <span class='ocr_line' id='line_1_76' title="bbox 871 2179 1577 2219; baseline 0.003 -10"><span class='ocrx_word' id='word_1_430' title='bbox 871 2179 1012 2210; x_wconf 90' lang='lat' dir='ltr'>narium.</span> <span class='ocrx_word' id='word_1_431' title='bbox 1059 2180 1202 2211; x_wconf 86' lang='lat' dir='ltr'>Constat</span> <span class='ocrx_word' id='word_1_432' title='bbox 1219 2184 1387 2219; x_wconf 77' lang='lat' dir='ltr'>praeterea</span> <span class='ocrx_word' id='word_1_433' title='bbox 1402 2180 1577 2211; x_wconf 90' lang='lat' dir='ltr'>minimum</span> 
     </span>
     <span class='ocr_line' id='line_1_77' title="bbox 863 2228 1580 2269; baseline 0.001 -9"><span class='ocrx_word' id='word_1_434' title='bbox 863 2229 998 2269; x_wconf 83' lang='lat' dir='ltr'>jactum</span> <span class='ocrx_word' id='word_1_435' title='bbox 1015 2230 1049 2260; x_wconf 92' lang='lat' dir='ltr'>in</span> <span class='ocrx_word' id='word_1_436' title='bbox 1068 2230 1143 2260; x_wconf 84' lang='lat' dir='ltr'>talis</span> <span class='ocrx_word' id='word_1_437' title='bbox 1160 2229 1326 2259; x_wconf 87' lang='lat' dir='ltr'>unitatem</span> <span class='ocrx_word' id='word_1_438' title='bbox 1339 2228 1456 2269; x_wconf 84' lang='lat' dir='ltr'>fuisse,</span> <span class='ocrx_word' id='word_1_439' title='bbox 1471 2234 1506 2260; x_wconf 89' lang='lat' dir='ltr'>et</span> <span class='ocrx_word' id='word_1_440' title='bbox 1522 2240 1580 2261; x_wconf 85' lang='grc' dir='ltr'>νο-</span> 
     </span>
     <span class='ocr_line' id='line_1_78' title="bbox 873 2280 1579 2320; baseline 0.001 -10"><span class='ocrx_word' id='word_1_441' title='bbox 873 2284 1000 2318; x_wconf 89' lang='lat' dir='ltr'>catum,</span> <span class='ocrx_word' id='word_1_442' title='bbox 1028 2280 1163 2310; x_wconf 80' lang='lat' dir='ltr'>Canem.-</span> <span class='ocrx_word' id='word_1_443' title='bbox 1185 2284 1221 2309; x_wconf 89' lang='lat' dir='ltr'>at</span> <span class='ocrx_word' id='word_1_444' title='bbox 1248 2285 1378 2319; x_wconf 86' lang='lat' dir='ltr'>contra,</span> <span class='ocrx_word' id='word_1_445' title='bbox 1400 2290 1579 2320; x_wconf 86' lang='lat' dir='ltr'>summum,</span> 
     </span>
     <span class='ocr_line' id='line_1_79' title="bbox 878 2328 1579 2370; baseline 0.001 -10"><span class='ocrx_word' id='word_1_446' title='bbox 878 2329 1036 2367; x_wconf 83' lang='lat' dir='ltr'>Venerem,</span> <span class='ocrx_word' id='word_1_447' title='bbox 1054 2330 1260 2370; x_wconf 87' lang='lat' dir='ltr'>appellatum</span> <span class='ocrx_word' id='word_1_448' title='bbox 1279 2328 1404 2360; x_wconf 84' lang='lat' dir='ltr'>fuisse:</span> <span class='ocrx_word' id='word_1_449' title='bbox 1437 2334 1474 2361; x_wconf 84' lang='lat' dir='ltr'>at</span> <span class='ocrx_word' id='word_1_450' title='bbox 1490 2340 1579 2361; x_wconf 89' lang='lat' dir='ltr'>com-</span> 
     </span>
     <span class='ocr_line' id='line_1_80' title="bbox 876 2379 1581 2420; baseline 0.003 -10"><span class='ocrx_word' id='word_1_451' title='bbox 876 2384 1010 2420; x_wconf 86' lang='lat' dir='ltr'>pertum</span> <span class='ocrx_word' id='word_1_452' title='bbox 1026 2380 1160 2411; x_wconf 78' lang='lat' dir='ltr'>minime</span> <span class='ocrx_word' id='word_1_453' title='bbox 1177 2383 1230 2410; x_wconf 85' lang='lat' dir='ltr'>est</span> <span class='ocrx_word' id='word_1_454' title='bbox 1247 2379 1326 2420; x_wconf 77' lang='lat' dir='ltr'>qiiid</span> <span class='ocrx_word' id='word_1_455' title='bbox 1350 2385 1438 2410; x_wconf 84' lang='lat' dir='ltr'>esset</span> <span class='ocrx_word' id='word_1_456' title='bbox 1460 2380 1581 2412; x_wconf 76' lang='lat' dir='ltr'>Venus.-</span> 
     </span>
     <span class='ocr_line' id='line_1_81' title="bbox 874 2429 1579 2462; baseline -0.001 -1"><span class='ocrx_word' id='word_1_457' title='bbox 874 2430 1026 2462; x_wconf 88' lang='lat' dir='ltr'>nonnulli</span> <span class='ocrx_word' id='word_1_458' title='bbox 1042 2430 1131 2461; x_wconf 87' lang='lat' dir='ltr'>enim</span> <span class='ocrx_word' id='word_1_459' title='bbox 1148 2430 1234 2461; x_wconf 86' lang='lat' dir='ltr'>hanc</span> <span class='ocrx_word' id='word_1_460' title='bbox 1259 2439 1334 2460; x_wconf 88' lang='lat' dir='ltr'>cum</span> <span class='ocrx_word' id='word_1_461' title='bbox 1352 2429 1483 2461; x_wconf 80' lang='lat' dir='ltr'>Senione</span> <span class='ocrx_word' id='word_1_462' title='bbox 1500 2439 1579 2461; x_wconf 91' lang='lat' dir='ltr'>con-</span> 
     </span>
     <span class='ocr_line' id='line_1_82' title="bbox 874 2479 1578 2522; baseline -0.001 -11"><span class='ocrx_word' id='word_1_463' title='bbox 874 2480 1039 2519; x_wconf 87' lang='lat' dir='ltr'>fundunt;</span> <span class='ocrx_word' id='word_1_464' title='bbox 1063 2490 1255 2522; x_wconf 90' lang='lat' dir='ltr'>quanquam</span> <span class='ocrx_word' id='word_1_465' title='bbox 1280 2480 1348 2519; x_wconf 89' lang='lat' dir='ltr'>alii,</span> <span class='ocrx_word' id='word_1_466' title='bbox 1371 2485 1406 2510; x_wconf 87' lang='lat' dir='ltr'>et</span> <span class='ocrx_word' id='word_1_467' title='bbox 1432 2479 1578 2510; x_wconf 82' lang='lat' dir='ltr'>fortasse</span> 
     </span>
     <span class='ocr_line' id='line_1_83' title="bbox 874 2529 1577 2569; baseline -0.006 -7"><span class='ocrx_word' id='word_1_468' title='bbox 874 2531 1000 2569; x_wconf 84' lang='lat' dir='ltr'>verius,</span> <span class='ocrx_word' id='word_1_469' title='bbox 1033 2532 1181 2562; x_wconf 82' lang='lat' dir='ltr'>Venerem</span> <span class='ocrx_word' id='word_1_470' title='bbox 1210 2540 1281 2562; x_wconf 89' lang='lat' dir='ltr'>esse</span> <span class='ocrx_word' id='word_1_471' title='bbox 1305 2529 1474 2560; x_wconf 81' lang='lat' dir='ltr'>affirmant</span> <span class='ocrx_word' id='word_1_472' title='bbox 1501 2538 1577 2558; x_wconf 91' lang='lat' dir='ltr'>cum</span> 
     </span>
     <span class='ocr_line' id='line_1_84' title="bbox 875 2578 1578 2623; baseline -0.006 -10"><span class='ocrx_word' id='word_1_473' title='bbox 875 2583 935 2614; x_wconf 87' lang='lat' dir='ltr'>tali</span> <span class='ocrx_word' id='word_1_474' title='bbox 951 2587 1096 2623; x_wconf 90' lang='lat' dir='ltr'>quatuor</span> <span class='ocrx_word' id='word_1_475' title='bbox 1115 2582 1267 2612; x_wconf 82' lang='lat' dir='ltr'>diversos</span> <span class='ocrx_word' id='word_1_476' title='bbox 1284 2589 1399 2611; x_wconf 90' lang='lat' dir='ltr'>omnes</span> <span class='ocrx_word' id='word_1_477' title='bbox 1416 2578 1578 2609; x_wconf 85' lang='lat' dir='ltr'>exhibent</span> 
     </span>
     <span class='ocr_line' id='line_1_85' title="bbox 873 2628 1576 2673; baseline -0.01 -9"><span class='ocrx_word' id='word_1_478' title='bbox 873 2643 1043 2673; x_wconf 86' lang='lat' dir='ltr'>numeros,</span> <span class='ocrx_word' id='word_1_479' title='bbox 1061 2642 1185 2673; x_wconf 87' lang='lat' dir='ltr'>nempe</span> <span class='ocrx_word' id='word_1_480' title='bbox 1203 2635 1233 2663; x_wconf 92' lang='lat' dir='ltr'>l.</span> <span class='ocrx_word' id='word_1_481' title='bbox 1251 2634 1282 2662; x_wconf 85' lang='lat'>3.</span> <span class='ocrx_word' id='word_1_482' title='bbox 1299 2634 1329 2661; x_wconf 82' lang='grc'>4.</span> <span class='ocrx_word' id='word_1_483' title='bbox 1354 2631 1385 2659; x_wconf 86' lang='grc'>6.</span> <span class='ocrx_word' id='word_1_484' title='bbox 1430 2628 1576 2658; x_wconf 86' lang='lat' dir='ltr'>Rursum</span> 
     </span>
     <span class='ocr_line' id='line_1_86' title="bbox 873 2677 1577 2726; baseline -0.009 -11"><span class='ocrx_word' id='word_1_485' title='bbox 873 2688 1025 2726; x_wconf 73' lang='lat' dir='ltr'>pugnant</span> <span class='ocrx_word' id='word_1_486' title='bbox 1052 2682 1134 2724; x_wconf 85' lang='lat' dir='ltr'>quid</span> <span class='ocrx_word' id='word_1_487' title='bbox 1159 2686 1299 2713; x_wconf 82' lang='lat' dir='ltr'>vocetur</span> <span class='ocrx_word' id='word_1_488' title='bbox 1329 2677 1436 2710; x_wconf 75' lang='lat' dir='ltr'>Senia.</span> <span class='ocrx_word' id='word_1_489' title='bbox 1489 2679 1577 2710; x_wconf 90' lang='lat' dir='ltr'>Con-</span> 
     </span>
    </p>
   </div>
  </div>
 </body>
</html>
