1888 3032
259 108 344 150 200

259 213 327 253 δἀ]
367 215 433 246 Ubi
452 226 550 247 versu
569 216 727 254 tremulo,
745 216 835 246 molli
855 221 889 247 et
909 217 971 246 las-

261 264 357 302 ‹·ivo;
383 268 433 296 vvl
451 277 546 296 vorsu
561 267 704 297 tremula
717 277 798 298 voce
813 269 971 302 recitato,

261 314 382 345 intima
400 318 549 346 lllt*lllbl'a
564 326 711 347 venereo
728 317 877 348 libidinis
896 327 970 358 pru-

260 365 327 396 ritu
354 367 537 397 titillantur
561 372 596 398 et
623 368 971 408 scalpuntin·.-—Scal-

258 417 389 457 puutur]
432 418 586 459 Mctapli.
604 429 622 450 a
639 419 811 451 scabiosis.
851 420 893 452 Id
907 425 971 455 est,

261 467 317 497 lta
349 472 385 497 ut
412 478 527 498 eorum
555 469 688 501 viscera
711 471 876 511 pruriant,
901 477 970 502 tan-

260 527 359 558 quam
378 518 410 548 in
430 520 603 559 amplexu.
638 520 754 551 Lubin.
802 522 845 551 Et
874 527 969 553 recte

259 570 425 599 tremulum
452 569 590 610 dicitur,
619 580 661 601 ex
687 582 752 612 quo
769 572 968 603 nasciturin

259 620 469 651 audientium
493 621 613 652 animis
636 622 795 662 voluptas
812 623 967 663 quaedam

259 671 415 712 titillans,
445 673 616 704 contraria
640 674 817 712 gravitati,
840 678 874 704 et
890 683 968 704 con-

260 722 412 762 stantiae,
441 728 478 754 ut
500 724 548 754 ait
577 723 710 754 Cicero.
751 724 869 755 Intima
896 728 968 755 sunt

258 773 291 804 αἱ
317 772 440 815 ὀρέξεις,
470 779 505 805 et
535 784 614 815 pars
639 775 739 805 animi
764 785 830 816 qua
848 785 968 807 concn-

259 825 437 866 piscimus,
455 830 491 856 et
508 836 597 867 quae,
610 831 647 857 nt
661 826 810 867 loquitur
822 826 872 857 M.
887 827 967 858 Tul-

257 876 333 916 lius,
361 877 541 917 voluptate
569 877 684 916 alitur,
722 878 777 908 vel
815 878 968 918 corporis

257 932 374 968 partes
404 938 480 969 qnae
508 928 794 969 concupiscentiae
823 929 871 959 iili
901 938 968 960 ser-

258 979 365 1011 viunt.
407 979 540 1010 Casaub.

301 1034 343 1062 22
363 1031 532 1072 Tamna]
561 1033 637 1064 Jam
652 1042 714 1073 per
723 1033 966 1074 Apostrophcn

257 1082 477 1122 progreditur
493 1083 535 1113 ad
551 1084 763 1123 specialiora,
786 1084 967 1124 reprehen-

260 1131 379 1172 ditque
398 1131 527 1162 Poetas
543 1132 584 1163 ab
600 1133 763 1173 adjuncto
787 1134 899 1165 aetatis
916 1144 966 1165 sem

258 1181 489 1221 nilis.—Tun'‚
511 1182 581 1222 Bran]
617 1183 693 1214 Hoc
718 1188 818 1224 gestu
839 1184 914 1215 irati
931 1189 967 1216 et

256 1231 464 1272 indignantis
477 1233 771 1273 pronunciandum
787 1240 852 1266 est.
899 1236 967 1267 Re-

257 1282 359 1323 spicit
383 1287 496 1314 autem
525 1283 568 1314 ad
594 1285 748 1325 superius
765 1286 869 1317 illud:
894 1290 967 1317 tnnc

258 1344 326 1364 cum
355 1335 396 1364 ad
423 1335 579 1372 canitiem,
605 1338 657 1376 Ssc.
715 1337 821 1369 Quasi
849 1337 963 1368 dicat:

257 1386 352 1416 Tunc
377 1387 490 1427 capuli
514 1387 619 1418 decus
652 1388 808 1429 delirum,
839 1389 966 1420 silicer-

257 1436 349 1467 nium
370 1441 482 1476 vetus,
507 1442 541 1469 et
559 1442 736 1469 veternose
754 1448 870 1479 senex,
886 1440 966 1471 alio-

257 1496 331 1518 rum
361 1487 525 1519 delicatas
552 1492 586 1519 et
614 1489 756 1521 lascivas
782 1499 879 1521 aures
907 1491 965 1522 ob-

256 1539 379 1571 scoenis
399 1540 605 1572 carminibus
622 1541 739 1573 studes
755 1552 896 1582 pascere
911 1544 966 1573 ?———

262 1589 383 1629 Vetule]
414 1591 475 1621 Est
486 1601 607 1622 nomen
621 1593 773 1632 convitii,
784 1597 818 1624 et
832 1602 965 1634 semper

255 1641 288 1671 in
320 1641 473 1681 pejorem
505 1646 637 1682 partem
667 1644 810 1683 rapitur.
858 1645 965 1677 Quasi

256 1691 371 1722 dicat:
397 1692 510 1722 Senex
528 1692 648 1732 delire,
664 1693 924 1734 decrepite—A
933 1706 964 1725 u-

255 1742 363 1772 rz'culis
378 1742 502 1781 alienis]
538 1743 678 1774 Scilicet
689 1743 897 1775 Auditorum
916 1750 964 1776 tn-

258 1802 368 1832 orum,
385 1793 441 1834 qui
465 1793 528 1824 hac
547 1798 663 1833 aetate,
681 1804 746 1825 non
767 1796 887 1836 aliena,
904 1797 962 1828 sed

255 1843 408 1884 propria,
426 1848 461 1874 et
476 1844 517 1874 ad
533 1849 566 1875 te
585 1845 792 1884 pertinentia
808 1852 964 1888 spectare

256 1893 422 1934 debebas,
448 1899 483 1926 et
508 1895 602 1935 cujus
631 1900 713 1927 zetas
737 1897 837 1937 longe
865 1898 963 1929 aliam

255 1945 374 1984 vitam,
389 1945 471 1976 alios
485 1955 596 1976 mores
613 1947 862 1987 postulal›at.—
870 1949 964 1979 Colli-

253 1996 319 2035 gis,
337 1995 408 2037 δῖα]
447 1998 632 2037 Componis
656 1999 806 2029 carmina
830 1999 964 2031 lascivis

255 2046 392 2078 auribus
424 2051 531 2087 grata,
562 2048 689 2079 lasciva
723 2053 757 2079 et
792 2049 963 2090 obscoena,

256 2097 377 2139 quibus
401 2098 552 2128 lascivias
575 2103 609 2129 et
626 2099 775 2130 libidinis
793 2099 963 2141 fomentis,

255 2154 417 2189 tanquam
436 2148 512 2179 cibo
529 2149 582 2179 vel
607 2158 685 2180 esca
705 2155 874 2190 pascatur.
922 2151 960 2182 Id

254 2206 319 2237 est,
347 2198 501 2230 Aliorum
524 2199 668 2230 lascivas
694 2205 728 2230 et
749 2201 838 2231 omni
857 2202 961 2242 turpi-

254 2250 363 2281 tudini
392 2254 547 2290 patentcs
573 2260 683 2290 anres·‚
712 2252 816 2292 turpi,
844 2252 960 2293 salaci,

254 2301 440 2341 impudico,
463 2306 497 2332 et
516 2306 549 2332 te
564 2306 689 2343 tuaque
703 2307 805 2334 aetate
824 2303 960 2344 indigno

254 2351 403 2381 carmine
439 2352 569 2391 dennis,
601 2353 753 2384 suaviter
782 2353 887 2384 afficis
925 2359 961 2385 et

254 2401 350 2442 qnasi
369 2402 490 2441 pascis.
521 2402 635 2433 Lubin.
680 2404 900 2436 Auricularum
916 2415 961 2436 es-

254 2463 297 2483 cce
305 2456 383 2483 sunt
394 2452 421 2482 οἱ
430 2451 531 2491 λόγοι,
541 2453 705 2484 Poc'mata
716 2456 767 2484 vcl
777 2456 960 2486 orationes.

253 2502 477 2534 Tritissimum
491 2507 542 2532 est
559 2502 649 2542 apud
663 2503 805 2534 Graecos
819 2505 962 2542 εὐωχεῖσ-

256 2558 303 2583 θαι
325 2552 432 2592 λόγοις
455 2558 490 2584 et
514 2551 639 2592 εὐωχίαι
673 2552 723 2583 καὶ
752 2552 906 2585 ἑστιάσεις
928 2555 961 2585 ἀ-

255 2605 343 2636 κοῶν.
389 2603 437 2634 At
465 2603 565 2634 animi
592 2603 767 2644 pabulum,
791 2604 901 2636 litera)
925 2609 962 2636 et

255 2655 414 2686 eruditio.
460 2655 567 2685 Porro
590 2654 638 2684 vis
665 2655 764 2694 hujus
781 2656 960 2696 reprelien-

256 2705 358 2736 siouis
384 2705 529 2737 maxime
548 2704 579 2737 in
598 2715 680 2737 voce
701 2704 810 2737 alienis
826 2707 958 2747 posita:

735 121 877 152 NOTAE
910 120 1176 152 VARIORUM
1218 124 1265 154 [N

1024 216 1152 258 quippe
1179 217 1420 250 alienissimum
1446 224 1497 251 cst
1521 230 1538 250 a
1561 219 1729 260 sapiente,

1023 268 1134 299 facere
1152 269 1280 310 aliquid
1297 276 1438 311 propter
1450 272 1593 303 alienam
1610 272 1728 311 volup-

1025 324 1142 351 tatem.
1188 321 1316 351 Vcrum
1340 321 1413 352 haec
1439 322 1576 363 propria
1592 327 1644 353 est
1670 323 1729 353 ini·

1024 369 1112 400 seria
1139 370 1279 410 gloriani
1304 373 1521 412 sectantium,
1544 373 1634 414 qnod
1657 373 1730 404 feli-

1023 420 1165 452 citatem
1179 431 1270 451 suani
1287 422 1318 452 iu
1334 422 1444 452 aliena
1457 424 1656 463 operatione
1671 433 1729 464 po-

1004 477 1126 501 ·nunt:
1167 472 1229 502 lioc
1259 476 1325 511 est,
1353 473 1384 502 in
1413 473 1600 514 voluptate,
1629 484 1727 514 qnam

1022 523 1163 562 capiunt
1187 523 1242 553 alii
1271 532 1312 553 cx
1332 523 1479 563 ipsorum
1498 524 1626 556 labore.
1667 525 1728 555 Ca·

1019 572 1105 604 saub.

1063 626 1104 654 23
1128 625 1296 663 Auriculis,
1315 625 1385 664 gun]
1424 625 1575 656 Tantum
1593 625 1727 657 laboras

1021 678 1058 704 ut
1084 675 1220 714 placeas
1246 676 1385 706 alioruin
1412 676 1572 706 auribus?
1602 680 1637 706 at
1655 676 1729 717 qui-

1019 723 1083 755 bus
1105 725 1261 756 auribus?
1296 735 1419 766 nempe
1437 736 1552 756 corum
1571 726 1627 767 qni
1643 726 1728 757 adeo

1020 775 1092 806 sine
1104 775 1239 816 judicio
1255 777 1397 808 laudant
1416 786 1499 817 quos
1519 776 1672 817 laudaut,
1691 782 1728 807 nt

1019 827 1152 867 cogaris
1169 827 1223 858 vel
1240 827 1366 858 invitus
1382 827 1416 858 id
1434 835 1640 868 agnoscere:
1671 828 1727 868 qui

1019 887 1109 918 saepe
1140 878 1185 908 sis
1211 883 1388 919 expertus,
1414 878 1489 909 illos
1517 883 1575 908 tua
1599 878 1729 919 scripta
1752 883 1756 889 '

1018 929 1068 959 ita
1094 928 1273 969 magnifiee
1303 930 1482 969 extollere,
1513 934 1551 960 ut
1583 935 1617 960 te
1647 929 1729 961 licet

1018 980 1235 1010 vanissimum
1261 980 1485 1021 suppuderet,
1511 980 1597 1012 adeo
1618 985 1655 1011 nt
1683 981 1732 1011 ‹li-

1018 1040 1113 1061 ceres
1137 1031 1216 1071 illis,
1236 1032 1308 1062 ohe:
1342 1032 1424 1062 satis
1442 1037 1507 1063 est.
1556 1032 1728 1064 Camulmu.

1016 1081 1194 1122 —Quibus,
1215 1081 1284 1121 ἕω]
1323 1082 1598 1113 Molestissimum
1616 1092 1731 1114 acroa-

1018 1143 1072 1164 ma
1100 1133 1134 1164 in
1159 1143 1195 1164 os
1222 1134 1364 1165 laudari.
1409 1134 1495 1165 Ideo
1522 1134 1662 1166 Persius
1685 1134 1728 1166 de

1018 1183 1211 1215 avidissimo
1243 1185 1373 1225 gloriae,
1407 1188 1442 1216 et
1470 1184 1651 1216 vanissimo
1681 1185 1728 1217 lo-

1018 1245 1137 1275 quenS‚
1151 1236 1198 1266 ait
1212 1246 1219 1266 :
1245 1235 1355 1276 quibus
1378 1236 1465 1266 dicas
1479 1239 1510 1266 et
1525 1240 1559 1267 tu
1576 1240 1645 1267 cute
1658 1246 1727 1277 per-

1017 1287 1114 1318 ditus.
1155 1288 1300 1328 Proprie
1329 1287 1450 1318 vitium
1475 1287 1631 1328 corporis
1655 1288 1727 1318 haec

1017 1337 1121 1368 verba
1148 1337 1341 1377 designant,
1370 1341 1439 1368 cute
1458 1338 1618 1378 perditus:
1652 1349 1726 1380 quae

1019 1388 1070 1417 vel
1088 1387 1131 1417 de
1148 1388 1302 1419 scabioso
1325 1396 1502 1428 possumus
1519 1388 1728 1429 interpreta-

1018 1438 1056 1478 ri,
1082 1438 1136 1468 vel
1165 1438 1207 1468 de
1235 1447 1275 1469 eo
1302 1437 1359 1478 qui
1385 1447 1472 1478 aqna
1489 1437 1663 1469 intercute
1680 1439 1728 1470 la-

1018 1490 1128 1522 boret.
1185 1489 1253 1521 Sed
1283 1489 1469 1521 convitium
1497 1489 1633 1530 corpori
1658 1489 1729 1521 dic—

1019 1546 1102 1581 tum,
1123 1541 1165 1571 ad
1184 1540 1331 1571 animum
1349 1539 1471 1571 referri
1489 1539 1609 1571 debet:
1636 1541 1725 1581 quod

1017 1591 1051 1622 in
1081 1591 1237 1622 omnibus
1269 1590 1391 1630 linguis
1426 1589 1726 1622 familiarissimum

1018 1647 1081 1674 est.
1139 1642 1502 1674 Convenientissiinum
1532 1642 1598 1673 erit
1623 1642 1649 1673 si
1684 1643 1727 1674 de

1017 1693 1173 1733 hydrope
1199 1692 1362 1732 accipias.
1408 1692 1530 1733 Itaque
1546 1691 1661 1733 opinio
1677 1694 1727 1724 sui

1016 1750 1050 1775 et
1068 1745 1163 1782 οἴησις
1180 1749 1324 1775 vocatur
1342 1744 1504 1785 hydrops.
1544 1744 1725 1775 Casaub.-

1019 1798 1098 1827 Cute
1124 1796 1283 1836 perditus]
1329 1794 1522 1826 Persi-ictus
1554 1795 1725 1827 frontem:

1017 1848 1216 1888 impudens:
1259 1847 1330 1886 vel⁷
1362 1846 1490 1886 studio,
1521 1850 1581 1878 aut
1611 1847 1726 1887 etiam,

1017 1899 1112 1929 senio
1136 1902 1249 1929 cutem
1273 1897 1612 1937 cont1·actus.—Ohe]
1648 1898 1725 1928 Vox

1016 1950 1106 1980 senis
1119 1948 1320 1990 juveniliter
1336 1948 1535 1988 exultantis,
1558 1952 1593 1979 et
1610 1948 1672 1979 sibi
1690 1948 1725 1978 in

1017 1999 1176 2030 obscoeno
1202 2004 1389 2039 teneroque
1415 1998 1564 2029 carmine
1582 1999 1723 2039 applau-

1016 2049 1153 2088 dentis3
1193 2054 1227 2080 et
1256 2048 1389 2080 inducit
1419 2058 1495 2090 quie
1525 2054 1724 2091 sequnntur.

1016 2101 1154 2133 farnab.

1057 2155 1097 2183 24
1124 2152 1292 2193 Q1c0,48·c.]
1344 2151 1460 2183 Verba
1490 2155 1569 2186 sunt
1597 2151 1722 2192 Persii,

1015 2213 1128 2241 senem
1146 2204 1290 2235 Poetaui
1314 2202 1474 2244 Scoptice
1503 2202 1671 2239 vexantIS,
1688 2207 1724 2233 et

1015 2253 1103 2285 senis
1119 2263 1273 2285 caussam
1290 2253 1444 2295 Satyriee
1462 2257 1497 2284 et
1514 2253 1650 2283 Ironice
1664 2252 1721 2283 de-

1014 2304 1206 2344 fendenti55
1242 2314 1340 2346 quem
1357 2304 1434 2336 dum
1452 2303 1560 2335 videri
1578 2305 1649 2335 vult
1665 2313 1723 2334 ex-

1015 2364 1133 2386 cusare
1150 2359 1186 2385 et
1209 2354 1405 2394 defendere,
1421 2354 1655 2385 vehementius
1671 2353 1723 2393 ip-

1015 2415 1086 2437 sum
1114 2405 1280 2446 exagitat,
1312 2403 1468 2435 omnibus
1496 2402 1720 2433 deridendum

1014 2457 1187 2496 propinat.
1228 2455 1334 2488 Quasi
1348 2455 1494 2485 diceret:
1520 2453 1603 2485 Quis
1616 2452 1720 2493 igitur

1014 2504 1145 2536 fructus
1164 2504 1231 2534 erit
1256 2503 1458 2542 studiorum,
1484 2503 1510 2533 si
1528 2502 1556 2532 is
1573 2512 1639 2533 non
1656 2508 1723 2542 est,

1014 2559 1051 2585 ut
1069 2564 1128 2594 per
1142 2555 1198 2584 illu
1216 2554 1255 2584 ad
1275 2553 1397 2584 famam
1413 2557 1447 2584 et
1464 2562 1586 2583 nomen
1602 2563 1721 2593 perve-

1012 2603 1291 2643 niamus?—-Qu⁰]
1330 2603 1372 2634 Id
1404 2608 1468 2642 est,
1506 2602 1547 2633 εἷς
1583 2602 1635 2641 τίς
1677 2604 1720 2635 ad

1013 2655 1115 2697 quid?
1139 2655 1171 2685 in
1186 2665 1286 2696 quem
1300 2655 1415 2685 usum?
1448 2654 1553 2687 Quasi
1567 2655 1719 2686 diceret:

1010 2705 1167 2738 Studium
1194 2715 1289 2737 suum
1319 2704 1481 2738 Posstices
1506 2706 1635 2737 nullum
1653 2711 1718 2746 est,
