1888 3032
719 160 878 192 PssRstr

173 253 377 296 to.-Aeius]
416 256 501 289 Qnae
528 260 624 286 tanto
657 261 813 296 tempore
842 257 875 287 in

166 307 285 337 ‘animo
312 307 384 347 ejus
408 306 609 347 habitarint,
637 312 672 338 ut
693 308 766 347 jam
789 307 875 338 aviae

174 358 304 388 censeri
331 358 471 397 possint.
495 363 530 388 et
558 358 640 388 alias
671 364 771 398 atque
795 359 877 388 alias

174 407 353 448 opiniones
366 416 383 437 e
400 417 434 438 se
453 407 653 448 produxisse
671 419 679 438 ε
713 408 777 445 vet,
794 417 876 448 quas

174 467 260 498 puer
285 467 328 488 ex
347 459 418 489 avia
441 458 614 489 didicerit.
660 458 877 489 Casauhonus

174 517 238 548 per
254 513 371 540 veteres
392 510 479 540 ‹it-ias
501 509 663 549 inteiligit
684 509 877 549 opinionem

173 559 361 591 nobilitatis
384 566 419 591 et
445 560 672 599 arrogantiam
691 564 878 597 ventosam,

174 609 271 650 cujus
287 610 386 640 sedes
404 611 436 640 in
454 611 622 650 pulmone.
647 609 759 640 Lubin.

217 662 258 690 93
284 660 368 697 Non,
384 659 453 700 ὅτε]
491 658 636 690 Refutat
657 660 730 700 jam
758 659 878 690 Damae

175 709 415 749 objectionem,
441 709 532 750 quod
557 719 624 740 non
653 709 807 749 praetoris
824 711 879 749 sit,

175 757 364 790 hominibus
394 760 519 798 stultis,
535 760 748 799 sapientiam,
771 765 803 790 et
822 760 879 791 ho-

174 808 319 840 minibus
335 810 446 840 animo
462 810 582 849 servis,
595 810 794 841 libertatem
812 810 880 840 ani-

173 860 220 890 mi
238 860 440 899 concedere,
459 861 516 891 sed
543 861 732 901 sapientum
754 866 790 892 et
811 861 881 902 phi-

174 910 399 950 losophorum.
416 911 705 951 mmm—Tenum,
721 911 789 952 ἅτ]
803 912 882 942 Sce-

173 963 248 992 lera
265 966 300 991 et
328 962 454 1002 maj0ra
475 960 605 1002 flagitia
629 967 750 993 vetant
778 963 880 1002 leges.

177 1011 290 1052 Officia
305 1021 417 1050 rerum,
442 1012 476 1042 id
500 1017 563 1051 est,
592 1013 760 1043 servanda
778 1013 813 1043 in
829 1023 881 1044 re-

176 1065 240 1096 bus
271 1065 422 1105 agendis,
446 1074 513 1095 non
544 1064 668 1096 docent
694 1065 790 1105 leges
817 1065 882 1098 nisi

176 1117 368 1156 παχνμερῶς.
408 1115 608 1156 Philosophi
626 1125 706 1146 vero
721 1121 881 1148 accurate

175 1167 362 1207 explicant,
387 1176 462 1207 quae
483 1166 562 1196 boni
590 1166 652 1196 viri
677 1166 745 1196 sint
761 1164 882 1206 officia,

176 1217 210 1247 in
227 1218 318 1248 omni
331 1227 365 1248 re
379 1217 483 1248 etiam
497 1216 652 1247 minima:
680 1220 763 1256 puta
776 1216 882 1257 victu,

174 1268 313 1308 vestitu,
334 1268 474 1308 aliisque
498 1267 601 1298 etiam
629 1266 882 1297 minutioribus.

179 1317 311 1349 casaub.
356 1318 419 1348 Vel
436 1319 554 1356 tenuia,
569 1327 644 1358 quae
660 1316 832 1347 subtiliter
847 1321 883 1347 et

176 1370 421 1410 acutejustum
447 1368 490 1399 ab
505 1369 644 1409 injusto,
661 1368 822 1399 decorum
839 1367 881 1399 ab

177 1419 355 1450 inhonesto
385 1419 578 1450 discernere
610 1419 755 1458 possint.
793 1418 881 1448 Tur-

178 1469 257 1501 neb.
274 1478 337 1501 xx.
354 1473 384 1500 1.

219 1524 261 1552 94
284 1522 400 1561 Atque,
415 1521 481 1561 esa]
499 1520 540 1551 Id
553 1525 619 1559 est,
635 1519 755 1550 Artem
767 1522 804 1550 et
820 1519 884 1550 sci-

177 1572 304 1603 entiam
317 1572 530 1612 permittere,
544 1576 580 1602 et
594 1571 794 1602 concedere.
841 1570 883 1601 Id

178 1627 246 1663 est,
268 1623 448 1654 Rationem
473 1633 539 1664 qua
565 1623 685 1663 aliquis
706 1623 792 1653 sciat
819 1622 883 1653 hac

179 1674 286 1706 veloci
304 1674 374 1705 vita
389 1679 484 1705 recte
508 1673 570 1705 uti.
595 1673 710 1704 Lubin.

220 1727 260 1756 95
285 1724 481 1763 Summa-am,
496 1723 565 1764 Sym]
598 1724 714 1763 Longe
729 1722 831 1753 citius
849 1727 885 1754 et

177 1774 312 1806 facilius
338 1775 545 1812 sambucam,
562 1778 620 1804 aut
636 1773 726 1804 aliud
742 1772 885 1814 quodvis

178 1824 447 1855 Instrumentum
476 1824 658 1863 Musicum,
688 1823 770 1861 atto,
796 1832 885 1862 prae-

177 1874 310 1915 grandi,
325 1880 360 1905 et
381 1878 476 1904 vasto
498 1872 601 1904 alicui
614 1873 758 1903 militum
773 1881 884 1911 servo,

178 1928 214 1955 et
234 1924 344 1956 caloni
370 1923 445 1964 (qui
472 1928 586 1954 tamen
609 1923 778 1953 Musicam
803 1932 886 1952 uun·

178 1983 279 2015 quam
295 1973 432 2011 didicit)
445 1973 627 2014 aptaveris,
639 1979 674 2003 et
686 1973 741 2003 vel
755 1972 884 2003 asinum

179 2024 262 2065 lyrae
278 2028 314 2055 et
329 2023 452 2054 fidibus
477 2024 638 2054 canendis
664 2027 781 2063 aptum
808 2022 884 2054 red-

179 2073 564 2115 dideris.—Sambucam]
582 2075 653 2106 Nos
668 2074 817 2105 nablium
831 2074 885 2105 vel

180 2124 320 2165 harpam
349 2134 528 2156 vocamus:
563 2129 679 2166 potest
706 2125 809 2155 etiam
837 2125 885 2155 in-

180 2174 291 2214 telligi
308 2174 351 2205 de
375 2175 537 2205 Machina
565 2175 700 2214 bellica,
728 2185 804 2215 quae
832 2185 887 2215 cy-

182 2226 290 2257 tharae
315 2226 348 2256 in
373 2235 498 2256 rnorem
522 2224 660 2256 funibus
685 2225 888 2266 intenditur,

182 2285 250 2318 qua
263 2275 451 2306 utebantur
465 2275 500 2306 in
522 2275 776 2316 expugnatione
792 2276 887 2317 oppi-

181 2325 486 2365 dorum.-—Caloni]
505 2325 648 2356 Calones
659 2325 801 2357 militum
818 2336 887 2357 ser-

182 2376 227 2416 vi,
250 2377 308 2417 qui
332 2376 469 2415 vallum,
490 2385 611 2416 aquam
636 2381 672 2407 et
694 2376 785 2416 ligna
800 2375 886 2408 fere-

181 2426 286 2458 bant:
320 2427 418 2456 κᾶλον
442 2427 531 2457 enim
557 2426 683 2467 lignum
706 2426 886 2467 signifieat.

183 2477 316 2517 —A1t0]
334 2477 501 2517 Procero,
516 2478 628 2518 longo,
641 2483 677 2509 et
690 2477 806 2510 bardo.
830 2478 887 2509 Illi

183 2527 274 2558 enim
298 2528 412 2569 magni
439 2528 639 2570 plerumque
669 2528 886 2570 stupidiores.

186 2578 285 2609 Idem.

227 2629 270 2658 96
290 2628 378 2668 Stat,
393 2630 460 2670 εμπ]
495 2629 620 2661 Sensus
635 2634 705 2662 est:
730 2630 822 2664 Quin
838 2630 887 2671 ip-

185 2686 223 2708 sa
236 2677 340 2708 etiam
355 2678 500 2710 humana
513 2679 600 2710 ratio
616 2685 736 2711 contra
755 2684 837 2721 stat,
851 2685 888 2712 et

184 2731 361 2771 repugnat,
386 2732 423 2761 et
451 2730 635 2774 unicuique
659 2731 694 2763 in
720 2736 887 2765 secretam

943 160 1047 191 sm.
1081 161 1125 192 v.
1545 151 1630 192 265

928 263 1040 287 aurem
1059 256 1164 287 tacite
1179 255 1309 296 gannit,
1325 259 1360 286 et
1376 254 1575 295 insusurrat,
1589 265 1631 286 ne

929 307 1011 338 illud
1037 307 1152 339 facere
1182 308 1339 348 cuiquam
1374 308 1492 345 liceat,
1523 310 1558 337 et
1588 312 1630 337 ne

930 357 1003 397 quis
1035 357 1116 388 illud
1151 363 1274 394 tentet,
1301 357 1388 397 quod
1421 357 1564 395 ignorat,
1596 362 1632 387 et

930 416 1100 448 nunquam
1117 407 1246 442 didicit,
1265 413 1299 437 et
1316 407 1406 448 quod
1429 407 1455 437 si
1473 406 1546 447 quis
1560 410 1632 437 ten-

930 463 980 488 tet
999 468 1112 498 agere,
1130 458 1213 488 illud
1232 459 1363 498 agendo
1381 457 1525 487 vitiabit.
1571 457 1633 487 Est

930 510 1017 539 enim
1030 511 1158 548 gunnio,
1175 511 1322 550 vulpium
1342 510 1526 549 proprium.
1565 507 1633 538 Hic

931 570 992 600 pro
1007 568 1142 592 secreto
1159 562 1330 599 admonet,
1345 567 1380 591 et
1394 562 1425 591 in
1443 569 1558 590 aurem
1574 559 1634 589 im-

929 617 1118 641 murmurat
1134 617 1169 642 et
1189 613 1387 642 insusurrat.
1411 611 1523 641 Lubin.

972 664 1012 692 97
1033 662 1133 700 Quod,
1149 661 1216 701 δικ]
1242 662 1387 702 Egregie
1405 661 1512 690 dixit:
1533 659 1634 692 Quod

931 712 1003 751 quis
1019 712 1152 752 agendo
1168 713 1389 751 contaminat,
1413 717 1447 742 et
1463 709 1581 749 flectat,
1599 715 1636 740 ut

931 763 958 792 si
974 763 1130 793 Medicus
1143 762 1276 793 fabrilia
1290 768 1429 794 tractet.
1459 761 1514 792 Ita
1530 761 1635 792 etiam

931 813 1078 852 Praetor,
1104 814 1130 844 si
1152 815 1223 854 ipse
1247 813 1336 845 forte
1364 814 1500 852 stultus,
1524 812 1636 843 stultis

932 864 1135 904 sapientiam
1160 869 1302 895 conetur
1327 864 1508 904 impartiri.
1535 863 1634 894 Idem.

974 917 1016 946 98
1041 915 1171 946 Publica
1195 915 1261 955 lex]
1300 915 1443 945 Publica
1465 914 1635 944 bominum

931 965 987 995 lex
1011 974 1077 995 non
1095 966 1237 1005 scripta,
1266 964 1327 995 sed
1352 965 1526 995 nobiscum
1545 968 1637 1001 nata,

932 1020 967 1045 et
994 1014 1068 1055 ipsa
1091 1020 1213 1045 natura
1235 1015 1299 1045 hoc
1324 1014 1388 1053 fas,
1412 1014 1445 1044 id
1471 1019 1534 1050 est,
1551 1014 1636 1044 hanc

926 1065 1096 1106 justitiam
1128 1070 1164 1096 et
1189 1065 1387 1106 aequitatem
1418 1064 1573 1095 continet
1602 1068 1637 1095 et

933 1116 1116 1158 unicuique
1144 1117 1303 1155 dictitat3
1341 1122 1378 1148 ut
1409 1116 1638 1157 unusquisque

934 1172 1042 1198 artem
1060 1178 1160 1208 quam
1186 1168 1317 1207 didicit,
1338 1167 1639 1198 exerceat.—C071-

932 1218 1025 1258 tinet]
1059 1219 1098 1249 In
1116 1229 1151 1250 se
1165 1219 1416 1260 complectitur.
1436 1218 1550 1249 Lubin.

976 1271 1018 1299 99
1046 1269 1102 1308 Ut,
1117 1269 1186 1309 ssa]
1222 1270 1364 1300 Naturae
1386 1269 1536 1309 gentium
1556 1268 1638 1308 jure

934 1320 1161 1350 constitutum
1179 1325 1244 1359 est,
1266 1324 1303 1350 ut
1319 1320 1428 1350 debilis
1442 1320 1567 1350 inscitia
1583 1328 1639 1349 eu-

928 1369 1120 1411 juscunque
1153 1371 1235 1401 artis
1256 1371 1447 1411 imperitus,
1475 1375 1511 1400 et
1534 1378 1639 1410 prop-

934 1424 1031 1450 terea
1043 1421 1209 1460 impotens
1225 1421 1265 1451 ad
1278 1421 1369 1451 illam
1387 1420 1612 1451 exercendam
1631 1430 1638 1449 :

933 1479 1010 1500 nam
1027 1471 1200 1510 imperitia
1216 1470 1365 1509 ἀδυναμία
1386 1471 1540 1512 quaedam
1563 1474 1615 1502 est
1631 1481 1640 1508 ;

934 1523 1037 1551 teneat
1052 1522 1176 1559 vetitos,
1190 1521 1223 1551 id
1241 1526 1306 1558 est,
1325 1522 1452 1552 habeat
1476 1531 1539 1562 pro
1555 1521 1640 1552 veti-

936 1570 978 1601 tis
1005 1580 1045 1601 ac
1075 1571 1139 1601 sibi
1170 1571 1362 1603 interdictis
1391 1575 1477 1602 actus
1507 1581 1641 1612 nempe,

936 1631 1020 1662 quos
1037 1622 1155 1653 nescit.
1181 1622 1494 1662 Casaub.—Teneat]
1518 1622 1558 1653 Id
1575 1627 1641 1661 est,

936 1672 1123 1711 contineat,
1147 1672 1311 1710 inhibeat,
1327 1677 1363 1703 et
1378 1673 1471 1713 quasi
1497 1681 1642 1703 remore-

936 1727 1012 1760 tur;
1038 1727 1074 1753 et
1089 1722 1214 1763 malim,
1232 1724 1275 1754 Ut
1287 1726 1403 1761 teneat,
1420 1723 1642 1754 substituere.

935 1773 1105 1804 —Vetitos
1131 1773 1231 1812 actus]
1262 1773 1444 1812 Subiimes,
1472 1772 1642 1813 difficiles,

936 1823 1003 1853 tuis
1016 1823 1164 1853 humeris
1181 1827 1217 1853 et
1227 1823 1355 1854 viribus
1372 1823 1530 1863 majores,
1547 1827 1582 1854 et
1599 1823 1641 1854 ob

937 1873 1161 1913 ignorantiam
1173 1872 1434 1912 tibiprohibitos
1452 1878 1487 1903 et
1504 1873 1640 1904 vetitos.

937 1923 1035 1954 Idem.

980 1976 1042 2004 100
1066 1973 1268 2013 Βίῑιιὶε,ὅ)τ.]
1309 1974 1495 2005 Confirmat
1514 1975 1643 2016 superi-

936 2033 1027 2054 orem
1052 2024 1318 2064 propositionem
1344 2026 1453 2056 adhuc
1479 2025 1641 2056 similibus

937 2073 978 2104 ab
1003 2078 1077 2104 arte
1099 2074 1244 2113 medica,
1260 2079 1294 2105 et
1316 2085 1434 2106 navem
1460 2076 1642 2116 agendi.—

936 2122 1058 2162 Dituis]
1095 2124 1179 2154 Cum
1197 2124 1268 2154 aliis
1284 2125 1470 2164 pharmacis
1488 2126 1642 2157 commis-

937 2184 994 2205 ces
1011 2179 1047 2205 et
1060 2176 1480 2216 temperas—Elleborum]
1505 2177 1580 2208 Quo
1594 2176 1643 2206 in-

937 2235 1037 2256 sanus
1056 2226 1108 2256 vel
1122 2232 1267 2266 aegrotus
1284 2234 1460 2267 purgetur.
1492 2227 1560 2257 Hic
1579 2235 1643 2267 pro

938 2276 1056 2317 quovis
1073 2276 1321 2308 medicamento
1338 2278 1643 2319 ponitur.—Certo‚

937 2327 1006 2367 ξω]
1018 2327 1095 2357 Non
1113 2327 1155 2357 ad
1169 2327 1341 2367 trutinam,
1356 2328 1414 2359 sed
1425 2328 1466 2359 ad
1480 2333 1643 2360 stateram

937 2377 1066 2416 retulit,
1078 2387 1153 2417 quae
1164 2378 1299 2418 punctis
1312 2382 1347 2409 et
1359 2379 1466 2409 unciis
1476 2379 1642 2420 signatur.

943 2427 1012 2458 Vet.
1030 2427 1335 2468 Sch.—-Certo‚25-c.]
1368 2429 1524 2470 Metaph.
1543 2440 1562 2460 a
1578 2435 1644 2461 sta-

938 2483 1024 2510 tera.
1070 2478 1110 2509 Id
1127 2484 1191 2518 est,
1214 2478 1333 2510 debito
1358 2481 1522 2520 pondere,
1551 2490 1644 2510 men-

938 2539 1029 2568 sura,
1044 2533 1079 2560 et
1094 2529 1329 2570 proportione,
1344 2531 1384 2560 ad
1410 2535 1571 2560 stateram
1587 2539 1643 2559 ex-

939 2580 1099 2619 aminata,
1128 2589 1172 2611 ne
1202 2581 1276 2620 plus
1308 2580 1459 2610 minusve
1495 2579 1642 2610 medica-

937 2631 1056 2670 menti,
1078 2640 1179 2671 quam
1207 2639 1270 2669 par
1297 2633 1360 2667 est,
1385 2633 1513 2668 aegroto
1531 2629 1643 2670 propi·

936 2678 1268 2719 nes—Compescere]
1302 2677 1524 2719 Temperare,
1540 2678 1643 2712 corri-

937 2739 1031 2772 gere,
1047 2728 1238 2762 emendare,
1261 2725 1372 2760 hubin.
