1888 3032
708 144 891 177 sAfflRA
926 147 968 176 v.
1488 139 1575 183 115

112 236 387 279 Excutienda
401 237 558 280 damus
578 239 847 292 praecordia:
881 243 1125 295 quantaque
1141 246 1302 285 nostrae

111 304 224 346 Pars
242 308 318 346 tua
336 305 407 356 sit,
430 304 634 356 Comute,
656 306 831 356 animae,
854 308 947 358 tibi,
970 307 1111 349 dulcis
1132 311 1286 361 amice,

111 371 367 414 Ostendisse
381 374 527 428 juvat.
588 374 744 425 Pulsa,
765 375 1017 427 dignoscere
1040 379 1209 428 cautus,

112 437 231 489 Quid
247 441 435 482 solidum
455 445 618 496 crepet,
636 445 680 482 et
700 441 833 494 pictae
854 442 1037 483 tectoria
1054 442 1232 495 linguae.

112 505 202 547 His
221 521 302 560 ego
323 512 526 550 centenas
543 509 683 550 ausim
705 507 942 562 deposcere
960 521 1110 559 voces,

1513 447 1571 490 25

112 641 259 680 Cor-riute,
274 644 441 674 amicorum
455 644 645 684 suavissime,
661 649 774 686 quantu
787 656 862 686 pars
876 647 973 678 animi
989 647 1048 677 mei
1063 651 1117 678 tua
1132 649 1185 680 sit.
1210 650 1327 690 Tange,
1342 655 1379 681 tu
1396 652 1454 692 qui
1471 661 1505 682 es
1517 663 1573 693 pce

108 685 189 717 ritus
203 687 363 728 explorare
376 687 449 727 quid
464 687 620 726 integrum
636 692 768 728 resonet,
791 693 820 720 et
835 690 1047 721 simulationes
1060 689 1181 729 fucatae
1197 692 1323 731 Iinguoe.
1369 695 1420 724 Ad
1435 695 1499 726 liaec
1516 705 1573 736 ego

723 783 957 797 eeeeeeeeeeee

113 836 370 868 &mahom—25
397 837 474 868 Non
498 836 723 870 dubitandum
740 839 888 879 videtur,
915 841 996 881 quin
1017 840 1092 871 haec
1109 850 1192 871 vera
1209 841 1251 872 sit
1268 842 1390 880 lectio;
1415 852 1481 874 non
1497 854 1575 884 pos·

111 888 184 910 sum
203 885 314 910 tamen
329 880 609 921 praetermittere,
623 881 712 922 quod
730 882 843 913 inveni
860 883 893 913 in
911 883 1018 913 tribus
1034 884 1277 924 antiquissimis
1293 883 1495 916 Codicibus:
1514 888 1574 918 ubi

111 931 240 952 summo
256 932 422 953 consensu
435 923 585 963 plectoria
602 924 768 964 scriptum
795 935 857 965 pro
879 926 1029 956 tectoria:
1053 935 1094 956 an
1112 926 1173 956 sub
1190 926 1312 957 mendo
1336 928 1572 960 manifestario

110 964 219 995 lateat
234 964 376 1006 aliquid,
393 966 548 1006 cogitent
564 966 669 997 docti.
696 967 868 999 Casaubon.
903 968 1040 998 tentoria
1063 968 1129 999 ΜΒ.
1152 969 1281 999 R.—26
1306 969 1370 1000 Hic
1390 969 1575 1009 praeferunt

112 1007 183 1045 alii,
199 1008 290 1038 nulla
308 1010 489 1039 sententiae
506 1009 693 1040 mutatione
708 1021 715 1040 ;
743 1011 906 1049 Ceuteuas,
924 1011 951 1040 si
970 1011 1060 1049 legas
1075 1010 1135 1050 his,
1151 1011 1229 1051 erit,
1246 1011 1288 1041 ad
1307 1012 1437 1052 singula
1454 1013 1573 1045 horum

112 1054 230 1090 optare
254 1060 320 1082 non
338 1050 518 1083 dubitarim
534 1056 672 1083 centum
696 1062 816 1084 voces:
843 1054 869 1084 si
885 1053 1054 1085 scribatur
1069 1053 1118 1084 hic
1134 1063 1195 1095 pro
1220 1059 1356 1086 centum
1376 1055 1575 1096 simpliciter

771 1140 912 1171 NOTAE

153 1202 195 1231 22
234 1201 433 1234 Excutienda
475 1204 583 1234 damus
624 1204 812 1245 praecorclia]

109 1250 276 1293 Adeoque
319 1253 455 1285 intimos
501 1254 613 1285 cordis
658 1264 814 1286 recessus

111 1302 249 1342 aperio:
275 1312 475 1343 expressum
499 1304 577 1336 vide
601 1305 635 1335 in
660 1305 813 1345 pauculis

868 1204 976 1236 sessor
992 1214 1032 1236 eo
1050 1209 1203 1245 tempore
1217 1203 1470 1244 celeberrimus,
1483 1209 1573 1237 teste

868 1257 1035 1288 Eusebio:
1060 1256 1115 1297 qui
1132 1266 1151 1287 a
1169 1256 1308 1287 Nerone
1324 1256 1442 1287 missus
1456 1257 1486 1286 in
1505 1257 1578 1288 exi·

868 1307 963 1347 lium,
988 1316 1028 1338 eo
1047 1306 1137 1348 quod
1154 1306 1227 1347 ejus
1250 1307 1378 1348 scripta
1394 1308 1576 1347 reprehen-

110 1351 300 1392 vex-siculis,
319 1354 407 1394 quod
423 1354 552 1386 dudum
572 1356 660 1387 latet
674 1356 815 1396 impres-

111 1410 184 1432 sum
199 1402 233 1432 in
248 1403 350 1433 animi
366 1404 431 1434 mei
448 1405 694 1445 penetralibuS.

157 1451 342 1492 Quantaque
364 1457 479 1484 nostrae
502 1464 576 1494 pars
591 1458 646 1485 tua
661 1455 715 1494 sit,
740 1455 815 1485 Cor-

110 1506 196 1542 παῖε,
223 1502 351 1543 animoe]
397 1504 574 1536 Sententia
603 1505 675 1536 haec
703 1510 816 1537 tracta

114 1557 167 1585 est
190 1563 209 1584 a
225 1553 437 1594 Pythagora,
463 1555 574 1596 inquit
589 1559 687 1586 vetus
705 1555 815 1586 Gloss.

113 1603 272 1635 nimirum
288 1603 369 1645 quia
385 1604 597 1645 Pythagoras
613 1604 727 1636 aiebat
740 1604 818 1636 ami-

113 1663 190 1686 cum
203 1663 277 1686 esse
293 1654 438 1686 alterum
455 1655 616 1696 seipsum.
661 1655 707 1686 Et
721 1654 817 1686 Anti-

113 1704 172 1745 qui
187 1704 347 1736 dicebant
374 1705 557 1737 amicitiam
579 1715 653 1737 esse
671 1705 818 1737 animam

113 1763 214 1785 unam
242 1754 278 1785 in
302 1754 435 1786 duobus
463 1755 672 1796 corporibus.
717 1755 818 1787 Unde

114 1804 219 1836 Ovid.
241 1804 284 1836 de
312 1805 439 1836 Oreste
467 1810 504 1836 et
527 1806 660 1847 Pylade
684 1806 818 1846 scribit,

114 1855 124 1872 ‘
137 1854 205 1888 Qui
221 1854 289 1886 duo
306 1855 520 1896 corporibus,
544 1855 717 1887 mentibus
734 1865 819 1887 unus

115 1904 238 1936 erant!
275 1904 442 1935 Horatius
457 1904 501 1935 de
517 1904 664 1945 Virgilio
680 1905 740 1945 ait,
756 1905 777 1935 l.
792 1914 817 1935 1.

116 1954 184 1987 od.
201 1957 231 1985 3.
257 1955 324 1986 ‘Et
353 1964 467 1985 serves
497 1954 617 1985 animae
643 1954 819 1986 dimidium

113 2003 224 2036 meae?
278 2004 312 2035 S.
353 2003 540 2044 Gregorius
580 2004 818 2036 Nazianzenus

114 2063 210 2086 suam
235 2064 312 2085 cum
341 2054 386 2085 D.
404 2054 530 2086 Basilio
549 2054 820 2087 familiaritatem

117 2104 270 2144 appellat
285 2103 473 2143 συμψυχίαν.
497 2105 543 2136 Et
558 2105 593 2136 S.
612 2104 822 2145 Augustinus

117 2153 331 2186 Confession.
372 2163 422 2186 ιν.
451 2158 484 2186 6.
522 2155 565 2186 de
603 2155 711 2186 amico
746 2165 820 2196 suo,

116 2204 237 2235 similia
251 2204 314 2243 his,
329 2204 430 2235 immo
446 2204 528 2245 quid
552 2206 662 2245 majus
684 2205 822 2237 videtur

116 2255 254 2295 dixisse,
270 2255 329 2286 nbi
353 2255 421 2286 ait:
447 2256 558 2286 ‘sensi
582 2265 645 2296 ego
674 2257 821 2287 animam

116 2315 228 2337 meam
244 2310 280 2337 et
305 2306 451 2337 animam
477 2306 565 2336 illius
588 2316 689 2337 unam
716 2305 820 2338 fuisse

117 2356 263 2388 animam
297 2356 331 2387 in
359 2357 492 2388 duobus
525 2357 722 2398 corporibus
741 2369 748 2388 :
786 2363 821 2389 et

115 2406 194 2438 ideo
211 2407 267 2449 (eo
284 2411 392 2438 morte
410 2406 561 2448 sublato)
585 2408 664 2438 mihi
688 2408 820 2439 horrori

117 2457 189 2488 vita
204 2461 292 2498 erat,
313 2458 391 2498 quia
418 2458 575 2489 nolebam
599 2458 757 2489 dimidius
774 2458 820 2489 vi·

116 2516 220 2546 vere3
244 2513 279 2539 et
294 2508 372 2539 ideo
389 2507 481 2539 forte
496 2509 597 2540 morti
614 2509 819 2549 metuebam,

117 2566 162 2587 ne
177 2561 269 2589 totus
296 2559 352 2589 ille
379 2563 581 2600 moreretur,
607 2569 708 2600 quem
734 2560 817 2590 mul-

119 2609 190 2637 tum
208 2609 422 2640 amaveram.’

160 2657 202 2686 23
221 2659 371 2698 θοι-παῦε]
394 2658 541 2692 Annaeus
556 2661 724 2692 Cornutus
737 2661 820 2692 Per-

121 2704 163 2740 aii
177 2707 350 2750 magister,
361 2711 487 2744 Stoicae
499 2713 727 2755 Philosophiae
738 2714 821 2746 Pro-

870 1356 988 1388 disset.

912 1409 953 1437 24
978 1406 1089 1446 Pulsa]
1134 1406 1257 1448 Digito
1283 1411 1438 1447 percute,
1455 1412 1491 1438 et
1516 1417 1574 1439 ex-

870 1457 967 1496 plora
981 1466 1089 1487 meam
1107 1462 1275 1488 mentem:
1293 1457 1381 1488 sicut
1398 1459 1577 1499 exploran-

873 1512 928 1537 tur
943 1505 1072 1544 fictilia,
1096 1516 1177 1538 num
1201 1507 1307 1538 solida
1335 1508 1403 1539 sint
1428 1514 1464 1540 et
1490 1509 1576 1540 inte-

872 1567 943 1598 gra.

915 1608 955 1637 25
982 1604 1067 1641 Quid
1090 1605 1221 1636 solidum
1235 1607 1355 1648 erepet]
1400 1609 1576 1641 Discernis

873 1656 962 1687 enim
996 1655 1077 1697 quid
1106 1666 1238 1696 verum,
1270 1658 1353 1698 quid
1386 1657 1504 1690 fictum
1542 1664 1580 1691 et

871 1706 1075 1738 simulatum.
1099 1706 1197 1738 Pers.
1209 1707 1280 1739 Sat.
1294 1716 1351 1739 111.
1368 1707 1504 1740 dixerat
1519 1719 1578 1740 vas

872 1766 1067 1798 percussum
1088 1766 1210 1789 sonare
1232 1762 1267 1788 et
1288 1757 1441 1790 indicare
1458 1759 1578 1791 vitium

873 1817 970 1838 suum
1004 1808 1141 1847 maligne
1176 1809 1382 1848 respondendo
1392 1820 1405 1847 ;
1442 1810 1497 1841 hic
1531 1811 1580 1842 ait

873 1857 1043 1898 integrum
1060 1866 1117 1889 vas
1135 1857 1300 1897 dignosci,
1312 1859 1408 1890 solide
1419 1861 1580 1900 crepando.

916 1907 1021 1937 Pictae
1045 1907 1177 1937 tectoria
1205 1907 1337 1947 linguae]
1382 1908 1580 1940 Incrustata

875 1966 956 1988 auro
970 1961 1084 1988 statua
1098 1957 1226 1997 lignum
1240 1962 1299 1988 aut
1314 1957 1464 1998 lapidem
1479 1959 1582 1999 celat,

875 2006 924 2037 sic
954 2010 990 2037 et
1016 2005 1191 2038 urbanitas
1218 2007 1380 2038 sermonis
1406 2013 1443 2039 et
1469 2009 1579 2041 oratio

875 2057 977 2098 plena
1003 2057 1156 2098 obsequii
1181 2057 1268 2098 tegit
1299 2068 1391 2099 saepe
1416 2058 1581 2091 invidiam

875 2114 911 2144 et
927 2110 1042 2147 odium
1056 2110 1167 2141 animo
1183 2110 1408 2142 reconditum.
1443 2111 1581 2152 Legunt

876 2160 1029 2191 nonnulli
1052 2160 1216 2201 plectoria,
1244 2161 1280 2192 id
1310 2165 1376 2202 est,
1404 2161 1581 2193 involucra

875 2210 936 2241 ἀπὸ
950 2211 1006 2241 τοῦ
1020 2209 1159 2250 πλέκειν,
1176 2210 1344 2252 inquiunt.
1371 2211 1438 2242 Sed
1454 2221 1578 2253 apage.

876 2261 1053 2293 Juvenalis
1069 2261 1157 2291 enim
1178 2261 1249 2292 Sat.
1268 2269 1319 2291 vr.
1347 2261 1504 2292 Persium
1528 2271 1581 2293 se-

876 2316 974 2343 cutus
1003 2311 1134 2351 scribit,
1167 2311 1344 2342 ‘Tandem
1371 2313 1483 2353 aperit
1509 2314 1582 2344 vul-

877 2366 960 2401 tum,
978 2366 1014 2393 et
1032 2362 1178 2393 tectoria
1202 2362 1310 2402 prima
1326 2363 1488 2404 reponit?
1533 2365 1580 2395 Et

875 2411 910 2443 S.
933 2411 1146 2453 Augustinus
1170 2412 1213 2443 ad
1237 2413 1458 2445 Volusianum
1491 2413 1581 2445 affir-

875 2466 946 2493 mat
961 2462 1103 2493 Sanctas
1120 2462 1269 2494 Litteras
1291 2464 1300 2479 ‘
1314 2473 1383 2494 rem
1406 2474 1478 2494 esse
1503 2463 1580 2494 soli-

877 2511 953 2543 dam
968 2516 1005 2543 et
1021 2512 1205 2550 sinceram;
1222 2523 1288 2544 non
1301 2512 1417 2544 fucata
1432 2513 1579 2553 eloquia,

873 2572 937 2594 nec
954 2563 1022 2595 ullo
1038 2563 1162 2604 linguae
1180 2564 1324 2594 tectorio
1342 2564 1440 2593 inane
1453 2562 1579 2604 aliquid

875 2623 913 2644 ac
929 2613 1113 2654 pendulum
1129 2613 1326 2653 crepitare.’

917 2667 959 2695 26
969 2664 1032 2694 His
1040 2674 1096 2703 ego
1104 2667 1256 2702 centenas,
1262 2662 1328 2702 ἔμκ]
1337 2663 1506 2694 Centenas
1514 2671 1578 2704 ego

875 2724 977 2746 voces
989 2719 1164 2754 exoptem,
1175 2713 1217 2744 ad
1233 2721 1286 2744 me
1302 2716 1438 2753 gratum
1452 2722 1532 2755 erga
1542 2719 1577 2745 te
