1888 3032
245 111 304 152 78

768 119 812 147 A.
848 115 1008 146 PERSll
1044 116 1218 147 FLAcci

245 215 358 266 Quae
381 220 502 270 pater
523 213 726 256 adductis
747 212 914 253 sudans
934 211 1108 253 audiret
1133 213 1308 255 amicis:

242 284 372 325 Jure:
404 284 561 324 etenim
581 281 625 322 id
647 293 878 330 summum,
900 280 1004 334 quid
1029 280 1192 321 dexter
1212 281 1334 322 senio
1355 281 1494 334 ferret,

238 378 388 419 proximi,
403 379 490 408 valde
504 376 688 408 (estimanda
703 386 721 406 a
735 378 920 416 proeceptore
933 385 1050 413 severo,
1067 385 1138 416 quae
1161 385 1275 416 parens
1289 385 1383 407 mens
1409 379 1548 408 sudorem
1566 377 1714 409 emittens

240 422 428 452 auscultaret
453 420 625 450 conuocatis
646 418 873 457 familiaribus.

866 492 982 503 eeeeee

921 420 1006 450 Num
1032 420 1109 449 illud
1137 419 1248 450 merito
1268 419 1459 460 praecipuum
1481 423 1548 451 erat
1573 421 1655 451 mihi
1682 422 1716 452 iu

985 492 1102 503 σσσσσσ

243 538 330 570 Edd.
371 538 502 568 Discere
524 536 562 569 ab
589 538 714 568 insano:
745 537 785 569 C.
811 536 915 568 habet
946 537 1049 568 dicere
1079 541 1109 568 et
1142 537 1348 568 insana—48
1383 546 1498 568 summo
1528 537 1597 568 Ms.
1634 538 1712 570 Gal.

909 612 1048 644 NOTAE

243 673 345 704 Forte
375 676 410 702 et
438 671 614 704 ,Iuvenalis
646 671 694 702 ait
721 671 776 702 hic
808 670 949 702 Catonis

243 723 348 754 verba
385 723 529 752 multum
568 721 740 753 laudanda
774 730 793 751 a
823 722 952 762 Magis-

243 778 310 811 tro,
357 777 394 803 ut
420 782 526 813 puero
565 772 692 803 animos
730 772 874 803 adderet
911 782 950 803 ac

240 824 407 856 stimulos:
425 833 513 862 nam,
525 828 563 853 ut
579 823 627 854 ait
640 822 767 855 Ovid.‘
785 822 950 854 Laudata-

242 884 308 916 que
338 874 446 905 virtus
486 874 635 912 Crescit3
670 879 706 905 et
747 874 948 905 immensum

241 925 349 967 gloria
364 926 475 956 calcar
491 925 623 955 habet!

283 979 325 1007 47
361 976 440 1011 Qnae
461 979 551 1016 pater
577 975 734 1015 adductis]
766 976 946 1007 Declama-

240 1026 324 1058 bant
337 1026 433 1066 pueri
447 1031 544 1057 sexta
554 1035 687 1067 quaque
701 1025 946 1066 die‚praesente

241 1082 351 1117 patre,
368 1077 425 1118 qui
449 1079 577 1108 amicos
599 1082 635 1107 et
659 1082 821 1117 cognatos
844 1077 877 1106 in
902 1077 948 1107 lu-

241 1128 321 1159 dum
337 1132 535 1167 corrogatos
549 1127 742 1158 adducebat
755 1127 797 1157 ad
813 1127 948 1158 audien-

240 1179 320 1209 dum
347 1177 465 1209 filium.
513 1178 599 1209 Vide
624 1178 768 1211 Quintil.
794 1187 831 1209 ir.
859 1181 889 1209 7.
913 1183 949 1210 et

241 1237 279 1260 X.
296 1232 328 1259 5.

283 1279 419 1320 Sudans]
451 1279 530 1309 Prae
559 1278 692 1317 laetitia,
721 1282 756 1309 et
787 1282 948 1319 expecta-

239 1329 331 1360 tione
349 1329 480 1360 solicita
495 1334 639 1360 eventus
658 1329 882 1360 recitationis.

281 1382 323 1411 48
339 1381 434 1421 Jure]
458 1380 605 1413 Quidam
622 1381 675 1411 hic
692 1385 855 1421 separant
872 1390 946 1411 sen-

238 1440 328 1461 sum:
354 1431 409 1461 alii
434 1432 586 1471 jungunt
617 1441 735 1462 vocem
763 1431 849 1461 hanc
867 1440 944 1462 cum

237 1481 470 1522 sequentibus.
531 1482 672 1513 Utrovis
709 1481 809 1512 modo
842 1482 946 1522 legas,

238 1531 381 1571 perinde
409 1536 479 1569 θεῖς
516 1541 650 1571 semper
673 1532 760 1562 enim
780 1532 945 1571 puerilem

239 1590 374 1611 sensum
401 1582 666 1620 animadverteS,
684 1582 741 1622 qui
772 1582 853 1612 nihil
882 1582 945 1612 sibi

238 1632 326 1663 tanti
343 1632 594 1670 aestimandum,
612 1633 714 1662 immo
732 1638 801 1663 tam
832 1632 944 1671 legiti-

238 1691 329 1712 mum
355 1681 438 1711 nihil
468 1681 656 1718 existimat,
671 1691 771 1722 quam
796 1682 943 1721 pueriles

236 1740 338 1762 nosse
353 1731 449 1762 ludos
467 1731 508 1762 ad
527 1732 697 1771 amussim,
721 1732 943 1772 ludorumque

239 1781 346 1822 leges.

283 1832 369 1867 Quid
393 1834 503 1863 dexter
528 1832 611 1863 senio
629 1831 746 1873 ferret,
772 1831 861 1863 Scire
876 1835 944 1863 erat

235 1882 270 1913 in
298 1883 383 1923 volo]
423 1884 606 1924 Praecipua
637 1884 715 1913 inihi
747 1893 943 1924 summaque

237 1939 313 1965 erat
343 1943 438 1971 cura,
461 1934 548 1965 scire
578 1934 658 1974 quid
686 1940 840 1973 noceret,
862 1934 942 1975 quid

237 1984 415 2024 prodesset
445 1984 478 2014 in
510 1984 589 2014 ludo
617 1984 771 2014 talorum.
842 1984 944 2015 Libet

235 2033 441 2073 investigare
466 2034 541 2074 quis
579 2034 676 2074 liujus
710 2034 779 2064 ludi
816 2035 942 2074 primus

237 2088 370 2114 auctor.
419 2084 484 2113 Hic
514 2084 643 2114 sustine
673 2094 726 2114 me
763 2085 942 2122 tantulum,

236 2133 324 2164 bone
341 2133 462 2164 lector.
509 2135 710 2175 Quanquam
728 2135 814 2165 enim
831 2135 941 2174 pruri-

235 2184 309 2215 enti
335 2184 539 2224 ardentique
556 2185 643 2225 stylo
659 2184 796 2215 modum
813 2193 940 2224 ponere

237 2244 277 2264 ac
305 2233 444 2265 fraenum
462 2234 605 2274 injicere
623 2235 798 2273 consuevi,
814 2240 850 2266 at
868 2235 941 2275 jam

235 2284 405 2314 exultanti
435 2294 496 2324 per
511 2294 678 2315 amoenum
702 2294 859 2325 campum
884 2285 944 2315 las-

236 2333 446 2374 civientique
477 2334 625 2365 habenas
656 2335 780 2366 laxabo
818 2336 942 2375 paulis-

235 2392 310 2423 per.
355 2384 447 2414 Ecce
466 2393 543 2413 vero
560 2384 665 2424 (quod
679 2385 824 2414 faustum
842 2384 939 2415 felix-

236 2441 304 2474 que
320 2432 380 2471 sit)
414 2434 495 2464 Dux
519 2433 726 2473 Burgundiae
755 2436 859 2465 natali
883 2435 938 2465 die

236 2483 302 2514 toti
332 2483 454 2514 Galliae
481 2482 603 2513 festiva
633 2493 790 2523 mappam
822 2485 938 2515 mittit.

236 2534 334 2574 Ergo
359 2537 479 2573 aperto
505 2533 616 2563 stadio
646 2533 751 2564 libere
781 2533 940 2564 decurra-

237 2593 321 2615 mus.
379 2585 442 2624 Tu,
471 2585 591 2622 lector,
621 2583 756 2614 interim
785 2584 867 2615 sede
904 2584 940 2615 in

236 2640 430 2675 scammate,
460 2635 504 2666 sis
534 2634 636 2666 etiam
663 2633 889 2674 Aristarchus,
913 2635 940 2666 si

235 2684 347 2716 lubet:
373 2694 435 2725 ego
452 2695 532 2717 sane
549 2691 617 2717 tam
631 2684 813 2717 fortunatis
829 2686 940 2727 auspi-

1006 670 1066 701 ciis
1091 671 1174 702 nihil
1202 681 1267 702 non
1287 671 1438 713 tentabo,
1461 671 1543 702 nihil
1560 681 1625 702 non
1649 681 1717 703 mo-

1005 721 1081 760 liar,
1098 721 1322 762 Agonotheta
1349 723 1477 763 Magno
1501 723 1610 763 Rege,
1633 723 1715 753 Del-

1007 771 1181 813 phinoque
1198 772 1429 803 Serenissimo.
1453 773 1550 811 Quis,
1566 773 1714 814 inquam,

1007 823 1153 853 talorum
1167 823 1346 853 inventor?
1380 822 1422 853 Id
1435 828 1596 862 arrogant
1612 827 1714 864 atque

1007 873 1201 904 attribuunt
1224 873 1280 904 alii
1301 873 1385 911 aliis,
1402 873 1559 914 inquiunt
1576 873 1717 904 nonnul-

1002 924 1024 954 li
1042 934 1050 961 ;
1077 924 1178 955 Plato
1199 924 1329 955 Theuti
1347 923 1586 964 AEgyptiorum
1612 924 1688 955 Deo
1704 935 1711 955 z

1001 974 1181 1005 Palamedi
1222 975 1423 1005 Eustathius
1465 980 1568 1016 atque
1598 975 1714 1006 Philo-

1002 1028 1153 1055 stratus:
1194 1024 1297 1065 Lydis
1328 1025 1538 1058 Herodotus,
1582 1026 1712 1056 Verum

1002 1075 1175 1105 enimvero
1202 1075 1294 1115 ipsos
1333 1075 1503 1106 Auctor-es
1541 1075 1712 1113 adeamus,

1002 1125 1263 1165 audiamusque:
1289 1134 1399 1166 neque
1417 1125 1491 1165 plus
1505 1126 1586 1156 satis
1600 1126 1712 1157 Inter-

1002 1176 1157 1215 pretibus
1174 1175 1259 1206 fides
1283 1176 1464 1207 habeatur.
1512 1175 1712 1207 Herodotus

1002 1225 1075 1267 (cui
1099 1236 1153 1256 me
1185 1225 1362 1266 astipulari
1388 1226 1502 1257 statim
1531 1224 1711 1266 profiteor)

1001 1275 1128 1307 diserte
1152 1275 1310 1316 affirmat,
1336 1280 1491 1315 tempore
1522 1275 1623 1317 Atyis
1650 1275 1711 1307 filii

1004 1327 1117 1357 Manis
1146 1327 1265 1367 Regis,
1291 1330 1466 1366 grassante
1496 1336 1636 1357 annonae
1655 1336 1711 1366 pe-

1001 1377 1107 1417 nuria,
1130 1378 1241 1418 Lydos
1270 1377 1439 1408 invenisse
1468 1377 1614 1407 omnium
1640 1377 1712 1417 qui-

999 1427 1077 1457 dem
1105 1427 1260 1457 ludorum
1291 1436 1430 1468 genera,
1458 1431 1606 1466 excepto
1630 1436 1710 1467 uno,

1000 1479 1042 1509 ad
1070 1478 1320 1510 discutiendam
1343 1488 1465 1518 nempe
1488 1477 1633 1508 famem:
1661 1478 1710 1508 ita

1000 1534 1039 1560 ut
1067 1529 1178 1560 altera
1204 1530 1258 1559 die
1288 1529 1350 1560 toti
1382 1528 1510 1559 lusibus
1537 1529 1711 1569 occupati,

1001 1580 1108 1610 altera
1136 1589 1216 1610 vero
1243 1579 1353 1610 eibum
1382 1579 1571 1618 capientes,
1604 1577 1709 1609 vitam

999 1634 1184 1670 utcumque
1210 1629 1438 1660 sustentarint
1454 1628 1550 1659 annis
1579 1628 1708 1660 duode-

998 1680 1133 1720 viginti.
1179 1679 1235 1710 Sic
1269 1679 1325 1709 ille
1349 1679 1471 1709 scribit
1499 1679 1519 1709 Ι.
1545 1687 1568 1708 1.
1597 1688 1629 1709 n.
1655 1681 1708 1710 26.

997 1729 1203 1770 Ἐξευρεθῆναι
1221 1729 1257 1765 δὴ
1272 1728 1346 1759 τότε
1373 1728 1499 1759 καὶτῶν
1519 1726 1633 1767 κύβων,
1657 1728 1709 1759 καὶ

997 1782 1060 1810 τῶν
1089 1779 1309 1820 ἀστραγάλων,
1336 1779 1385 1810 καὶ
1413 1781 1468 1817 τῆς
1491 1778 1634 1820 σφαίρης,
1657 1779 1709 1811 καὶ

999 1831 1107 1862 ἄλλων
1131 1830 1256 1862 πασέων
1271 1829 1437 1870 παιγνιέων
1449 1830 1490 1861 τὰ
1506 1831 1605 1870 εἴδεα,
1625 1821 1711 1869 πλῆν

997 1884 1132 1913 πεσσῶν·
1164 1881 1284 1912 τούτων
1317 1881 1379 1922 ’γὰρ
1414 1881 1473 1919 τὴν
1504 1881 1622 1922 εὕρεσιν
1652 1881 1708 1912 οὐκ

998 1932 1184 1970 οἷκηῖοὓνται
1205 1931 1307 1964 Λυδοί.
1355 1933 1442 1963 Tunc
1464 1932 1567 1971 igilur
1580 1932 1707 1963 inventa

997 1989 1182 2016 tesserarum
1194 1995 1229 2015 ac
1240 1985 1374 2015 talorum
1386 1987 1417 2014 et
1429 1984 1501 2024 pilae
1520 1987 1707 2015 ceterorum-

998 2045 1053 2075 que
1075 2036 1217 2065 ludorum
1246 2034 1382 2065 omnium
1413 2043 1543 2073 genera,
1575 2038 1708 2074 proeter-

998 2096 1087 2125 quam
1112 2086 1317 2116 calculorum.-
1363 2084 1471 2114 horum
1493 2084 1574 2114 enim
1600 2084 1706 2115 inven-

995 2136 1109 2166 tionem
1125 2135 1184 2164 sibi
1206 2144 1265 2165 non
1290 2134 1451 2165 vindicant
1471 2134 1564 2176 Lycii.
1611 2135 1704 2167 Cave

995 2190 1108 2216 autem
1126 2185 1318 2226 diligenter,
1330 2190 1368 2216 ut
1382 2185 1429 2215 sic
1446 2185 1567 2216 Latine
1580 2185 1705 2216 reddas

996 2241 1129 2267 textum
1152 2226 1266 2273 lumc3
1299 2235 1444 2266 maxime
1471 2244 1552 2266 vero
1583 2244 1702 2266 vocem

995 2287 1119 2316 πεσσῶν
1143 2285 1185 2317 de
1209 2286 1348 2316 calculis
1372 2285 1555 2325 intelligas,
1572 2294 1635 2315 non
1658 2284 1702 2316 de

997 2336 1098 2374 talis;
1123 2340 1160 2366 ut
1187 2335 1384 2365 dormitanti
1410 2335 1516 2365 Vallae
1542 2334 1700 2375 contigit,

996 2385 1074 2415 dum
1109 2385 1300 2425 elegantem
1331 2385 1438 2424 magis
1471 2393 1570 2424 quemi
1603 2393 1700 2414 accu-

995 2442 1103 2466 ratam
1143 2436 1462 2476 interpretationem
1495 2435 1699 2467 elaboravit.

995 2485 1091 2517 Quod
1110 2489 1144 2516 et
1162 2486 1268 2515 sensit
1301 2485 1470 2515 Heni-ivus
1496 2486 1700 2526 Stephanus,

994 2536 1130 2576 ejusque
1157 2545 1222 2565 non
1250 2535 1302 2565 hic
1330 2535 1548 2571 tantuimsrd
1575 2536 1699 2575 passim

995 2595 1127 2616 errores
1161 2585 1363 2615 emendavit.
1410 2585 1541 2614 Vallani
1574 2584 1700 2617 fefellit.

995 2640 1034 2666 ut
1066 2641 1101 2667 et
1133 2635 1215 2666 alios
1240 2636 1446 2675 complures,
1474 2636 1563 2677 quod
1594 2646 1699 2668 voces

993 2685 1068 2718 istae
1084 2684 1173 2722 κύβοι
1195 2684 1319 2727 πεσσοὶ,
1341 2685 1450 2721 κυβεία
1465 2685 1604 2726 πεττεία,
1618 2696 1697 2728 pro-
