1888 3032
700 158 863 190 PERSII
898 157 1004 188 SAT.
1037 158 1083 188 V·

149 264 326 300 tempusse
334 256 457 288 vixisse
467 255 645 297 putabant,
654 254 743 296 qnod
754 254 854 295 genio

147 308 376 340 indulsissent.
430 307 508 343 Vel,
534 306 584 337 Ea
611 305 747 336 demum
776 314 853 345 pars

148 360 230 390 vitae
248 364 328 397 tuae,
345 368 442 399 quam
460 357 552 394 milii,
568 357 599 387 id
618 362 683 395 est,
700 356 854 396 volupta-

150 409 252 449 tibns,
269 409 448 450 impr-udis,
460 418 540 439 vera
556 413 610 438 est
625 407 704 438 vita.
720 406 853 436 Casauh.

148 460 296 491 Turneb.
315 469 378 491 xx.
396 463 445 490 ll.

193 513 255 542 152
280 511 383 551 Ciuis]
417 511 629 541 Mortuorum
661 509 749 539 enim
780 516 853 538 cor·

149 571 234 603 pora
250 564 501 597 cremabantur,
516 566 553 591 et
576 561 608 590 in
632 560 784 590 cinerem
801 567 852 589 re-

149 613 472 644 solvebantur.——Et
489 611 616 651 Manes]
638 610 696 641 Sic
726 609 850 640 Horat.

147 665 155 679 ⁴
169 663 246 695 Jam
265 669 299 694 te
318 668 449 704 premet
470 672 537 692 nox
560 660 754 702 fabulaeque
779 661 852 691 Ma-

148 713 230 744 nes.'
254 714 358 744 Ponit
370 717 483 744 autem
496 713 608 742 Manes
617 720 677 751 pro
688 710 855 751 exequiis,

148 767 184 794 et
199 772 342 804 corpore
358 758 709 802 funerata—Fabula]
729 761 770 792 Id
787 765 853 799 est,

148 815 267 845 Sermo
286 818 417 844 tantum
441 813 484 843 de
508 818 542 843 te
567 812 751 852 supererit,
766 821 853 852 prae-

150 869 245 895 terea
258 864 351 895 nihil.
375 864 489 895 Lubin.

194 917 255 945 153
280 914 350 944 Hoc
372 915 462 954 quod,
489 912 559 953 [ism]
596 913 718 943 Horat.
737 913 852 944 ‘Dum

149 965 297 1006 loquitur
313 964 402 1005 fugit
418 965 531 995 invida
553 963 659 995 aetas!
691 964 761 995 Vnt.
778 965 851 995 sch.

148 1016 273 1047 —Vite
296 1026 422 1055 memor,
449 1015 519 1056 lya]
566 1015 623 1046 Sic
665 1015 851 1046 Horatius:

147 1067 156 1083 ‘
175 1067 263 1098 Dum
287 1067 383 1106 lieet,
405 1067 440 1097 in
470 1067 569 1097 rebus
587 1065 751 1106 jucundis
777 1065 853 1096 vive

148 1117 269 1148 beatus
294 1128 302 1156 ;
326 1117 414 1147 Vive
438 1126 579 1156 memor,
602 1126 703 1157 quam
731 1116 775 1147 sis
790 1116 855 1147 aevi

147 1167 444 1208 brevis.’—Fugiae,
458 1167 527 1209 ssa]
564 1167 605 1198 Id
625 1172 689 1207 est,
702 1168 856 1208 Tempus

149 1218 229 1249 vitae
255 1218 415 1250 celeriter
446 1218 757 1256 clabum—Hoc,
786 1218 856 1258 &eff

149 1268 227 1299 Huc
242 1269 350 1309 ipsum
368 1269 531 1309 temporis
550 1273 772 1307 momentum,
789 1278 854 1308 quo

147 1319 220 1350 haec
238 1319 299 1350 tibi
314 1319 405 1356 dico,
417 1329 496 1359 pars
513 1324 566 1349 est
579 1318 747 1358 decerpta
760 1317 854 1358 inde,

147 1374 182 1400 et
199 1379 273 1410 quae
290 1369 347 1400 ubi
365 1369 516 1410 perierit,
539 1379 711 1410 nunquam
734 1369 779 1400 sit
803 1378 854 1400 re-

149 1419 273 1450 ditura.
300 1420 431 1450 Casaub.
461 1420 685 1450 Turneb.xx.
706 1423 735 1450 1.

193 1474 255 1503 154
281 1471 332 1502 En
343 1470 507 1512 quid‚8sc.]
530 1471 607 1503 Jam
619 1470 739 1501 Poetae
749 1469 855 1501 verba

149 1525 349 1562 sequuntur.
396 1522 446 1552 En
471 1521 606 1562 egregie
623 1526 659 1552 et
681 1521 855 1551 liberrime

150 1572 275 1603 liberte
320 1572 370 1602 M.
402 1573 525 1610 Dama,
556 1572 638 1612 quid
655 1571 727 1612 jam
760 1571 855 1611 agis?

150 1622 230 1664 quid
254 1621 296 1653 ad
318 1623 393 1654 haec
418 1621 632 1663 respondes?
686 1621 855 1652 Nimirum

150 1673 296 1703 omnium
320 1672 514 1703 vilissimum
531 1681 568 1703 es
584 1672 803 1712 mancipium,
818 1677 855 1703 et

148 1723 192 1753 ab
213 1723 262 1754 his
286 1722 416 1754 duobus
441 1722 725 1762 imperiosissimis
748 1722 856 1753 domi-

148 1774 200 1804 nis
240 1773 275 1804 in
303 1774 486 1812 diversum,
514 1783 578 1804 ceu
612 1773 711 1804 hamo
739 1773 856 1813 piscis,

149 1824 360 1856 distraheris.
376 1842 419 1847 ——
438 1824 573 1864 Duplici,
601 1823 670 1864 ξω]
700 1823 857 1854 Diversis

150 1875 326 1906 blanditiis
357 1879 393 1906 et
419 1874 590 1905 illecebris
620 1873 786 1904 Avaritiae
821 1877 858 1904 et

152 1925 378 1956 Luxurian-
393 1926 444 1964 In,
467 1924 538 1965 δῖα]
593 1923 634 1955 In
667 1924 858 1955 contrarias

150 1981 267 2016 partes
285 1975 438 2007 traheris.
453 1975 568 2006 Dubiu-

193 2029 254 2058 155
278 2025 454 2063 Hunccine,
466 2024 536 2065 ἔγω]
558 2024 787 2065 Subintellige
798 2025 856 2055 ha-

150 2086 238 2107 mum
263 2077 319 2107 vel
350 2076 520 2108 domiuum
549 2075 856 2116 potius.-Subeas,

149 2126 219 2166 ξω]
243 2125 285 2157 Id
309 2131 374 2164 est,
391 2126 541 2157 Necesse
566 2132 631 2167 est,
646 2132 684 2157 ut
713 2126 856 2157 alterna-

151 2177 212 2207 tim
239 2176 294 2206 vel
317 2176 457 2209 alteruis
482 2176 613 2206 vicibus
639 2176 739 2206 modo
768 2175 856 2207 Ava-

151 2226 253 2265 ritiae‚
272 2226 372 2257 modo
389 2226 546 2257 Luxuniae
564 2226 747 2256 dominium
777 2227 856 2258 sub-

151 2286 220 2317 eas,
231 2281 267 2308 et
282 2282 320 2308 ut
331 2276 472 2307 alternis
489 2277 620 2307 vicibus
635 2277 809 2317 Avaritiae,
822 2283 858 2307 et

151 2328 310 2359 Luxuriae
349 2327 705 2367 servias.——Al1erni³]
752 2328 859 2368 Egre-

152 2379 242 2420 gium
265 2378 469 2411 vocabulum
493 2387 552 2418 per
575 2379 678 2410 vices.
724 2379 858 2410 Nomen

152 2439 213 2470 pro
229 2429 406 2460 adverbio.
437 2429 536 2459 Idem.

196 2484 258 2512 156
283 2480 432 2521 Oberres]
465 2479 521 2510 lta
546 2479 641 2520 dicit,
661 2480 740 2522 quia
763 2480 859 2512 dubii

152 2536 188 2562 et
199 2531 321 2562 incerti
333 2535 462 2562 errant.
487 2531 585 2562 Idem.

198 2585 257 2613 157
282 2583 362 2621 Nec,
377 2581 447 2621 ἐγω]
474 2583 547 2612 Nec
565 2588 599 2612 tu
617 2591 693 2612 cum
712 2581 770 2612 uni
784 2581 858 2612 illo-

153 2641 225 2662 rum
249 2632 463 2665 dominorum
487 2632 559 2663 sive
582 2632 762 2671 Avaritiae,
786 2632 857 2662 sive

155 2681 312 2713 Luxuriae
335 2682 520 2719 obstiteris,
557 2683 700 2724 ejusque
727 2683 856 2714 servitii

148 2731 270 2774 jugum
295 2732 399 2764 semel
426 2733 629 2774 excusseris,
652 2737 688 2764 et
712 2733 857 2774 imperio

1524 145 1608 189 271

904 250 1046 283 instanti
1062 255 1098 282 et
1114 248 1305 291 impellenti
1320 256 1445 290 parere
1457 249 1608 288 negaris:

905 303 1021 334 statim
1048 301 1182 332 vincula
1208 300 1382 332 servitutis
1413 304 1446 332 te
1474 299 1610 331 omnino

903 353 1050 393 rupisse,
1066 358 1102 383 et
1118 352 1189 393 jam
1205 351 1350 382 liberum
1370 360 1444 382 esse
1461 350 1611 382 dicas.—

905 402 1023 442 Semel]
1049 404 1125 433 Non
1141 403 1230 433 euim
1250 403 1351 432 semel
1369 400 1498 442 aliquid
1514 406 1610 432 reete

905 454 1023 484 fecisse
1040 454 1121 484 sati„
1142 460 1208 492 est,
1224 454 1281 484 sed
1305 453 1488 493 requiritur
1505 451 1611 482 virtu-

903 509 945 539 tis
959 507 1225 547 &gaz—Instanti,
1237 507 1306 548 ssa]
1334 508 1489 548 Urgente
1505 505 1611 538 domi-

903 560 958 590 nio
974 560 1157 596 Avaritiae,
1172 565 1205 590 et
1220 559 1390 590 Luxuriae.
1423 560 1524 590 Idem.

945 612 1007 640 158
1032 609 1131 650 Rupi,
1158 609 1227 649 esa]
1266 609 1307 639 Id
1335 614 1399 646 est,
1422 608 1499 640 Jam
1523 606 1612 638 liber

903 671 988 700 sum,
1020 666 1055 691 et
1080 670 1178 691 omne
1209 659 1383 690 servitutis
1401 659 1522 699 jugum
1555 667 1613 689 ex-

902 711 1003 742 cussi.
1039 711 1137 742 Idem.

946 764 1008 792 159
1033 762 1131 800 Nam,
1153 760 1224 800 Era]
1258 760 1306 792 Ut
1324 760 1416 791 canis
1434 759 1476 791 ad
1494 757 1611 790 sunem

904 814 956 844 vel
985 813 1155 844 vinculum
1185 812 1338 852 alligata,
1362 810 1420 841 ubi
1448 810 1506 841 diu
1527 809 1613 840 mul·

904 869 1043 904 tumque
1056 873 1134 893 cum
1154 861 1235 893 fune
1260 867 1295 893 et
1319 861 1453 892 vinculo
1480 860 1613 891 luctata

904 920 968 953 est,
982 914 1121 944 tandem
1138 914 1319 952 eluctatur,
1342 917 1377 942 et
1401 911 1525 942 nodum
1541 910 1612 941 vin-

905 965 973 995 culi
988 964 1126 1004 abripit,
1141 963 1326 1003 abrumpit,
1337 968 1372 994 et
1389 961 1536 1002 aufugit.
1567 961 1614 991 Et

907 1019 1019 1045 tamen
1037 1014 1093 1044 illa
1110 1013 1202 1044 canis
1217 1022 1295 1044 cum
1313 1011 1414 1051 fugit,
1429 1011 1527 1051 longa
1542 1009 1614 1040 vin-

907 1065 974 1096 culi
992 1070 1028 1097 et
1043 1069 1175 1096 catenae
1193 1073 1282 1104 pars,
1299 1071 1363 1104 qua
1380 1071 1495 1092 rursus
1511 1059 1613 1092 facile

907 1115 1162 1157 comprehendi,
1186 1120 1220 1146 et
1243 1114 1286 1144 ad
1311 1113 1490 1154 antiquum
1508 1112 1613 1143 dorni-

905 1176 986 1197 num
1011 1166 1128 1196 reduci
1149 1169 1278 1205 potest,
1302 1164 1385 1194 illia
1401 1163 1487 1194 collo
1512 1161 1615 1193 trahi-

907 1222 984 1247 tur:
1011 1216 1067 1246 Ita
1081 1215 1159 1246 dum
1176 1221 1211 1246 tu
1227 1214 1327 1255 fugis,
1340 1220 1374 1245 te
1389 1223 1455 1244 non
1472 1211 1613 1252 effugis;

904 1267 964 1297 sed
997 1276 1133 1306 semper
1164 1266 1418 1306 praeteritorum
1449 1263 1609 1294 vitiorum

905 1318 1035 1348 semina
1051 1322 1163 1348 tecum
1182 1316 1283 1357 geris,
1308 1325 1384 1356 quae
1405 1314 1557 1354 elapsum
1572 1313 1614 1343 ad

905 1368 1064 1408 pristinos
1094 1367 1262 1406 dominos,
1275 1364 1445 1404 adfectus,
1473 1369 1509 1395 et
1532 1363 1617 1394 vitia

906 1419 1199 1458 reducant,atque
1217 1426 1329 1448 rursus
1346 1415 1525 1447 servitutis
1542 1414 1615 1444 vin-

906 1470 985 1500 cula
1007 1469 1095 1499 collo
1128 1466 1497 1508 injiciant.-—Arripi!,
1541 1464 1613 1505 ξω]

907 1520 1000 1559 Lego
1020 1518 1150 1559 abripit.
1184 1518 1307 1549 Lubin.

950 1573 1007 1600 161
1037 1570 1140 1607 Dare,
1150 1567 1220 1607 δῖα]
1246 1567 1348 1598 Hunc
1361 1566 1471 1597 locum
1489 1575 1531 1596 ex
1542 1565 1616 1596 Me-

906 1620 1027 1650 nandri
1038 1620 1204 1650 Eunucho
1220 1618 1337 1657 traxit,
1349 1617 1383 1647 in
1400 1626 1466 1658 quo
1480 1616 1615 1647 Davum

906 1680 1040 1702 servum
1055 1670 1304 1701 Chaerestratus
1315 1668 1516 1698 adolescens
1533 1667 1616 1697 allo-

907 1723 1034 1764 quitur,
1062 1726 1222 1763 tanquam
1261 1722 1410 1751 amorem
1439 1718 1615 1759 Chrysidis

908 1772 1099 1803 meretricis
1116 1772 1364 1802 derelicturus:
1390 1770 1549 1810 idemque
1566 1773 1616 1799 ta-

907 1833 984 1854 men
1001 1823 1043 1854 ab
1066 1833 1107 1854 ea
1122 1827 1321 1853 recvocatus
1339 1822 1380 1851 ad
1400 1821 1490 1851 illam
1510 1820 1614 1851 redit.

908 1873 1008 1915 Apud
1026 1873 1225 1905 Terentium
1249 1881 1402 1912 persona¹
1426 1871 1614 1901 immutatae

909 1930 997 1955 sunt.
1026 1924 1096 1955 Vet.
1124 1923 1349 1959 Seu—Dare,
1371 1921 1443 1961 ἔξω]
1477 1921 1615 1952 Chaere-

908 1980 1048 2011 stratus,
1059 1979 1096 2005 ut
1109 1979 1162 2005 est
1174 1973 1263 2013 apud
1283 1971 1533 2009 Maenaudrum,
1547 1971 1613 2001 sol-

907 2026 1002 2057 licite
1018 2026 1187 2065 cogitans,
1213 2028 1319 2063 caput
1344 2021 1501 2060 scabens,
1515 2027 1550 2051 et
1567 2021 1615 2052 vi-

908 2087 986 2107 vum
1003 2075 1212 2115 crudumque
1231 2081 1376 2113 unguem
1400 2071 1491 2102 inter
1510 2070 1616 2101 medi-

909 2126 1050 2157 tandum
1080 2124 1261 2162 abrodens»,
1287 2124 1359 2154 liaec
1386 2122 1445 2161 ait,
1466 2131 1616 2152 servum-

908 2187 974 2218 que
988 2187 1084 2208 suum
1097 2177 1232 2207 Davum
1243 2173 1448 2214 compellat:
1469 2183 1488 2204 o
1505 2173 1617 2211 Dave,

903 2229 1011 2269 jubeo
1028 2234 1063 2259 et
1081 2228 1223 2266 impero,
1234 2233 1271 2257 ut
1287 2227 1358 2256 liaec
1370 2234 1445 2266 quae
1462 2223 1617 2254 dicturus

909 2288 994 2316 sum,
1009 2279 1077 2308 cito
1094 2278 1225 2315 credam,
1249 2283 1282 2306 et
1301 2281 1397 2306 certo
1422 2273 1537 2305 futura
1553 2278 1618 2305 sta-

910 2333 985 2359 tuas
1000 2339 1008 2358 :
1055 2328 1128 2368 Ego
1152 2328 1226 2367 jam
1262 2325 1398 2357 demum
1431 2324 1616 2365 aliquando

910 2378 1105 2419 praeteritos
1133 2377 1281 2414 dolores,
1318 2381 1354 2406 et
1381 2375 1549 2406 molestias
1574 2384 1617 2405 ex

910 2428 1106 2460 meretricio
1117 2437 1231 2458 amore
1249 2431 1443 2466 perceptas,
1458 2425 1567 2464 finire,
1582 2430 1618 2456 et

910 2478 1070 2519 Clirysidi
1088 2478 1282 2509 valedicere
1300 2477 1458 2509 medimr,
1468 2481 1506 2506 et
1522 2480 1618 2506 certo

912 2530 1002 2570 apud
1019 2530 1168 2560 animum
1187 2529 1361 2559 constitui.
1385 2527 1502 2557 Lubin.

955 2583 1016 2612 162
1042 2579 1242 2618 Proeteritos]
1267 2580 1361 2610 Quo,
1379 2577 1523 2606 antehac
1540 2584 1615 2614 per-

911 2642 1032 2673 pessus
1056 2632 1340 2664 sum—Crudum,
1354 2627 1422 2666 εμπ]
1447 2626 1546 2658 Quod
1568 2626 1616 2656 in-

911 2687 1007 2714 tente
1020 2681 1147 2723 aliquid
1161 2680 1366 2711 meditantes
1381 2676 1524 2707 faciunt.
1534 2676 1615 2707 Lnb.

954 2735 1015 2763 163
1038 2731 1104 2772 An,
1119 2731 1187 2771 ξω]
1213 2728 1267 2761 An
1284 2736 1348 2768 ego
1366 2726 1518 2767 cognatis
1532 2726 1616 2758 meis
