1888 3032
730 157 912 187 SATIRA
949 155 1013 187 Vl.

1503 139 1591 181 105

127 255 273 311 Atque
293 267 455 296 marem
477 256 705 307 strepitum
726 254 825 294 fidis
846 251 1080 293 intendisse
1101 249 1299 300 Laiinae;

130 323 240 364 Mox
256 323 441 377 juvenes
462 324 621 375 agitare
638 322 782 375 jocos,
805 325 845 360 et
868 319 1028 372 pollice
1050 319 1231 358 honesto
1562 328 1590 353 ο

743 388 855 428 Mihi
877 400 987 427 nuuc
1010 387 1147 437 Ligus
1169 399 1246 426 ora

126 390 338 445 Egregius
358 392 515 432 lusisse
537 391 682 431 senes!

124 520 204 560 cipio
220 522 415 562 antiquorum
440 521 662 558 vocabulorum,
679 523 709 550 ct
735 520 899 550 masculum
920 520 1050 549 sonitum
1070 519 1193 549 Lalina’
1210 518 1351 553 choram
1373 516 1588 564 ‹1111'1111ejtgere

122 565 208 594 ludos
221 565 381 605 juvenum,
396 568 426 596 ct
442 574 550 595 canere
565 574 650 595 senes
666 563 802 594 illustres
817 563 919 601 digito
937 563 1053 592 decoro.
1100 561 1185 592 Mihi
1202 571 1281 592 vcro
1297 561 1366 599 jam.
1382 562 1511 600 tepesctt
1533 568 1587 590 ea:-

739 642 853 653 eeeeee

858 641 972 653 eeeeee

124 705 191 726 rum
208 697 273 727 Ms.
291 696 401 728 R.-5
425 700 533 737 aptare
548 697 615 727 Ms.
634 696 780 727 Gar—6
804 696 960 735 Egregios
984 695 1071 726 Edd.
1091 695 1179 735 vulg.

782 783 920 814 NOTAE

123 845 248 887 quippe
273 857 348 888 quae
365 851 445 879 ante
462 857 594 888 prosam
614 858 633 879 a
647 848 829 889 Scriptori-

124 896 185 927 bus
204 904 366 938 usurpata
383 898 495 930 suerit.
520 900 571 930 Ex
588 899 677 931 Plin.
692 908 756 930 vu.
774 902 827 930 56.

123 951 158 978 et
176 948 298 979 Horat.
327 949 369 979 ad
388 950 542 989 Pisones,
569 950 626 991 qui
646 950 705 989 ait,
727 950 735 966 ‘
748 950 828 980 Fuit

120 1000 193 1031 hoec
210 1001 379 1041 sapientia
395 1002 576 1042 quondam,
596 1001 742 1033 Publica
759 1002 827 1042 pri-

120 1051 206 1082 vatis
224 1061 416 1089 secernere,
429 1062 525 1083 sacra
538 1051 827 1092 profanis—Dic-

120 1106 165 1133 tae
182 1111 244 1143 per
260 1103 408 1134 carmina
425 1107 552 1141 sortes;
579 1104 624 1134 Et
641 1103 721 1134 vitae
734 1113 826 1134 mon-

119 1157 228 1184 strata
253 1153 305 1183 via
321 1153 397 1192 est‚’
426 1156 489 1184 &c.
533 1153 662 1184 Verum
679 1157 825 1193 utraque

118 1202 194 1234 haec
213 1203 457 1244 interpretatio
480 1204 581 1244 longe
609 1203 716 1244 petita
735 1203 826 1240 vidc-

118 1258 186 1284 tur.
234 1254 350 1284 Malim
377 1255 482 1294 igitur
508 1265 582 1285 cum
612 1255 826 1293 Casaubono,

120 1308 156 1335 et
172 1304 245 1336 aliis
264 1305 474 1346 quibusdam,
500 1304 659 1344 θεογονίαν
685 1310 718 1336 et
740 1308 825 1343 μυθι-

118 1354 244 1396 στορίαν
265 1356 470 1397 intelligere,
492 1366 555 1398 per
569 1360 705 1388 veterum
720 1367 825 1388 rerum

113 1405 298 1444 primordia.

161 1458 181 1486 4
204 1456 308 1496 Atque
323 1467 438 1488 marem
452 1456 629 1498 strepitum,
652 1457 721 1496 ἔμκ]
766 1458 825 1488 So-

118 1506 185 1538 lers
201 1506 352 1538 scribere
369 1507 460 1538 forle
478 1513 513 1539 et
530 1517 727 1548 generosum
745 1508 825 1539 Car-

119 1565 195 1587 men
225 1557 399 1597 Lyricum,
428 1558 469 1588 dc
497 1568 564 1598 quo
591 1558 755 1588 Horatius
782 1557 824 1588 ud

117 1607 282 1639 Pisones:
307 1609 316 1625 ⁴
330 1609 433 1639 Musa
449 1609 545 1639 dedit
561 1608 685 1640 fidibus
702 1609 823 1648 Divos,

117 1667 309 1700 puerosque
325 1660 493 1699 Deorum,
522 1661 566 1691 Et
591 1661 740 1701 pugilem
755 1660 823 1692 vic-

115 1712 237 1749 torem,
264 1715 298 1741 et
315 1720 437 1751 equum
455 1712 642 1742 certamine
666 1711 823 1753 primum,

118 1759 162 1790 Et
181 1760 344 1800 juvenum
362 1771 474 1801 curas,
490 1767 525 1793 et
551 1762 658 1794 libera
679 1763 754 1794 vina
770 1773 822 1793 re-

115 1808 228 1841 ferre!
274 1812 319 1842 Et
335 1812 404 1843 Od.
424 1815 475 1843 13.
494 1812 516 1843 l.
541 1822 580 1842 11.
607 1813 654 1843 ait
670 1812 822 1844 Alcaeum

112 1860 234 1900 plenius
253 1871 345 1891 aureo
368 1862 513 1892 cecinisse
532 1863 650 1901 plectro
676 1863 821 1894 durana-

120 1910 175 1949 vis,
191 1911 270 1941 dura
277 1910 370 1951 fugoe
386 1913 478 1951 mala,
493 1914 571 1942 (Iura
588 1913 671 1944 belli.

159 1961 299 2001 Murem]
345 1962 400 1992 Sic
419 1963 584 1994 Horatius
601 1963 643 1994 ad
659 1964 820 1996 Pisones:

114 2010 124 2028 ‘
138 2011 223 2043 Post
240 2013 328 2043 hunc
344 2012 482 2054 insignis
498 2014 668 2045 Homerus
685 2015 822 2055 Tyrtae-

116 2070 221 2102 usque
251 2071 358 2093 'nares
382 2063 508 2094 animos
535 2064 568 2094 in
593 2065 718 2095 Martia
735 2065 823 2096 bella

114 2112 274 2143 Versibus
287 2113 444 2144 exacuit)

160 2162 252 2193 Pidis
268 2163 435 2194 intendisse
447 2164 585 2205 Latinae]
610 2164 712 2205 Apud
727 2166 822 2198 Grae-

114 2221 174 2244 cos
201 2213 315 2253 Lyrici
342 2213 462 2245 Po'e'tae
486 2224 607 2246 novem
635 2225 821 2248 memoran-

116 2270 185 2305 tur,
201 2265 425 2305 Stesichorus,
442 2267 672 2307 Bacchilides,
688 2268 821 2308 Ibicus‚

114 2315 307 2356 Anacreon,
327 2317 503 2357 Pindarus,
525 2317 726 2359 Simonides,
741 2318 839 2351 Alc:

114 2376 204 2407 man,
219 2366 369 2407 Alcaeus,
386 2368 535 2408 Sappho,
551 2368 672 2409 quibus
689 2369 821 2401 addunt

115 2416 222 2458 aliqui
252 2417 459 2458 Corynnam,
489 2423 527 2449 ut
553 2418 654 2450 decas
681 2419 821 2460 implea-

115 2469 191 2505 tur;
231 2472 266 2498 at
296 2467 387 2508 apud
418 2468 560 2500 Latinos
588 2468 655 2501 duo
686 2474 820 2502 tantum

116 2516 284 2557 claruere,
302 2518 465 2550 Horatius
481 2523 516 2550 et
535 2519 662 2551 Caesius
682 2520 820 2563 Bassus,

116 2569 156 2596 ut
172 2566 220 2597 ait
233 2567 377 2600 Quintil.
393 2578 429 2600 x.
448 2569 561 2611 1.jam
576 2571 637 2604 cit.

159 2617 346 2663 Incendisse]
387 2622 542 2655 Intensio
573 2633 754 2656 nervorum
785 2624 818 2655 in

116 2666 248 2700 cithara
261 2670 369 2704 varios
395 2673 488 2706 varia
510 2683 611 2708 sonos
637 2679 675 2708 et
701 2675 818 2708 modos

114 2717 212 2752 facit.
687 2724 690 2725 ⁷

922 851 939 878 5
966 848 1046 878 Mox
1061 847 1192 886 juvenes
1207 847 1331 887 agitare
1335 848 1436 888 jocos]
1479 848 1501 881 J
1507 858 1585 880 uve-

878 899 963 930 niles
989 908 1101 939 curas,
1128 909 1273 938 amores,
1295 900 1404 940 ludos,
1425 902 1586 933 convivia

879 949 1088 980 describere.
1155 951 1320 982 Horatius
1357 952 1432 982 loco
1476 952 1585 983 citato

878 1002 980 1042 paulo
997 1006 1090 1033 ante.

921 1052 1037 1083 Pollice
1050 1053 1191 1094 honesto]
1236 1053 1394 1094 Tangens
1418 1054 1585 1086 citharam

876 1104 984 1143 pollice
999 1104 1134 1142 honesto,
1151 1104 1186 1134 id
1210 1109 1274 1144 est,
1294 1105 1438 1146 insignes
1456 1105 1584 1137 virtute

878 1154 980 1192 viros,
1005 1155 1146 1185 heroum
1168 1154 1258 1186 facta
1274 1155 1461 1195 celebrane,
1476 1156 1585 1187 nobili

878 1204 1033 1234 Carmine
1050 1208 1086 1236 et
1106 1205 1251 1245 glorioso
1266 1209 1403 1247 conatu,
1418 1207 1526 1237 lusisse
1542 1215 1583 1238 ae

877 1254 1053 1286 cecinisse.
1109 1255 1226 1295 Virgil.
1259 1256 1332 1286 Ecl.
1365 1265 1388 1287 1.
1425 1258 1433 1273 ⁶
1447 1256 1584 1288 Ludere

877 1314 951 1345 quae
970 1305 1090 1336 vellem
1107 1306 1238 1337 calamo
1260 1306 1414 1347 permisit
1430 1305 1583 1347 agresti!

919 1358 939 1386 6
956 1356 1041 1386 Mihi
1055 1366 1132 1387 nunc
1143 1357 1244 1396 Ligus
1258 1367 1313 1388 ονιι
1328 1357 1462 1397 intepet]
1487 1357 1583 1388 Dum

877 1410 912 1437 tu
929 1407 963 1437 in
980 1407 1115 1438 Sabinis
1133 1418 1268 1439 secessu
1294 1408 1418 1449 gaudes
1436 1411 1471 1439 et
1498 1407 1583 1439 libe-

876 1457 938 1487 rali
959 1457 1046 1495 otio;
1071 1468 1134 1497 ego
1161 1459 1293 1498 pariter
1319 1457 1404 1489 urbe
1432 1457 1529 1498 cessi,
1545 1462 1583 1489 et

876 1506 1010 1547 quietus
1027 1517 1088 1547 ago
1099 1508 1132 1537 in
1147 1508 1294 1538 Lunensi
1310 1509 1399 1548 villa,
1415 1508 1471 1538 ubi
1485 1507 1582 1539 fruor

876 1557 952 1588 aere
977 1564 1179 1599 temperato,
1196 1564 1231 1590 et
1254 1564 1375 1599 tepore
1400 1559 1580 1591 maritimae

876 1608 1036 1648 regionis.
1061 1609 1169 1639 Porro
1187 1608 1319 1640 addunt
1332 1612 1467 1640 veteres
1483 1609 1582 1640 Glos-

874 1667 934 1697 sae,
959 1660 968 1675 ‘
983 1659 1164 1690 secessisse
1188 1659 1269 1690 illuc
1296 1659 1451 1690 Persium
1475 1658 1510 1690 in
1524 1659 1582 1691 Li-

874 1709 979 1749 guriae
1011 1709 1109 1749 fines,
1140 1709 1303 1741 videlicet
1331 1715 1474 1750 propter
1503 1710 1582 1741 Ful-

873 1759 962 1790 viam
977 1760 1168 1791 Sisenniam
1191 1764 1334 1791 matrem
1358 1769 1464 1800 suam,
1490 1769 1580 1801 quae,

873 1814 951 1850 post
979 1815 1124 1841 mortem
1147 1809 1271 1850 prioris
1299 1810 1373 1851 viri,
1397 1810 1445 1842 ibi
1470 1816 1581 1852 nupta

873 1859 971 1891 erat)

915 1910 1015 1950 Ligus
1030 1911 1098 1952 oro]
1143 1911 1281 1952 Liguria
1302 1911 1414 1942 Italiae
1443 1921 1521 1952 pars
1543 1910 1580 1942 iu

872 1959 1009 2000 longum
1031 1965 1193 2001 protensa
1208 1971 1324 1992 versus
1345 1961 1542 2002 Meridiem,
1559 1970 1580 1992 a.

874 2009 1092 2041 Narbonensi
1115 2011 1230 2043 Gallia
1254 2012 1295 2043 ad
1320 2012 1515 2054 Thusciam,
1531 2022 1582 2044 se-

874 2061 1021 2092 cuudum
1052 2062 1151 2092 maris
1179 2063 1287 2093 littus.
1351 2063 1480 2102 Hodie,
1511 2063 1581 2094 Ora

875 2111 1060 2153 Gennensz's,
1075 2123 1095 2144 a
1119 2114 1242 2145 Genua
1257 2114 1400 2145 civitate
1423 2114 1580 2156 principe

872 2170 1077 2204 nuncupata.

915 2216 933 2245 7
950 2214 1090 2255 Intepet]
1113 2216 1192 2247 Sive
1207 2215 1250 2246 ob
1264 2215 1364 2247 situm
1379 2215 1468 2246 inter
1484 2223 1578 2247 mon-

872 2268 938 2303 tes,
955 2265 1025 2295 sive
1048 2266 1091 2297 ob
1108 2267 1329 2307 agitationem
1343 2266 1445 2297 vicini
1460 2266 1578 2309 maris,

872 2325 945 2355 quae
961 2315 1098 2356 quidem
1113 2316 1223 2357 major
1238 2316 1392 2357 hyberno
1409 2322 1578 2358 tempore.

873 2364 946 2397 Cic.
970 2365 991 2396 l.
1008 2375 1048 2397 11.
1078 2366 1120 2398 de
1145 2367 1275 2398 Natura
1291 2367 1456 2406 Deorum,
1472 2377 1507 2399 n.
1523 2370 1579 2401 26.

873 2416 882 2433 ‘
896 2416 1009 2448 Maria
1034 2418 1166 2458 agitata
1183 2418 1294 2449 ventis
1318 2418 1367 2449 ita
1382 2422 1579 2460 tepescunt,

871 2471 911 2498 ut
925 2467 1071 2509 intelligi
1088 2467 1188 2500 facile
1205 2469 1312 2510 possit
1333 2469 1368 2500 in
1393 2469 1496 2500 tantis
1510 2469 1578 2500 illis

870 2517 1065 2550 humoribus
1104 2519 1268 2551 inclusum
1300 2530 1374 2550 esse
1410 2519 1575 2550 calorem:

870 2577 934 2600 nec
950 2569 1040 2600 euim
1057 2570 1113 2601 ille
1129 2575 1290 2602 externus
1306 2575 1342 2601 et
1368 2568 1576 2600 adventitius

869 2620 1044 2652 habendus
1073 2627 1125 2653 est
1155 2627 1266 2662 tepor,
1296 2622 1353 2651 sed
1381 2630 1422 2649 ex
1447 2618 1574 2649 intimis

869 2671 972 2702 maris
995 2672 1149 2712 partibus
1173 2676 1356 2712 agitatione
1383 2672 1575 2708 excitatus;

870 2721 962 2766 quod
976 2723 1100 2756 nostris
1122 2730 1257 2765 quoque
1282 2719 1480 2762 corporibus
1494 2727 1573 2751 con-
