1888 3032
245 167 330 209 182

751 176 796 206 A.
830 175 991 206 PERSH
1030 175 1200 206 FLACCI

246 274 335 325 Qui
351 273 467 328 prior
487 284 550 321 05,
574 283 649 311 cur
669 284 737 311 me
758 272 801 312 in
822 271 1009 312 decursu
1030 270 1238 324 lampada
1258 271 1442 324 poscis?

245 343 352 383 Sum
373 342 451 382 tibi
470 339 737 381 Mercurius:
769 339 897 381 venio
919 338 1043 380 Deus
1063 338 1148 379 huc
1171 352 1268 390 ego,
1291 343 1338 380 ut
1356 339 1430 379 ille

245 408 456 461 Pingitur.

242 480 253 497 ‘
284 476 413 517 Deest
432 475 599 531 aliquid
620 475 831 517 summae.'

515 407 587 448 An
606 408 751 449 renuis
768 408 786 448 t
818 405 917 449 vi’n’
940 412 984 448 tu
1006 407 1191 460 gaudere
1209 407 1370 448 relictis
1383 407 1401 446 ’ἰ

892 475 1038 517 Μ111111
1063 476 1192 518 1111111;
1225 475 1304 517 sed
1332 475 1412 516 tibi
1443 478 1579 516 totum
1600 478 1678 526 est,

243 607 284 636 es,
299 607 394 637 quare
402 597 485 637 petis
507 607 525 628 11
540 607 589 629 me
604 596 709 635 facem
724 598 756 629 in
772 607 863 629 cursu
877 596 891 629 ?
916 598 992 629 Sum
1006 598 1065 629 tibi
1086 598 1179 630 velut
1195 598 1383 629 Mercurius.
1431 597 1502 637 Ego
1529 596 1592 628 tibi
1616 596 1709 626 Deus

240 641 347 671 accedo
362 640 476 680 isthuc,
486 641 567 672 sicut
578 641 630 672 ille
644 641 835 681 depingitur.
881 641 934 672 An
947 640 1094 674 recusas?
1136 642 1229 673 Visne
1259 644 1295 672 tu
1310 640 1383 679 frui
1399 641 1438 672 iis
1454 651 1522 680 quoe
1542 639 1679 679 relinquo
1692 636 1708 670 ?

245 683 383 715 Atenim
399 693 524 715 summae
545 685 685 715 nonnihil
696 686 871 715 detractum
894 688 952 716 est.

999 684 1134 725 Nempe
1157 685 1284 716 detraxi
1308 685 1400 715 mihi.
1446 683 1516 715 Tibi
1531 693 1601 714 vero
1617 682 1711 722 quod-

906 788 1051 821 NOTAE

284 865 323 894 61
352 863 415 899 Qui
427 864 515 905 prior
528 863 574 905 es]
598 865 647 895 Tu
660 874 752 905 vero,
766 874 785 896 o
797 864 950 906 legitime

246 913 366 954 haeres,
385 924 461 946 cum
478 915 589 946 senior
605 925 657 947 me
672 916 716 947 sis
732 920 767 947 et
784 920 865 947 natu
884 926 951 947 ma-

240 964 308 1003 jor,
339 974 400 997 cur
428 975 446 996 a
475 976 529 997 me
554 965 791 999 haereditatem
820 977 950 1008 speras,

245 1025 301 1055 11111
318 1025 390 1047 sum
412 1016 530 1058 junior
551 1021 586 1048 et
602 1017 636 1048 in
659 1027 759 1049 cursu
775 1017 858 1049 vitae
874 1028 951 1058 pos-

246 1066 372 1097 terior?
429 1067 506 1108 Vel,
534 1072 571 1098 tu
599 1067 655 1109 qui
687 1068 806 1099 Manio
837 1069 952 1109 potior

245 1115 325 1146 1111111
353 1126 401 1157 es,
414 1121 449 1148 et
472 1127 554 1149 vere
585 1123 765 1158 cognatus,
789 1128 850 1150 cur
873 1118 953 1150 dum

245 1169 335 1208 vivo,
350 1169 545 1202 haereditati
561 1180 646 1202 meae
657 1171 763 1202 inhias
778 1176 860 1202 ante
871 1171 953 1212 legi·

247 1220 364 1250 timum
394 1224 541 1262 tempus,
559 1221 691 1253 scilicet
715 1226 795 1254 ante
821 1222 954 1254 absolu-

247 1274 318 1301 tum
350 1270 428 1303 vitae
459 1272 632 1304 stadium?
693 1273 796 1304 Certe
836 1282 953 1304 cursor

245 1330 311 1352 11011
329 1322 419 1362 petit
444 1322 635 1364 lampadem
655 1323 696 1354 ab
717 1323 786 1354 alio
802 1327 883 1354 ante
898 1323 954 1354 de-

246 1382 380 1404 cursum
408 1373 575 1414 spatium:
608 1383 782 1415 nunquam
813 1383 892 1404 vero
920 1373 953 1404 in

245 1426 320 1465 ipso
336 1434 446 1467 cursu,
461 1435 524 1457 nec
538 1426 629 1467 prior
641 1436 661 1457 a
676 1424 877 1467 posteriore,
893 1425 954 1456 sed

248 1481 379 1509 contra.

292 1530 358 1561 Gur
381 1538 428 1559 me
452 1528 487 1559 in
511 1529 640 1559 decursu
666 1529 808 1569 lampada
835 1527 957 1568 poscas]

248 1579 443 1620 Allegorica
468 1581 594 1611 locutio
613 1580 770 1611 desumta
799 1590 818 1610 a
834 1585 956 1617 λαμπα-

247 1630 404 1671 δηδρομία.
464 1631 613 1671 Nempe,
649 1635 687 1661 ut
725 1631 772 1661 ait
819 1629 955 1670 Suidas,

249 1681 430 1722 Lampadis
447 1682 517 1712 tria
532 1680 621 1711 festa
637 1685 714 1711 sunt
739 1680 830 1720 apud
847 1679 954 1711 Athe-

249 1733 393 1772 menses,
442 1732 690 1770 Panathenaea,
741 1731 957 1770 Vulcanalia,

248 1783 465 1815 Promethea.
525 1783 578 1813 De
611 1780 812 1813 Promethei
840 1781 955 1820 Sacris

247 1836 301 1868 1110
316 1836 444 1867 mentio
461 1838 525 1874 est,
546 1834 580 1865 in
599 1833 720 1875 1111111115
737 1834 883 1874 juvenes
901 1842 955 1863 ac-

247 1896 365 1917 censas
382 1879 492 1917 &fidas
509 1889 683 1927 gestantes
712 1882 958 1923 decurrebant,

248 1937 507 1978 certabantque,
522 1936 595 1977 quis
609 1934 651 1965 ad
670 1944 809 1975 scopum
828 1933 957 1974 primus

249 1987 447 2028 perveniret
471 1996 539 2018 non
567 1986 720 2017 extincta
747 1983 836 2015 face.
882 1983 959 2015 Pri-

248 2048 322 2070 mus
353 2037 567 2079 defatigatus
595 2036 763 2077 proximo,
788 2035 815 2066 is
839 2038 960 2076 postea

250 2088 401 2120 defessus
418 2088 530 2129 alteri,
553 2092 588 2118 et
608 2087 773 2127 deinceps
791 2086 877 2116 alius
902 2085 960 2115 alii

251 2139 409 2171 tradebat
427 2139 605 2170 ardentem
622 2137 747 2176 facem,
764 2137 874 2168 donec
891 2145 959 2166 me-

251 2196 320 2222 tam
352 2191 602 2232 pertingerent.
657 2190 706 2219 Ea
733 2188 872 2229 quidem
902 2197 960 2218 ara

250 2242 448 2275 Promethei
473 2242 505 2272 111
531 2239 721 2273 Academia
744 2238 822 2278 fuit,
850 2249 869 2269 a
894 2248 960 2280 qua

250 2293 292 2324 ad
318 2293 436 2325 urbem
455 2303 572 2324 cursus
600 2295 674 2323 erat
697 2300 774 2322 cum
805 2289 958 2321 accensis

250 2343 416 2384 ejusmodi
449 2342 591 2374 facibus,
650 2341 740 2372 Vide
783 2339 882 2372 Alex.
915 2338 958 2370 ab

255 2393 354 2424 Alex.
366 2402 400 2422 v.
418 2395 449 2423 8.
496 2392 605 2432 Hujus
620 2391 876 2422 consuetudinis
892 2399 960 2420 me-

252 2444 426 2475 minerunt
440 2443 549 2473 Varro
574 2450 632 2472 111.
653 2445 706 2472 16.
731 2438 774 2472 de
801 2442 853 2472 Re
874 2441 960 2471 Rus-

255 2496 336 2537 lica,
351 2494 409 2526 ubi
431 2494 492 2532 ait,
519 2494 528 2509 ‘
544 2493 645 2524 Nunc
669 2502 770 2523 cursu
798 2491 960 2531 lampada

255 2545 319 2576 tibi
335 2543 464 2583 trado;‘
484 2542 519 2574 id
536 2547 602 2582 est,
628 2541 689 2573 tibi
707 2540 843 2572 dicendi
866 2540 959 2571 vices

255 2596 363 2628 trado,
409 2595 531 2627 Cicero
548 2592 591 2623 ad
616 2592 770 2623 Herenn.
787 2600 837 2622 lv.
853 2590 862 2608 ‘
879 2591 959 2622 Non

256 2647 357 2687 enim,
372 2644 650 2689 quemadmodum
664 2644 696 2674 in
713 2643 888 2685 palaestra,
905 2642 961 2687 qui

257 2699 367 2731 taedas
393 2690 715 2737 ardentes'accipit,
743 2695 886 2727 celerior
910 2698 963 2725 est

257 2750 292 2783 in
307 2759 407 2783 eursu
426 2748 599 2791 continuo,
616 2756 717 2791 quam
740 2746 798 2778 ille
822 2745 879 2788 qui
896 2749 963 2777 tra·

1006 864 1079 903 dit3
1104 863 1151 895 ita
1174 863 1294 895 melior
1316 862 1512 903 Imperator
1536 870 1642 891 novus
1656 859 1714 901 qui

1007 915 1134 956 accipit
1157 915 1357 954 exercitum,
1387 922 1484 954 quam
1502 912 1558 943 ille
1575 912 1632 953 qui
1656 911 1714 943 de-

1006 969 1117 1000 cedit:
1162 974 1349 1010 propterea
1379 966 1470 1008 quod
1508 964 1715 1007 defatigatus

1006 1029 1126 1051 cursor
1142 1019 1201 1050 dat
1217 1020 1351 1060 integro
1367 1017 1502 1058 facem3
1525 1021 1560 1048 at
1581 1017 1635 1048 1110
1658 1025 1716 1057 pe-

1006 1071 1094 1102 ritus
1112 1071 1307 1111 Imperator
1324 1070 1483 1111 imperito
1501 1066 1717 1099 exercitum!

1009 1122 1054 1152 Et
1071 1126 1149 1152 ante
1167 1122 1242 1152 illos
1260 1121 1441 1152 Lucretius
1463 1120 1523 1151 lib.
1539 1129 1578 1151 11.
1595 1129 1644 1151 vs.
1661 1121 1716 1150 77.

1009 1173 1018 1190 ⁴
1037 1173 1145 1215 Inque
1168 1172 1265 1203 brevi
1283 1172 1393 1213 spatio
1420 1175 1596 1202 mutantur
1612 1170 1716 1201 saecla

1009 1224 1231 1263 animantum,
1255 1224 1302 1254 Et
1329 1222 1425 1264 quasi
1450 1230 1608 1253 cursores
1632 1219 1715 1251 vitai

1012 1274 1172 1316 lampada
1190 1273 1357 1305 tradunt!

1051 1329 1093 1358 62
1117 1326 1195 1358 Sum
1210 1326 1270 1356 tibi
1295 1325 1487 1365 Effer-curius]
1522 1324 1578 1355 Ne
1602 1333 1656 1354 me
1678 1326 1718 1354 ut

1009 1377 1250 1419 propinquum,
1272 1380 1308 1407 te
1322 1380 1361 1407 ut
1384 1375 1555 1406 haeredem
1571 1378 1718 1414 certum,

1009 1438 1118 1460 meam
1146 1427 1385 1459 haereditatem
1402 1426 1499 1468 quasi
1525 1430 1618 1457 tuam
1643 1425 1721 1469 tibi->

1011 1480 1164 1521 quejure
1181 1478 1333 1511 debitam
1351 1478 1424 1519 jam
1447 1486 1536 1508 nunc
1557 1476 1718 1515 intuere;

1013 1531 1073 1562 scd
1098 1530 1210 1571 potius
1239 1529 1328 1570 finge
1355 1527 1418 1559 tibi
1444 1537 1498 1558 1110
1525 1536 1599 1558 esse
1624 1527 1720 1557 velut

1010 1581 1236 1619 Mercurium,
1259 1581 1318 1622 qui
1333 1579 1397 1610 tibi
1417 1579 1551 1619 ἑρμαῖον,
1568 1577 1720 1617 inspera-

1010 1636 1081 1662 tum
1109 1635 1144 1662 et
1173 1630 1353 1662 fortuitum
1382 1630 1576 1660 thesaurum
1605 1633 1639 1659 et
1671 1629 1721 1659 lu-

1009 1692 1104 1713 crum
1130 1681 1306 1721 annuntio,
1323 1681 1451 1721 indico,
1473 1680 1618 1712 ostendo
1642 1690 1723 1722 cap·

1012 1733 1165 1765 tandum.

1060 1784 1156 1816 Venio
1179 1784 1267 1815 Deus
1295 1784 1353 1814 huc
1373 1781 1445 1822 ego]
1483 1781 1658 1823 Inopinati
1685 1784 1721 1812 et

1010 1834 1153 1865 indebiti
1170 1834 1255 1864 lucri
1281 1834 1389 1872 Deus,
1407 1837 1445 1863 ut
1471 1831 1630 1870 diximus,
1649 1831 1720 1862 Sat.

1012 1895 1051 1917 11.
1068 1895 1118 1917 vs.
1132 1888 1186 1917 ll.
1200 1884 1241 1916 ad
1257 1884 1364 1915 verba
1380 1884 1474 1915 haec:
1500 1883 1625 1914 Dextro
1639 1881 1723 1913 Her-

1012 1940 1090 1970 cule.

1062 1990 1106 2021 Ut
1129 1989 1181 2020 ille
1200 1988 1361 2030 pingitur]
1390 1988 1583 2019 Mercurius
1604 1987 1722 2028 pinge-

1014 2042 1117 2073 batur
1134 2051 1235 2071 manu
1260 2046 1380 2071 tenens
1401 2049 1595 2070 crumenam
1620 2048 1723 2080 pecu-

1014 2092 1072 2122 nia
1099 2090 1274 2132 gravidam
1300 2095 1335 2121 et
1352 2094 1560 2131 turgentem.
1588 2089 1723 2129 Suidas,

1017 2142 1230 2173 Macrobius.

1058 2196 1099 2224 63
1125 2193 1177 2225 An
1214 2193 1335 2234 renuis]
1375 2191 1429 2223 An
1460 2201 1527 2223 non
1557 2191 1607 2222 vis
1633 2190 1723 2221 bona

1013 2254 1091 2275 mea
1104 2244 1199 2275 v'elut
1216 2244 1320 2283 gratis
1338 2243 1421 2274 data
1437 2242 1595 2282 accipere
1613 2245 1647 2272 et
1664 2240 1724 2271 ad-

1014 2295 1181 2326 ventitia?
1228 2294 1352 2325 Horat.
1383 2294 1455 2325 Sat.
1490 2301 1530 2324 11.
1561 2295 1592 2323 3.
1628 2292 1723 2323 ‘Ex-

1014 2356 1102 2385 cors,
1120 2345 1264 2387 Rejecta
1291 2344 1420 2385 praeda,
1442 2353 1540 2386 quam
1572 2350 1722 2384 praesens

1015 2399 1210 2430 Mercurius
1227 2397 1295 2429 fert
1303 2397 1324 2429 ?’

1062 2449 1145 2480 Vi’n’
1158 2452 1191 2480 tu
1199 2450 1337 2488 gaudere
1353 2445 1488 2485 relictis]
1501 2445 1607 2475 Visne
1619 2443 1723 2484 potiri

1013 2498 1217 2529 haereditate.
1235 2507 1323 2536 mea,
1337 2500 1416 2536 post
1438 2499 1582 2526 mortem
1598 2491 1722 2534 meam',

1015 2549 1180 2590 quantula
1197 2548 1300 2579 fuerit
1316 2547 1395 2578 illa?

1058 2603 1099 2631 64
1123 2600 1220 2631 Deest
1245 2598 1363 2639 aliquid
1387 2596 1528 2637 summoe]
1563 2597 1722 2628 Fortasse

1017 2650 1123 2690 dices,
1138 2654 1270 2691 partem
1286 2649 1359 2689 ejus
1377 2648 1526 2689 aliquam
1552 2657 1571 2677 a
1597 2656 1650 2677 me
1666 2646 1723 2679 ab,-

1015 2706 1158 2733 sumtam
1175 2700 1293 2733 fuisse.
1335 2698 1385 2731 At
1409 2708 1473 2739 ego
1499 2697 1561 2728 tibi
1586 2705 1724 2736 respon-

1017 2752 1095 2794 deo,
1110 2751 1210 2784 minm'
1224 2749 1323 2787 milza-
1348 2753 1393 2789 et,
1409 2746 1570 2791 quicquid
1588 2742 1724 2778 detraxss
