1888 3032
704 171 869 205 PERSII
913 172 1021 203 SAT.
1046 170 1113 201 VI.

219 271 260 300 18
284 267 461 308 Discrepet‚
475 265 542 308 ἔξω]
573 267 700 298 Sensus
716 270 787 298 est:
806 267 880 307 Ego

175 319 312 360 quidem
343 319 392 349 ita
424 318 511 358 vivo,
545 327 609 349 nec
639 322 759 349 contra
789 317 881 356 dico,

175 370 254 410 quin
270 369 327 399 alii
343 369 445 400 aliter
467 369 596 407 vivant,
620 373 655 400 et
678 369 727 399 illi
744 368 881 409 quidem

174 419 386 460 discrepent,
398 424 432 450 et
442 419 630 450 dissideant
641 419 783 450 abhisce
796 418 882 449 meis

173 470 338 502 moribus.
398 471 460 502 Est
491 475 604 502 autem
635 469 882 501 concessio.—

177 520 336 561 Gemiuoe,
350 520 417 560 isa]
442 520 472 551 Ο
492 521 707 560 Horoscope,
722 519 778 560 qui
796 528 881 549 unus

170 575 210 611 et
226 570 316 601 idem
334 580 383 610 es,
402 575 513 602 tamen
531 569 689 610 producis
713 569 746 599 in
770 569 881 599 lucem

175 620 328 662 geminos
361 621 489 652 eisdem
518 620 733 661 parentibus,
759 619 880 650 eodem

178 677 333 712 tempore
361 675 463 710 satos,
482 675 518 701 et
545 674 655 711 natos,
676 670 768 701 vario
789 670 881 710 inge-

175 721 244 762 nio,
265 721 484 753 dissimilibus
501 721 632 760 studiis,
656 721 800 752 diversis
816 730 883 751 mo-

175 771 519 813 ribus.-H0roscope]
536 772 628 803 Illud
637 771 800 812 temporis
811 780 882 801 mo-

174 827 325 854 mentum
344 827 409 862 est,
433 823 523 854 intra
551 822 640 862 quod
665 822 807 864 quisque
824 831 883 853 na-

175 873 304 905 scitur:
339 874 436 915 quasi
467 873 631 914 temporis
657 873 883 914 inspectio.—

181 923 278 964 Varo]
311 924 428 964 Vario,
463 924 630 963 dissimili,
666 924 883 956 dissentienti

176 974 326 1015 ingenio.
352 974 466 1006 Lubin.

220 1026 260 1055 19
288 1023 455 1065 Producis]
493 1024 534 1055 Iu
563 1025 672 1056 lucem
709 1034 752 1056 ex
783 1030 882 1056 utero

175 1079 332 1106 materno
348 1073 490 1115 profers.
536 1075 664 1106 Contra
678 1075 792 1115 alogos
806 1074 883 1106 illos

176 1125 378 1165 astrologos,
407 1125 465 1166 qui
492 1129 616 1166 putant
646 1125 767 1156 eodem
801 1130 885 1157 tem-

175 1186 272 1217 pore,
289 1181 325 1207 et
339 1177 402 1207 sub
418 1177 539 1208 eadem
557 1177 817 1208 constellatione
828 1186 885 1207 na-

177 1233 229 1259 tos
257 1228 414 1260 similiter
444 1238 520 1260 esse
559 1227 885 1269 adfectos—&lm

176 1279 246 1320 δῖα]
279 1279 365 1310 Inde
389 1278 440 1318 fit,
456 1285 494 1310 ut
507 1280 600 1311 inter
613 1280 766 1320 geminos
783 1280 885 1311 etiam

175 1329 264 1360 alter
279 1329 379 1368 sit‚et
391 1329 597 1367 inveniatur,
615 1331 672 1371 qui
690 1331 774 1362 adeo
788 1329 884 1361 vafre

176 1385 212 1410 et
229 1380 352 1411 callide
365 1390 443 1411 suas
460 1390 543 1420 opes
560 1380 736 1420 adservet,
749 1385 787 1412 ut
801 1381 884 1411 alius

178 1434 331 1461 extreme
348 1431 504 1462 sordidus
514 1436 553 1462 et
567 1440 697 1471 avarus,
711 1433 832 1462 misere
848 1436 885 1463 et

178 1481 332 1513 renuit-er
370 1480 519 1520 victitet,
551 1481 635 1511 alius
663 1481 790 1512 siccum
813 1481 885 1512 sine

178 1531 248 1563 ullo
271 1531 456 1572 liquamine
485 1532 558 1562 olus
589 1532 768 1570 comedat;
807 1532 886 1562 solis

179 1586 292 1612 autem
320 1581 440 1612 diebus
472 1581 642 1613 natalibus
670 1583 796 1614 lautius
828 1583 886 1613 ali-

179 1636 307 1672 quanto
345 1632 459 1663 vivere
491 1632 670 1671 sustineat,
698 1633 772 1664 olus
804 1633 886 1664 alias

177 1682 306 1712 siccum
331 1681 452 1722 tingat,
466 1686 502 1712 et
526 1687 644 1723 ungat,
662 1683 764 1724 idque
779 1683 887 1713 muria

179 1740 304 1771 genere
317 1732 508 1772 liquaminis
526 1732 700 1774 vilissimo,
711 1733 836 1775 illaque
852 1733 887 1765 in

178 1781 287 1812 calice
308 1787 410 1813 emta.
447 1782 561 1814 Lubin.

221 1833 263 1862 20
287 1831 419 1871 Tingat]
448 1833 588 1864 Leviter
615 1839 748 1875 tangat,
771 1839 808 1865 et
830 1834 890 1865 im-

180 1882 463 1922 buat.—Siccum]
493 1882 602 1923 Alias,
619 1889 654 1915 et
676 1885 768 1915 nullo
784 1889 888 1916 uncto

179 1935 233 1965 vel
249 1934 432 1976 liquamine
457 1935 809 1977 imbutum—Maria]
833 1936 889 1967 Li-

179 1985 345 2025 quaminis
363 1994 470 2025 genus
500 1985 708 2025 vilissimum,
725 1986 816 2027 quod
845 1995 887 2017 ex

180 2036 385 2076 thynnorum
399 2036 478 2066 tabe
500 2036 760 2076 conficiebatur,
777 2041 816 2067 ut
832 2047 889 2077 ga-

183 2096 257 2117 rum
271 2095 316 2117 ex
330 2086 576 2118 seombrorum.
613 2088 675 2118 Est
686 2088 790 2118 etiam
803 2097 891 2129 aqua

183 2137 270 2168 salsa
286 2137 321 2168 in
344 2147 410 2177 qua
437 2137 566 2179 aliquid
591 2137 657 2169 fuit
677 2142 889 2170 maceratum

181 2192 240 2218 aut
269 2188 548 2228 servatum—In,
574 2189 643 2229 Em]
684 2189 725 2220 Id
755 2194 822 2229 est,
848 2190 891 2220 In

185 2238 311 2278 exiguo
329 2239 467 2269 vasculo
480 2249 596 2280 parce,
615 2249 659 2270 ne
681 2239 800 2271 diebus
817 2250 892 2281 pro-

183 2287 283 2320 festis
297 2289 424 2330 aliquid
439 2290 600 2330 supersit.
649 2290 764 2321 Mutia
776 2296 891 2322 autem

184 2345 222 2370 et
238 2339 359 2371 similia
369 2341 405 2371 in
424 2342 531 2372 calice
545 2352 673 2383 emere,
696 2343 798 2374 moris
814 2342 892 2376 suit.

180 2389 297 2422 Lubin.

224 2445 262 2473 21
298 2441 464 2483 [psas-eq
491 2442 531 2473 Id
549 2448 611 2483 est,
639 2443 739 2476 Adeo
755 2455 892 2486 avarum,

181 2497 218 2523 et
232 2492 400 2532 sordidus,
414 2497 450 2523 ut
467 2493 564 2533 piper
576 2498 736 2535 tanquam
754 2505 824 2527 rem
840 2506 891 2527 sa-

182 2550 277 2573 cram
301 2546 340 2573 et
363 2543 559 2583 religiosam
588 2544 794 2587 minimeque
820 2552 892 2577 tan-

183 2593 344 2633 gendam,
360 2603 462 2633 parce
480 2594 673 2636 admodum,
689 2601 725 2628 et
748 2597 893 2628 minuta·

185 2643 243 2672 tim
262 2642 387 2682 patinae
407 2644 561 2683 instillet,
577 2650 614 2676 et
639 2646 734 2686 quasi
756 2647 892 2678 irroret.

182 2691 488 2732 -1ρεε]Ἔμῲασις.
514 2693 600 2725 Aliis
613 2696 704 2727 enim
729 2697 803 2728 haec
826 2707 893 2728 non

185 2741 499 2782 concredit.—H1·c,
511 2744 581 2784 Era]
597 2746 799 2787 Exemplum
818 2757 894 2787 pro-

188 2793 269 2835 digi.
315 2792 364 2824 At
380 2792 434 2824 hic
451 2793 546 2836 alius,
563 2796 617 2826 vel
639 2797 727 2827 alter
747 2807 832 2838 puer
851 2806 894 2828 ex

1555 158 1641 201 277

934 265 1076 307 geminis
1085 268 1247 306 tanquam
1254 262 1470 304 magnanimus
1477 262 1643 294 bonorum

933 326 1069 347 suorum
1083 325 1269 356 possessor,
1275 314 1412 354 grandia
1421 314 1510 353 bona,
1525 314 1644 354 ingen-

934 371 986 398 tes
1001 376 1094 406 opes,
1110 367 1212 405 dente,
1226 366 1315 405 gula,
1325 365 1462 406 peragit,
1475 364 1643 406 dilapidat

934 421 969 447 et
986 415 1141 447 absumit.
1168 416 1266 447 Idem.

976 469 1017 498 22
1047 466 1286 506 Magnanimus]
1308 465 1416 496 Avari
1433 465 1524 496 enim
1541 464 1645 506 pusil-

934 517 1088 555 lanimes,
1116 521 1154 548 ut
1178 516 1235 558 qui
1262 516 1467 554 habeantur,
1494 525 1563 546 non
1588 515 1646 546 ha.-

935 567 1039 598 beant
1055 567 1205 598 divitias.
1220 567 1483 607 Lubin.-Puer]
1502 566 1568 597 Hie
1582 575 1647 606 pro

933 619 1051 657 stulto,
1074 627 1141 649 non
1163 622 1280 656 aetate,
1306 617 1366 648 sed
1394 617 1556 648 moribus.
1585 616 1648 647 Ca·

932 668 1164 707 saith—Utar,
1181 669 1248 709 ἐξα]
1275 668 1317 699 Id
1340 672 1403 706 est,
1431 668 1505 708 Ego
1530 671 1646 698 autem

934 725 1054 752 contra
1081 725 1160 751 utar
1186 720 1270 750 meis
1297 719 1532 757 facultatibus,
1559 721 1646 758 utar,

934 772 1084 813 inquam,
1100 771 1189 808 illis3
1216 770 1276 801 sed
1298 775 1414 801 tamen
1436 769 1486 800 ita
1512 778 1555 799 ne
1581 768 1647 799 illis

934 820 1068 861 abutar,
1084 826 1119 852 et
1136 820 1169 852 in
1187 821 1332 852 luxuriae
1348 820 1468 851 vitium
1480 818 1644 857 incidam,

935 881 999 902 nec
1016 871 1113 902 nimis
1128 871 1241 902 lautus
1255 876 1291 902 et
1319 871 1487 902 delicatus
1513 869 1648 900 libertis

934 922 1020 953 meis
1034 927 1071 953 et
1087 922 1203 961 servis,
1224 921 1391 959 rhombos,
1416 925 1452 952 ct
1473 920 1647 961 preciosos

936 975 1046 1014 pisces
1069 984 1131 1015 per
1148 979 1336 1006 extremam
1356 973 1525 1005 luxuriam
1543 981 1647 1013 appo—

932 1035 1023 1056 nam.

975 1080 1016 1108 23
1034 1076 1170 1116 Lautus]
1205 1076 1372 1107 Liberalis
1394 1074 1506 1114 nimis,
1524 1073 1650 1105 delica-

935 1131 1001 1167 tus,
1017 1127 1193 1168 prodigus.
1210 1125 1543 1165 Luhin.—Rhombos]
1571 1124 1647 1155 Pis-

935 1177 984 1207 cis
1000 1176 1092 1216 plani
1109 1186 1225 1216 genus,
1243 1177 1361 1206 Romae
1378 1175 1455 1206 olim
1469 1175 1502 1205 in
1516 1173 1646 1205 delitiis

934 1227 1082 1259 habitus.
1115 1227 1185 1257 Een
1209 1224 1518 1265 Turbam—Ponere]
1545 1225 1585 1256 In
1601 1225 1648 1259 ci-

936 1278 1014 1309 bum
1030 1286 1215 1317 apponere.

978 1330 1019 1359 24
1046 1327 1231 1367 Turdarum,
1248 1327 1318 1367 8512]
1345 1327 1563 1367 Cognoscere
1578 1329 1649 1356 tur-

936 1377 1056 1409 dorum
1074 1387 1226 1418 sapores.
1264 1377 1386 1408 Solent
1403 1376 1494 1407 enim
1512 1375 1651 1416 quidam

936 1429 1025 1470 gulae
1043 1427 1166 1467 dediti,
1184 1432 1288 1459 tautae
1305 1426 1509 1459 subtilitatis
1525 1425 1650 1457 habere

936 1479 1099 1519 palatum,
1117 1483 1155 1509 ut
1168 1477 1366 1518 dignoscant
1379 1477 1510 1517 turdos,
1523 1486 1565 1508 an
1581 1477 1649 1507 cel-

937 1530 1047 1568 lanus,
1063 1539 1104 1559 an
1124 1529 1288 1559 terrarius
1314 1528 1380 1559 sit:
1410 1538 1451 1558 an
1467 1527 1652 1566 masculus,

937 1589 979 1610 au
996 1578 1145 1611 foemina.
1187 1579 1379 1609 Turdarum
1397 1579 1484 1609 dixit
1501 1578 1652 1621 abusive,

938 1640 1016 1661 cum
1030 1629 1207 1661 turdorum
1235 1629 1413 1667 debuerat,
1431 1634 1469 1660 ut
1485 1628 1651 1660 Horatius

939 1681 1054 1722 ponit:
1083 1681 1091 1697 ‘
1109 1680 1204 1710 Pene
1218 1680 1465 1719 macros,arsit‚
1483 1679 1560 1710 dum
1580 1684 1650 1710 tur-

939 1731 1001 1762 dos
1022 1735 1138 1762 versat
1162 1730 1196 1761 iu
1223 1730 1318 1771 igni.'
1354 1731 1424 1762 Vet.
1448 1730 1652 1770 Sch.-Nec,

937 1782 1006 1823 δῖα]
1033 1782 1075 1813 Id
1093 1787 1159 1820 est,
1182 1783 1258 1813 Nec
1274 1791 1367 1812 more
1387 1785 1543 1812 extreme
1567 1780 1651 1811 deli-

940 1838 1093 1864 catorum
1108 1837 1143 1863 et
1159 1831 1408 1862 luxuriosorum
1435 1831 1572 1862 nimium
1599 1840 1652 1861 so-

940 1884 1008 1914 lers
1026 1883 1100 1923 sim,
1112 1888 1149 1914 et
1163 1883 1296 1914 subtilis
1314 1893 1389 1914 meo
1406 1884 1533 1923 palato,
1547 1887 1586 1915 ut
1601 1892 1653 1913 sa-

940 1935 1044 1966 livam
1055 1940 1205 1973 tenuem,
1218 1939 1254 1965 et
1267 1944 1422 1975 saporem
1436 1935 1573 1966 minimo
1585 1935 1653 1965 dis·

940 1986 1080 2017 crimine
1097 1985 1282 2017 distantem
1299 1986 1650 2027 turdorumjuniperis

941 2042 1129 2078 pastorum,
1155 2041 1192 2067 et
1215 2037 1355 2067 aliorum
1383 2037 1508 2077 possim
1534 2036 1653 2078 digno-

941 2098 1050 2129 scere,
1073 2092 1109 2119 et
1138 2087 1345 2118 discernere.
1405 2087 1504 2118 Dixit
1535 2094 1652 2118 autem

940 2140 1102 2171 turdarum
1123 2139 1262 2170 abusive
1281 2148 1342 2179 pro
1359 2137 1558 2169 Turdorum.
1587 2137 1652 2168 Lu-

941 2189 1260 2229 binus.—Salivam]
1295 2189 1434 2220 Salicum
1460 2197 1521 2229 pro
1549 2192 1652 2228 gustu

942 2246 1085 2282 ponunt.
1129 2240 1221 2272 Hinc
1237 2240 1368 2270 salivam
1390 2248 1511 2269 morere
1536 2237 1653 2269 Latini

942 2291 1072 2330 dicunt,
1086 2301 1163 2332 quae
1181 2294 1314 2331 gustum
1331 2290 1487 2320 excitant
1499 2293 1534 2320 et
1546 2288 1655 2330 prori-

943 2346 1027 2372 tant.
1051 2341 1183 2372 Salmas.
1208 2339 1342 2371 Tumeb.
1353 2338 1652 2378 xxx.7.—Solers,

939 2392 1011 2434 Qu]
1031 2393 1076 2423 Et
1100 2392 1246 2422 maxima
1262 2390 1404 2422 solertia
1419 2390 1651 2422 internoscam

941 2448 976 2475 et
991 2443 1194 2475 discernam.
1218 2441 1331 2473 Lubin.

984 2496 1024 2525 25
1055 2494 1170 2533 Messe,
1185 2493 1254 2534 ἐξα]
1299 2492 1341 2523 Id
1370 2496 1433 2532 est,
1459 2489 1651 2522 Facienduss

942 2550 996 2576 est
1012 2549 1142 2576 sumtus
1159 2554 1221 2585 pro
1238 2544 1370 2574 ratione
1387 2542 1601 2579 facultatum,
1614 2544 1651 2571 et

943 2600 1073 2627 sumtus
1089 2604 1196 2625 messe
1211 2593 1351 2634 propria
1368 2593 1421 2622 vel
1438 2590 1558 2621 annuis
1573 2598 1651 2629 pro·

943 2647 1092 2687 priorum
1106 2654 1262 2685 agrorum
1278 2641 1497 2683 proventibus
1510 2639 1652 2669 metien-

943 2698 979 2729 di
1007 2702 1097 2728 sunt.
1126 2696 1237 2728 Lubin.
1288 2694 1398 2724 Vivere
1424 2700 1519 2722 messe
1543 2693 1652 2726 tenus;

944 2748 1028 2779 nihil
1055 2747 1238 2788 quicquam
1268 2743 1311 2774 de
1342 2742 1455 2773 reditu
1481 2740 1650 2782 reliquum

943 2798 1082 2837 facere;
1119 2797 1155 2828 id
1185 2799 1250 2836 est,
1276 2797 1391 2833 tenus;
1422 2797 1530 2825 totum
1559 2791 1650 2824 enim
