1888 3032
249 118 333 162 134

249 230 515 271 Sambucam
537 230 668 270 citius
689 230 832 270 caloni
855 232 1074 283 aptaveris
1097 233 1200 273 alto.

752 133 778 162 A
791 156 798 162 .
835 134 857 162 P
870 133 995 163 ERSH
1031 135 1203 166 FLACCI

1656 238 1714 279 95

250 298 348 339 Stat
367 301 515 338 contra
536 297 661 342 ratio,
683 300 726 337 et
747 304 962 338 secretum
985 300 1134 351 gannit
1156 301 1197 340 in
1219 315 1384 353 turrem,

248 418 429 459 prm-{pitis

477 418 599 448 Caculae
618 427 743 458 procero
751 416 884 456 facilius
899 420 1139 452 accommodabis
1165 421 1331 453 citharam.

1378 423 1474 454 Ratio
1490 429 1657 465 repugnat,
1682 429 1713 457 et

911 531 1051 564 NOTAE

248 604 338 645 rim]
359 604 407 634 Te
424 603 484 634 tibi
502 604 708 646 relinquere,
725 606 846 636 idoneo
862 606 955 637 velut

252 664 291 685 ac
310 655 421 694 perito
447 655 504 685 τοῦ
527 655 651 694 ἀνέχειν
674 656 724 687 καὶ
745 657 800 686 τοῦ
816 654 956 696 ἀπέχειν,

251 706 446 737 discernere
486 713 618 738 rectum
657 709 735 738 vitae
777 718 956 749 rerumque

214 772 217 773 ⁷
250 767 360 796 nsum,
390 757 470 798 qnid
499 757 709 797 fugiendum,
738 759 817 800 qnid
848 759 957 789 indul-

250 807 396 845 gendum
413 808 477 839 tibi
491 813 525 839 et
541 809 634 847 aliis;
658 809 807 851 nihilque
823 814 957 850 optare,

252 857 334 888 nihil
358 864 525 897 metuere,
552 859 615 889 nisi
642 870 684 890 ex
712 860 851 891 rationis
872 870 957 900 pra).—

251 908 390 948 scripto.
439 910 523 940 Haec
540 910 672 941 lubrica
697 911 845 951 quidem,
870 912 958 951 rapi-

252 959 309 997 da,
324 958 430 989 ardua
446 965 545 991 sunt:
570 961 642 991 haec
658 971 723 991 non
741 961 875 993 confert
892 972 958 993 una

251 1009 415 1040 Praetoris
430 1010 576 1051 vertigo,
594 1016 629 1042 et
647 1011 758 1043 brevis
772 1013 958 1044 circumac-

253 1059 321 1097 tio;
356 1059 415 1090 sed
442 1061 544 1101 longa
579 1062 765 1103 sedulaque
802 1064 958 1103 Magistri

252 1118 383 1139 morum
397 1109 577 1142 institutio.
624 1112 656 1141 ts
671 1118 766 1143 certe
782 1118 957 1154 postquam

253 1160 285 1189 iu
303 1160 394 1190 omni
412 1160 573 1191 virtutum
592 1171 717 1201 genere
736 1162 791 1194 diu
810 1168 844 1194 te
862 1174 958 1195 exer·

254 1209 366 1240 «tuerit
390 1215 425 1240 et
440 1209 620 1242 affectibus
644 1215 810 1254 purgarit,
839 1220 871 1246 te
895 1215 959 1246 tibi

254 1260 454 1299 permittere
483 1267 610 1302 potest,
637 1274 786 1305 vereque
813 1265 958 1296 liberum

256 1320 317 1350 per
343 1312 454 1343 omnia
498 1314 739 1353 pronuntiarc;
778 1325 846 1346 non
876 1316 958 1347 item

254 1361 492 1402 Magistratus,
508 1369 567 1394 ant
583 1364 730 1396 Praetor.

297 1415 338 1443 95
363 1413 547 1444 Sambucam
575 1415 680 1454 citius,
706 1416 776 1456 ἐγα]
813 1417 960 1448 Facilius

252 1472 336 1494 sane
349 1462 453 1495 fuerit
469 1464 603 1496 efficere
621 1472 658 1497 ut
675 1468 816 1507 agrestis
833 1477 962 1507 servus,

255 1514 314 1555 qui
331 1524 394 1545 nec
411 1516 580 1547 Musicani
598 1517 719 1549 didicit
735 1528 797 1549 nec
814 1519 961 1550 citharas

254 1564 352 1605 xidit,
369 1576 425 1596 eas
440 1577 482 1597 ex
500 1572 574 1598 arte
592 1569 716 1608 pulset,
732 1579 829 1609 quam
847 1568 960 1600 facere

256 1620 294 1646 ut
313 1616 422 1646 Dama
438 1617 601 1648 rationem
616 1625 787 1658 sequatur,
800 1625 833 1650 et
846 1621 963 1651 tenuia

256 1674 368 1695 rerum
387 1665 497 1696 officia
513 1668 615 1707 norit,
632 1673 666 1699 ct
685 1674 834 1707 praestet.
879 1670 962 1700 Pro—

255 1714 348 1746 verb.
386 1717 504 1747 Asinus
518 1719 557 1747 ad
574 1718 690 1758 lyram:
716 1719 809 1759 item,
832 1719 961 1750 Samba-

256 1776 321 1796 cum
337 1767 447 1798 caloni.

311 1817 510 1860 Sambucam]
554 1819 629 1849 Vox
664 1820 818 1860 Syriaca,
852 1822 963 1862 inquit

257 1868 491 1900 Casanbonus.
545 1870 635 1901 Galli
663 1871 800 1910 harpam
829 1878 963 1912 vocant,

256 1919 408 1950 Turneb.
427 1929 487 1951 xx.
516 1924 546 1951 1.
584 1921 696 1952 Latini
715 1922 897 1963 Graecique
916 1924 962 1964 ly-

257 1978 327 1999 ram
359 1974 394 1999 et
423 1970 604 2010 citharam,
634 1973 715 2002 item
743 1973 878 2003 nablum
903 1983 962 2004 seu

258 2019 420 2051 nablium.
446 2021 615 2052 Mnsicum
633 2027 686 2052 est
701 2023 962 2054 instrumentum

259 2071 475 2110 triangularis
504 2071 633 2104 forium.
694 2073 880 2104 Athenaus
911 2084 963 2106 ιν.

259 2123 314 2151 23.
348 2121 550 2152 Sambucam
568 2123 833 2163 lyroplioenicem
852 2125 963 2155 vocari

259 2172 320 2211 ait,
344 2171 484 2212 ejusque
511 2173 724 2204 inventorem
752 2173 858 2205 fuisse
885 2176 964 2216 Iby-

260 2232 338 2253 cum
367 2222 566 2263 Rheginum.
611 2224 657 2254 Et
683 2233 762 2255 xiv.
779 2228 808 2255 8.
828 2230 964 2256 acutum

260 2283 334 2304 esse
351 2273 424 2313 ejus
443 2283 573 2311 sonum,
590 2273 713 2305 fidibus
731 2280 876 2315 quatuor
894 2282 966 2307 ten-

262 2333 332 2353 sum
352 2324 458 2363 primo
483 2324 598 2355 fuisse.
644 2326 688 2355 Et
712 2335 741 2356 c.
763 2328 794 2356 9.
812 2326 964 2366 ejusdcm

262 2372 368 2411 Libri,
394 2374 554 2404 sambuca
580 2376 723 2414 primam
751 2387 843 2407 usam
861 2376 964 2408 fuisse

259 2423 434 2464 Sibyllam,
465 2429 567 2464 atque
594 2424 643 2454 ita
670 2431 822 2456 secatam
840 2428 965 2458 aSam-

262 2475 352 2515 byee
383 2475 539 2516 quodam.
584 2476 728 2507 Casanb.
768 2477 802 2507 in
838 2478 964 2508 Athen.

262 2527 271 2542 ‘
291 2526 429 2557 Certum
445 2525 518 2565 est‚'
539 2525 660 2567 inquit,
695 2527 703 2542 ‘
720 2527 967 2558 vetustissimos

264 2576 417 2608 Orientis
433 2576 574 2616 populos
590 2586 630 2606 eo
647 2586 772 2616 organo
788 2586 859 2607 esse
875 2587 964 2609 usos:

264 2627 344 2657 inde
375 2627 510 2658 transiit
532 2626 574 2658 ad
609 2626 748 2658 Graecos
781 2632 815 2658 et
847 2638 901 2659 res
931 2633 967 2660 et

265 2677 410 2709 nomen!
436 2678 516 2719 Ejus
533 2677 748 2709 instrumenti
765 2680 885 2711 musici
901 2690 968 2711 me-

1009 606 1180 638 minerunt
1207 608 1383 649 Propheta
1411 610 1535 641 Daniel
1555 621 1584 641 c.
1605 613 1635 642 3.
1658 611 1716 642 Vi-

1010 662 1099 689 truv.
1124 660 1149 690 l.
1177 669 1226 691 vr.
1263 660 1463 700 Spartianus
1489 661 1520 691 in
1549 661 1717 701 Adriano,

1011 712 1075 740 &c-
1112 710 1175 740 Est
1192 711 1293 741 etiam
1320 711 1472 741 iS'amhuca
1496 711 1573 742 belli
1592 712 1716 742 instru-

1011 763 1175 798 mentum,
1191 761 1280 800 qnod
1298 760 1432 791 funibus
1461 762 1661 802 intenditur,
1679 767 1718 793 nt

1012 810 1148 841 chordis
1178 810 1326 841 vimara:
1366 812 1454 842 unde
1481 821 1616 843 nomen.
1663 814 1718 844 De

1012 869 1051 890 eo
1070 860 1202 892 Yitruv.
1220 861 1240 891 l.
1259 869 1294 891 x.
1319 861 1495 892 Plutarch.
1511 862 1543 892 in
1562 863 1720 894 Marcelli

1013 910 1106 941 Vita.
1140 911 1261 952 Polyb.
1280 912 1301 943 l.
1320 920 1399 943 vm.
1418 912 1511 953 Lips.
1528 913 1720 945 Poliorcet.

1012 961 1033 991 l.
1050 969 1076 990 1.
1095 961 1230 1001 Dialog.
1248 965 1278 993 (3.
1304 962 1466 1003 Vegetius
1483 967 1516 994 et
1530 963 1598 994 alii.
1627 963 1721 994 Scili-

1013 1017 1082 1052 cet,
1109 1022 1127 1043 e
1157 1017 1249 1044 turre
1275 1024 1381 1054 prope
1406 1015 1523 1046 urbem
1549 1015 1719 1047 obsessam

1013 1068 1184 1103 extructa,
1202 1064 1294 1095 trabs
1310 1064 1428 1104 ingens
1445 1065 1580 1096 funibus
1595 1076 1634 1097 ac
1653 1071 1719 1096 tro-

1013 1113 1096 1143 cleis
1110 1113 1150 1143 ad
1167 1123 1276 1144 muros
1293 1114 1417 1152 laxata,
1437 1120 1509 1146 erat
1527 1125 1587 1155 pro
1605 1122 1721 1156 ponte,

1012 1168 1047 1192 et
1064 1172 1124 1203 per
1141 1172 1213 1194 eam
1232 1167 1446 1195 transeuntes
1464 1166 1586 1196 milites
1603 1166 1720 1196 urbem

1012 1213 1231 1245 invadebant.
1276 1214 1463 1247 Athenaeus
1489 1217 1562 1247 loco
1579 1226 1656 1247 mox
1674 1217 1719 1247 ci-

1015 1268 1087 1294 tato
1104 1273 1180 1295 xiv.
1197 1267 1228 1295 8.
1253 1265 1406 1305 ejusdem
1420 1266 1586 1305 meminit,
1603 1267 1720 1307 aitque

1014 1315 1195 1345 Sambucam
1221 1326 1295 1346 esse
1323 1316 1485 1347 machinae
1508 1317 1638 1348 bcllicae
1665 1329 1721 1358 ge-

1016 1375 1077 1395 nus
1107 1366 1342 1405 oppugnandis
1370 1367 1511 1397 urbibus
1540 1367 1720 1400 idoneum:

1015 1416 1159 1446 hostium
1185 1417 1350 1446 moenibus
1373 1416 1504 1448 duabus
1522 1419 1648 1448 suculis
1663 1419 1722 1450 ad-

1014 1466 1157 1505 moveri,
1174 1471 1298 1497 etcum
1312 1472 1463 1497 erectum
1482 1467 1597 1507 fuerit,
1610 1469 1721 1500 simile

1016 1520 1106 1547 esset
1123 1517 1258 1547 navium
1285 1518 1383 1547 scalis
1400 1516 1489 1548 foras
1506 1519 1669 1559 projectis
1685 1524 1722 1551 et

1016 1569 1197 1607 expansis:
1236 1569 1461 1598 Romanorum
1492 1578 1565 1599 esse
1596 1570 1722 1600 machi-

1017 1628 1112 1656 nam3
1138 1618 1284 1658 deniqne
1301 1617 1468 1648 fabricam
1497 1619 1568 1659 ejus
1594 1624 1628 1650 et
1653 1619 1721 1651 for-

1016 1678 1103 1698 mam
1135 1668 1306 1698 inventam
1343 1678 1417 1699 esse
1454 1668 1496 1699 ab
1536 1669 1721 1702 Heraclide

1015 1720 1211 1750 Tarentino.

1063 1768 1187 1808 Coloni]
1215 1769 1291 1799 (⁷an
1311 1779 1427 1800 servus
1444 1771 1571 1810 militis,
1586 1772 1639 1803 cui
1657 1774 1723 1804 val-

1018 1820 1084 1850 lum
1101 1820 1213 1851 defert
1230 1826 1265 1851 et
1281 1821 1383 1861 ligna,
1400 1821 1522 1852 Graece
1539 1824 1641 1862 κᾶλα;
1670 1825 1723 1856 vel

1017 1881 1058 1901 ex
1087 1881 1126 1902 eo
1155 1872 1266 1902 dictus
1294 1872 1383 1913 quod
1413 1873 1560 1913 ligneam
1592 1875 1722 1906 clavam

1019 1927 1165 1962 gereret.
1191 1923 1324 1962 Festus,
1347 1924 1497 1954 Servius.
1523 1924 1722 1964 Lignatores

1018 1972 1204 2003 Athenaeus
1234 1973 1363 2003 Calones
1392 1979 1503 2011 vocat,
1534 1983 1595 2004 ceu
1628 1980 1723 2005 καλο-

1017 2021 1136 2061 φόρους.
1162 2023 1284 2053 Horat.
1303 2023 1412 2062 Epist.
1431 2032 1453 2053 1.
1472 2026 1522 2054 14.
1558 2026 1566 2039 ‘
1583 2024 1722 2056 Invidet

1019 2083 1110 2104 nsum
1126 2073 1309 2113 Lignorum
1327 2074 1389 2104 tibi
1412 2075 1508 2105 ca10.'

1060 2124 1243 2164 Aptntcris]
1268 2125 1367 2155 Prius
1395 2124 1576 2156 inserueris
1603 2127 1723 2158 crassis

1019 2175 1172 2205 manibus
1198 2174 1341 2204 hominis
1368 2175 1510 2215 agrestis
1537 2175 1726 2217 hiemique,

1020 2224 1101 2254 licet
1130 2216 1274 2264 graciles
1303 2229 1337 2255 et
1364 2225 1517 2264 agiliores
1543 2225 1641 2266 digiti
1658 2236 1727 2256 ma-

1021 2285 1149 2315 nusque
1177 2275 1415 2305 desiderentur
1430 2275 1610 2316 tangendis
1637 2277 1723 2307 scite

1020 2325 1183 2366 ejusmodi
1208 2325 1452 2363 instrumentis,
1477 2327 1554 2365 hoc,
1576 2326 1726 2367 inquam,

1022 2376 1134 2416 potins
1150 2375 1284 2415 feceris,
1299 2386 1408 2416 quam,
1423 2378 1488 2407 ἃς.

1064 2425 1155 2465 Alto]
1193 2426 1412 2466 Praegrandis
1440 2430 1594 2465 staturae,
1618 2426 1725 2467 qualis

1021 2475 1056 2505 in
1087 2476 1270 2506 Calonibus
1303 2481 1447 2514 amatur,
1474 2485 1604 2516 magnae
1629 2478 1724 2508 molis

1022 2525 1174 2555 homines
1191 2535 1284 2564 saepe
1301 2525 1397 2555 bardi
1422 2535 1460 2556 ac
1482 2526 1595 2557 soluti.
1631 2527 1726 2558 Aris-

1022 2575 1144 2606 toteles
1170 2574 1202 2603 in
1230 2574 1470 2615 Pliysiognom.
1494 2575 1522 2605 οἱ
1537 2574 1618 2615 ἄγαν
1631 2576 1727 2616 μεγά-

1020 2630 1070 2655 λοι
1085 2625 1219 2664 βραδεῖς.
1259 2624 1429 2655 Homerus
1448 2625 1604 2666 Ulyssem
1619 2633 1726 2658 statu-

1023 2685 1069 2706 rae
1085 2674 1198 2707 brevis
1215 2678 1250 2705 et
1268 2675 1455 2715 prudentiae
1478 2686 1609 2717 magum
1633 2679 1725 2710 exhi-
