1888 3032
253 161 338 205 160

252 269 379 311 Tunc
400 271 507 323 nigri
527 269 723 317 lemures,
740 279 912 320 ovoque
931 266 1128 320 pericula
1145 268 1300 319 rupto:

757 170 801 201 A.
835 169 1000 200 PERSII
1035 169 1207 201 FLACCI

1630 266 1716 310 185

257 337 377 378 Hinc
398 335 580 391 grandes
603 333 736 384 Galli,
757 336 802 374 et
822 346 921 374 cum
943 334 1071 374 sistro
1091 333 1215 373 lusca
1236 333 1458 385 sacerdos,

257 469 298 501 ad
312 468 439 499 sabbata
454 467 644 497 circumcisa.

693 466 771 496 Tum
786 466 881 495 larvae
893 468 983 504 atroe,
993 468 1021 495 et
1035 465 1173 505 pericula
1188 475 1241 495 ovo
1253 464 1394 504 disrupto
1405 475 1415 494 .·
1445 465 1554 496 deiude
1573 465 1659 496 Galli
1675 465 1722 495 in-

250 515 380 553 gentes;
413 513 443 541 et
459 509 610 540 Sacerdos
633 509 728 539 cocles
749 519 819 540 cum
840 508 1024 549 crepitaculo
1039 508 1183 547 injiciunt
1202 512 1367 539 terrorem
1385 507 1570 548 Numinmn,
1585 518 1652 549 quae
1668 508 1724 546 fa-

917 620 1064 652 NOTAE

256 699 343 731 Quae
361 696 471 728 omnia
487 695 576 727 ridet
592 695 783 734 Juvenalis,
801 696 872 727 Sat.
888 704 963 727 xlv.

257 752 309 780 96.
325 753 361 779 et
377 757 447 789 seq.
461 752 495 778 et
507 747 644 778 Persius
660 746 727 778 hic.
764 747 858 777 Male
876 746 963 776 euim

257 799 444 831 audiebant
461 799 578 829 Romae
596 797 721 838 Judaei,
737 807 820 838 quos
843 797 965 828 tumul·

258 855 394 882 tuantes
444 850 576 890 expulit
620 849 730 880 Roma
770 849 964 889 Imperator

259 900 431 940 Claudius,
460 900 553 931 Nero
592 900 768 940 suppilciis
802 899 964 939 coercuit,

258 951 477 983 Domitianus
500 950 638 981 vexavit
666 950 824 981 tributis:
860 954 898 980 ut
915 958 965 980 re—

258 1002 326 1034 fert
342 1002 537 1033 Suetonius.

304 1056 364 1085 185
393 1053 479 1083 Tunc
493 1051 580 1091 nigri
597 1052 737 1090 ἶεηιιινεε,
752 1050 820 1090 850]
845 1050 968 1092 Neque

259 1104 368 1135 solum
385 1102 492 1134 afficit
516 1107 550 1132 te
575 1101 831 1142 superstitiosus
848 1101 968 1141 pallor,

260 1153 321 1185 sed
337 1157 375 1184 et
391 1152 518 1193 subigit
535 1156 645 1183 terror
660 1161 766 1181 vanus
790 1161 809 1181 e
833 1151 968 1181 lemuri-

258 1204 336 1243 bns,
362 1207 398 1234 et
421 1202 577 1233 futilibus
605 1201 782 1242 portentis.
845 1201 968 1233 Horat.

261 1254 374 1296 Epist.
393 1263 435 1284 11.
452 1255 484 1284 2.
507 1254 515 1270 ‘
535 1252 683 1290 Somnia,
700 1255 847 1282 terrores
864 1251 969 1291 magi-

261 1314 332 1343 οοε,
347 1303 527 1342 miracula,
551 1302 670 1342 Sagas,
698 1302 896 1333 Nocturnus
922 1302 969 1332 le-

260 1365 386 1392 mures,
403 1358 631 1396 portentaque
643 1353 803 1383 Thessala
818 1352 910 1383 rides
924 1352 946 1383 ?'

305 1406 467 1446 Lemures]
509 1403 676 1444 Apuleius
692 1403 735 1434 de
750 1404 828 1434 Deo
850 1404 970 1434 Socra-

263 1457 329 1488 tis:
353 1457 361 1473 ‘
380 1456 522 1487 Animus
545 1455 673 1486 virtute
699 1453 875 1494 perfectus
902 1454 971 1484 Ge-

262 1507 337 1538 nius
376 1510 529 1538 vocatur.
595 1504 756 1536 Animum
790 1504 971 1535 humanum

263 1557 414 1589 emeritis
431 1556 512 1588 vitae
537 1555 716 1597 stipendiis
741 1565 885 1595 corpore
910 1565 971 1586 suo

265 1607 480 1647 abjurantem
493 1611 609 1637 vetere
625 1606 745 1637 Latina
763 1607 894 1646 Lingua
909 1607 971 1637 Le-

264 1667 396 1689 murem
428 1657 625 1687 dictitatum
660 1656 816 1696 reperi0‚’
848 1657 970 1697 inquit.

264 1706 273 1723 ‘
291 1707 344 1737 Ex
359 1706 452 1736 hisce
465 1705 664 1736 Lemuribus
683 1706 739 1746 qui
757 1709 971 1745 posterorum

267 1766 404 1788 suorum
439 1765 554 1787 curam
583 1756 738 1794 sortitus,
768 1756 905 1796 placato
938 1761 973 1788 et

266 1807 382 1849 quieto
399 1807 547 1837 Numine
564 1806 700 1836 domum
722 1806 885 1847 possidet,
908 1807 974 1837 Lar

266 1856 440 1888 familiaris
467 1856 615 1887 dicitur:
651 1856 710 1898 qui
737 1867 818 1888 vero
845 1858 889 1888 ob
916 1858 973 1889 ad-

266 1915 364 1938 versa
379 1907 461 1937 vitae
477 1906 611 1945 merita,
638 1906 738 1937 nullis
763 1906 860 1938 bonis
887 1908 974 1939 sedi-

267 1957 345 1995 bus,
371 1957 501 1987 incerta
530 1956 718 1997 vagatione,
747 1966 806 1988 seu
828 1958 974 1998 quodam

269 2007 370 2037 exilio
406 2007 558 2046 punitur,
589 2007 688 2038 inane
722 2008 975 2040 terriculamen-

269 2061 341 2088 tum
354 2057 450 2088 bonis
463 2057 662 2098 hominibus,
675 2062 826 2089 ceterum
839 2059 976 2089 noxium

269 2106 379 2145 malis,
407 2106 440 2136 id
468 2116 570 2146 genus
586 2107 740 2148 plerique
758 2108 883 2138 Larvas
901 2118 977 2148 per-

269 2157 399 2188 hibent.
446 2157 529 2188 Cum
545 2167 625 2188 vero
642 2157 809 2188 incertum
827 2163 889 2196 est,
901 2168 975 2199 quae

272 2206 395 2248 cuique
409 2216 526 2238 eorum
543 2207 675 2238 sortitio
689 2208 853 2247 evenerit,
863 2213 975 2238 utrum

271 2259 337 2289 Lar
368 2259 423 2299 sit,
451 2269 493 2289 an
528 2259 648 2298 Larva,
676 2260 810 2290 nomine
837 2261 974 2291 Manem

270 2309 385 2340 Deum
411 2310 633 2351 nuncupant!
686 2310 782 2342 Idem
811 2311 976 2352 Apuleius

272 2358 306 2389 in
334 2359 503 2399 Apologia
530 2361 577 2391 sic
605 2360 729 2392 habet:
765 2363 774 2379 ‘
791 2362 887 2393 Duat
915 2363 977 2394 tibi

272 2409 369 2439 Deus
386 2408 502 2438 obvias
514 2410 643 2448 species
656 2418 877 2451 mortuorum,
887 2413 980 2452 quic-

273 2458 356 2499 quid
384 2458 590 2489 Umbrarum
623 2464 675 2489 est
703 2470 856 2500 usquam,
888 2462 979 2501 quic-

275 2507 356 2549 quid
391 2508 586 2545 Lemurum,
617 2508 776 2548 quicquid
812 2510 980 2548 Manium,

275 2557 435 2598 quicquid
453 2558 638 2588 Larvarum
655 2558 761 2588 oculis
788 2558 855 2589 tuis
880 2568 980 2599 ogge-

276 2613 341 2647 rat‚
356 2607 469 2638 omnia
491 2607 641 2638 noctium
664 2609 896 2646 occursacula,
912 2618 979 2639 otu-

277 2658 333 2689 nia
349 2659 522 2690 bustorum
539 2657 788 2695 formidamffla,
804 2659 913 2690 omnia
929 2669 978 2690 se-

277 2709 468 2751 pulcrorum
488 2708 785 2741 terriculamenta)
830 2709 920 2741 Plin.
938 2711 979 2741 Ε-

1019 695 1099 735 pist.
1127 704 1195 727 vn.
1220 697 1274 727 27.
1300 696 1409 727 multa
1432 695 1541 727 refert
1563 695 1597 726 id
1622 704 1725 735 genus

1019 750 1186 776 nocturna
1204 747 1453 787 phantasmata,
1466 752 1536 778 tum
1553 746 1626 778 aliis
1648 756 1724 777 cum

1017 796 1080 827 sibi
1106 797 1190 828 visa.
1244 797 1310 828 Hie
1339 808 1402 838 per
1428 798 1575 828 Lemures
1598 795 1725 838 signifi-

1019 850 1142 877 cantur
1168 847 1307 878 Umbrae
1336 851 1513 878 nocturnae
1541 851 1577 877 et
1604 847 1724 878 Larvae

1019 897 1135 928 domos
1163 896 1378 938 infestantes,
1404 908 1479 939 quae
1507 897 1619 928 omnia
1649 906 1727 928 noc-

1021 949 1105 981 tium
1138 949 1419 980 terriculamenta
1455 948 1728 989 procurabantur

1021 1009 1080 1030 seu
1097 999 1427 1039 averrunrabantur,
1443 999 1556 1030 fabam
1572 1002 1677 1029 noctu
1694 997 1729 1028 in

1022 1050 1134 1081 Sacris
1144 1050 1331 1090 jactand0;
1355 1055 1525 1081 testantur
1539 1049 1663 1089 Varro,
1687 1048 1730 1080 de

1022 1101 1105 1131 Vita
1122 1101 1247 1140 Populi
1272 1100 1417 1143 Romani
1443 1100 1504 1131 lib.
1532 1109 1557 1131 1.
1585 1099 1645 1131 ubi
1672 1099 1733 1139 ait,

1023 1151 1031 1166 ‘
1050 1151 1090 1181 In
1118 1150 1231 1181 Sacris
1255 1149 1370 1181 fabam
1392 1142 1530 1191 jactant
1552 1153 1671 1189 noctu,
1695 1153 1731 1181 et

1024 1201 1143 1232 dicunt
1180 1211 1215 1231 se
1243 1202 1407 1232 Lemures
1436 1200 1534 1231 domo
1561 1204 1659 1230 extra
1679 1199 1732 1239 ja-

1023 1261 1123 1283 nuam
1140 1251 1266 1292 ejicere
1278 1251 1298 1283 :’
1332 1256 1367 1282 et
1381 1250 1482 1281 Ovid.
1495 1251 1589 1282 Fast.
1604 1258 1638 1280 v.
1655 1248 1730 1280 fuse

1024 1312 1095 1333 rem
1112 1303 1276 1342 explicat,
1292 1305 1327 1332 et
1342 1311 1471 1332 morem
1496 1301 1590 1331 illum
1617 1308 1733 1340 super·

1024 1352 1192 1383 stitiosum
1207 1350 1427 1392 persequitur
1441 1361 1448 1381 :
1463 1352 1471 1367 ‘
1486 1350 1655 1390 Signaque
1672 1348 1733 1379 dat

1025 1402 1141 1443 digitis
1153 1401 1265 1432 medio
1282 1411 1358 1432 cum
1375 1401 1501 1441 pollice
1510 1400 1733 1440 junctis,0c·

1027 1457 1143 1483 currat
1174 1453 1280 1483 tacito
1311 1461 1354 1482 ne
1385 1451 1470 1482 levis
1504 1449 1625 1482 umbra
1657 1450 1732 1482 sibi.

1027 1504 1181 1544 Cumque
1197 1512 1314 1534 manus
1340 1511 1425 1545 pure
1450 1501 1591 1532 fontana
1607 1501 1734 1541 perluit

1026 1553 1128 1593 unda,
1150 1554 1321 1591 Vertitur,
1344 1549 1379 1583 'et
1404 1551 1516 1591 nigras
1533 1550 1659 1592 accipit
1674 1559 1733 1581 ore

1025 1602 1134 1635 fabas.
1203 1602 1423 1643 Aversusque
1456 1600 1734 1642 jacin—umbra

1026 1657 1167 1693 putatur
1184 1652 1374 1693 Colligere,'
1389 1655 1453 1684 διο.

1072 1704 1195 1744 Oroque
1208 1704 1346 1744 pericula
1362 1703 1468 1744 rupto]
1502 1704 1511 1720 ‘
1530 1702 1733 1734 Sacerdotes

1027 1754 1084 1795 qui
1107 1754 1325 1795 explorandis
1341 1754 1503 1795 periculis
1521 1763 1616 1784 sacra
1632 1752 1735 1785 facie-

1028 1803 1123 1842 bant,
1149 1804 1331 1834 observare
1359 1803 1515 1835 solebant
1539 1812 1639 1834 ovum
1665 1803 1736 1844 igni

1028 1854 1235 1895 impositum,
1249 1859 1363 1886 utrum
1380 1855 1413 1884 in
1431 1854 1558 1894 capite,
1573 1863 1614 1885 au
1639 1854 1672 1885 in
1688 1854 1736 1884 la·

1029 1910 1103 1936 tere
1136 1905 1333 1936 desudaret.
1392 1905 1427 1936 Si
1454 1909 1567 1936 autom
1596 1910 1735 1945 ruptum

1029 1955 1218 1996 effluxerat,
1235 1956 1424 1997 pericnlum
1451 1953 1680 1995 portendebat
1702 1954 1735 1985 ei

1029 2017 1091 2048 pro
1109 2017 1174 2048 quo
1192 2006 1321 2038 factum
1337 2005 1463 2044 fuerat,
1485 2005 1539 2035 vel
1565 2004 1613 2034 rei
1638 2003 1735 2035 fami·

1031 2056 1105 2087 liari
1136 2055 1228 2096 ejus?
1275 2056 1360 2086 Haec
1387 2059 1485 2085 vetus
1517 2053 1734 2086 Scholiastes.

1030 2105 1080 2137 At
1097 2106 1187 2137 aliud
1213 2104 1464 2146 superstitionis
1483 2113 1590 2143 genus
1607 2104 1649 2134 de
1665 2104 1736 2135 ovis

1031 2157 1141 2197 ruptis
1157 2161 1272 2187 narrat
1288 2154 1429 2192 Plinius,
1442 2163 1576 2185 xxvul.
1588 2157 1620 2185 2.
1637 2154 1646 2171 ‘
1657 2154 1735 2187 Huc

1031 2206 1207 2247 pertinet,’
1230 2206 1353 2246 inquit,
1373 2206 1383 2221 ‘
1400 2214 1539 2235 ovorum
1561 2209 1598 2235 ut
1626 2214 1738 2236 exsor-

1029 2258 1145 2289 buerit
1174 2257 1316 2298 quisque
1343 2256 1481 2294 calices,
1508 2255 1736 2286 cochlearum·

1031 2318 1107 2350 que,
1122 2308 1277 2349 protinus
1289 2307 1413 2348 frangi,
1423 2312 1483 2338 aut
1496 2306 1631 2337 eosdem
1642 2307 1738 2338 coch-

1031 2358 1181 2389 learibus
1199 2356 1389 2398 perforari.’
1421 2356 1564 2387 Veteres
1580 2356 1737 2386 nimirum

1031 2410 1198 2441 hominem
1226 2409 1304 2439 laedi
1330 2408 1498 2448 putabant
1524 2416 1585 2447 per
1611 2406 1737 2438 malefi-

1034 2460 1136 2498 cium,
1153 2460 1179 2489 si
1207 2468 1347 2489 ovorum
1376 2462 1474 2488 testae
1500 2467 1563 2487 acu
1589 2456 1738 2497 perfora-

1032 2514 1170 2540 rentur:
1211 2510 1303 2550 quod
1331 2519 1373 2539 ne
1404 2509 1569 2548 eveniret,
1595 2518 1736 2541 ovorum

1033 2559 1314 2600 cochlearumque
1330 2559 1502 2599 putamina
1517 2560 1631 2590 statim
1647 2558 1737 2591 fran-

1034 2609 1157 2650 gebant
1181 2619 1220 2641 ac
1258 2610 1523 2650 pertundebant,
1548 2616 1585 2642 ut
1610 2610 1739 2643 malefi-

1032 2660 1122 2691 cium
1152 2666 1363 2702 occuparent
1394 2666 1497 2703 atque
1528 2666 1735 2694 averterent.

1032 2710 1223 2742 Turnebus.
