1888 3032
221 114 307 160 964

222 220 433 262 praeuomina
449 222 630 259 dabantur,
644 226 680 251 ut
696 222 822 261 Marci,
835 222 926 252 l’ub-

223 273 270 310 lii,
287 273 576 311 Qtiiutii.——I'11pa’
585 270 614 310 J]
652 273 713 302 Est
730 273 926 313 interjectio

223 325 420 355 admirantis
439 333 498 363 por
513 323 843 364 11·oniau».—Mm·co,
858 323 926 363 ἐγὼ]

223 378 329 409 Quasi
363 375 533 413 indiguum
570 375 631 405 noc
675 375 718 405 sit
760 375 927 415 ejusmodi

223 426 361 466 egregio
380 426 450 455 viro
467 424 607 455 credere
625 434 692 455 non
708 426 808 456 velle.
857 426 927 456 lro-

222 477 277 507 uia
293 475 487 515 vehentem,
502 481 538 506 et
562 482 641 506 sunt
658 476 762 507 verba
779 476 853 506 vilis
872 486 927 516 pa-

221 527 327 565 rasiti,
344 527 399 567 qni
417 527 548 557 illorum
565 526 620 556 uni
643 528 792 567 turpiter
812 526 926 557 adula-

222 578 334 609 batur.
367 577 538 608 casaubon.
594 578 771 609 Turnebus
803 587 842 608 11.
875 580 927 610 19.

222 626 454 667 ——Spondenle]
481 628 598 658 Fidem
613 638 703 658 suam
723 637 782 667 pro
798 627 862 658 alio
880 628 926 657 in-

223 682 440 717 terpoucute.
465 677 580 708 Lubin.

265 731 306 759 80
332 729 454 767 Marco,
469 729 536 768 mx]
559 729 657 759 Tune
672 728 793 768 palles,
809 732 845 759 et
858 733 926 758 tre-

220 779 331 820 pidas,
348 784 382 809 et
398 779 560 819 injustam
574 779 776 810 sententiam
787 788 927 819 exspec-

223 836 274 860 tas
293 830 413 871 judice
431 835 500 861 tam
521 830 677 871 sapiente
692 835 727 861 et
743 830 927 861 accurato?

221 880 319 912 Idem.

265 934 303 962 81
330 931 471 970 Marcus,
500 932 570 972 Sym]
615 933 678 964 Est
699 933 803 964 etiam
831 934 929 964 testis

221 983 362 1013 Marcus
386 988 515 1021 noster,
538 993 637 1024 quem
660 993 758 1014 nemo
782 994 929 1024 unquam

220 1035 590 1077 rejecerit.—Assig7m]
648 1036 771 1066 Potest
826 1036 929 1067 etiam

221 1085 362 1116 Marcus
391 1087 535 1116 tabellas
552 1086 746 1126 obsignare,
769 1091 804 1116 et
824 1090 929 1117 testa-

220 1140 370 1166 mentum
387 1136 548 1167 condere.
573 1136 671 1167 Idem.

265 1188 305 1217 82
324 1187 415 1227 Hoec,
429 1186 499 1227 ξω]
516 1187 642 1218 Ironia.
666 1187 755 1218 Haec
773 1187 845 1218 sine
860 1197 929 1218 om-

222 1237 257 1267 ni
273 1237 376 1268 (lubio
392 1242 443 1268 est
459 1239 541 1278 sola,
565 1238 724 1279 genuina,
744 1242 779 1269 et
796 1248 876 1269 vera
891 1238 928 1268 li-

220 1287 350 1327 bertas,
364 1297 440 1328 quae
465 1287 560 1318 nobis
575 1287 733 1327 donatur,
746 1297 821 1319 cum
838 1288 929 1328 pilea

221 1338 419 1378 accipimus.
477 1338 569 1369 Illud
599 1348 700 1379 porro
729 1338 853 1378 pileum
893 1339 926 1369 in

221 1389 377 1420 Feroniae
408 1391 535 1430 templo
565 1399 640 1420 raso
667 1390 782 1429 capite
810 1389 927 1420 indue-

222 1439 316 1472 bant.
363 1440 470 1471 Pilcus
489 1439 602 1471 autem
626 1440 794 1472 libertatis
810 1439 928 1470 indici-

221 1499 289 1521 um.
314 1491 414 1522 Idem.

265 1544 306 1572 83
330 1541 478 1581 An‚‹‘3·c.]
506 1542 629 1573 Sensus
647 1546 719 1573 est:
756 1541 812 1572 An
839 1541 927 1582 quis-

222 1601 323 1632 quam
348 1593 431 1622 alius
456 1592 545 1622 liber
569 1597 634 1631 est,
654 1592 709 1621 vel
724 1590 811 1622 liber
827 1592 926 1622 etiam

222 1643 353 1673 censeri
371 1646 497 1682 potest,
508 1642 570 1671 nisi
581 1642 638 1671 ille
656 1641 712 1682 qui
728 1642 790 1672 sub
806 1642 927 1673 nullius

221 1691 362 1731 imperio
377 1695 413 1722 et
427 1691 587 1732 dominio,
606 1700 667 1721 suo
692 1691 860 1723 arbitratu
880 1692 927 1722 vi-

222 1742 295 1772 vit?
320 1742 418 1773 Idem.

265 1796 306 1824 84
329 1793 513 1834 Licet,85·c.]
547 1792 749 1832 Assumptio
772 1792 927 1833 syllogis-

221 1844 268 1882 mi
283 1850 348 1883 est,
364 1854 462 1884 quam
477 1849 597 1884 postea
612 1847 716 1883 negat
728 1843 876 1874 Stoicus.

265 1897 304 1924 85
329 1894 446 1931 Bruto,
461 1894 530 1933 ⁸5⁶]
568 1893 637 1926 Qui
653 1898 688 1923 et
703 1893 777 1933 ipse
792 1893 927 1924 liberri-

221 1955 294 1975 mus
311 1943 388 1985 fuit,
406 1949 441 1976 et
466 1946 592 1985 populo
616 1945 769 1975 Romano
795 1945 927 1976 exactis

222 1995 374 2035 Regibus
402 1994 571 2026 libertatis
599 1998 720 2025 auctor
753 1994 928 2026 extitit.—

221 2047 382 2087 Mendose,
395 2047 464 2086 ὅπη]
489 2047 691 2088 Respondet
702 2047 744 2078 ad
756 2047 846 2079 hunc
863 2049 928 2088 syl-

220 2098 397 2138 logismum
442 2098 592 2129 Persius.
652 2098 928 2138 Propositionem

221 2149 384 2188 admittit,
400 2149 646 2180 adsumtionem
659 2154 772 2189 negat.
797 2150 895 2181 Idem.

265 2201 305 2229 86
324 2199 450 2230 Stoicus
461 2198 527 2238 hic]
546 2200 622 2240 Hic,
635 2199 756 2229 ὁδεῒνα.
781 2200 847 2230 Vel
863 2209 928 2240 ego

222 2249 367 2289 Stoicus,
392 2254 427 2281 et
455 2251 506 2280 hic
531 2260 593 2291 pro
622 2250 717 2290 Ego:
754 2249 856 2280 etiam
888 2250 930 2281 de

223 2299 375 2331 Cornuto
391 2301 434 2331 ad
452 2311 549 2342 quem
577 2302 708 2341 scribit,
734 2305 850 2342 potest
876 2311 929 2332 ac-

222 2349 303 2390 cipi.
350 2352 479 2382 Acetum
507 2362 569 2392 pro
595 2353 779 2383 acrimonia
795 2353 929 2393 judicii.

225 2400 532 2439 Casaub.—Aurem‚
573 2402 640 2441 ⁸5⁴0]
686 2403 789 2442 Cujus
832 2413 928 2434 aures

222 2449 377 2481 mordaci
390 2456 499 2490 aceto,
515 2455 686 2489 accurata,
700 2456 735 2481 et
750 2457 849 2482 acuta
864 2452 926 2483 dis-

223 2499 361 2540 ciplina,
391 2504 426 2530 et
455 2500 582 2540 ingenii
609 2501 809 2540 sagacitate,
836 2502 926 2541 lotae,

222 2555 378 2591 purgatae
397 2560 435 2581 ac
452 2550 597 2581 eruditae
611 2555 702 2581 sunt.
728 2550 841 2580 Lubiu.

267 2604 306 2632 87
332 2602 413 2642 Hoc,
426 2601 493 2641 dij-cn]
509 2601 623 2632 Verba
637 2601 758 2641 Stoici,
774 2602 829 2631 vel
842 2601 925 2632 Per-

223 2652 277 2683 sii.
314 2653 482 2694 Majorem
500 2652 768 2694 propositionem
784 2652 927 2693 accipio,

225 2708 259 2734 et
275 2704 446 2737 concedo:
480 2704 540 2737 scd
567 2704 657 2747 quod
682 2704 762 2738 inde
784 2704 927 2746 colligis,

693 127 833 158 NOTAE
868 125 1133 158 VARIORUM
1168 127 1220 159 ΙΝ

982 224 1061 262 quod
1073 223 1132 254 tibi
1148 223 1250 254 vivere
1262 224 1351 254 liceat
1363 228 1396 255 ut
1409 225 1495 263 velis,
1511 222 1591 255 illud
1608 231 1683 264 per·

980 284 1079 315 nego,
1095 281 1220 306 etcum
1250 280 1345 306 tuum
1372 286 1440 308 non
1466 277 1522 316 sit,
1547 281 1583 308 tu
1599 276 1682 307 illud

983 326 1075 356 tolle.
1103 326 1200 356 Idem.
1501 340 1506 342 -

1023 378 1063 406 88
1094 375 1250 416 Vindicta]
1271 376 1378 416 Virga
1400 380 1462 415 est,
1479 387 1545 418 qua
1569 386 1685 407 manu-

979 426 1139 457 mittendi
1156 436 1175 456 a
1193 426 1349 456 Praetore
1365 426 1397 456 iu
1416 427 1530 466 capite
1549 427 1685 466 pulsau-

980 481 1052 507 tur:
1089 477 1165 508 ideo
1191 476 1295 515 dicta,
1312 476 1399 516 quod
1429 486 1504 506 eum
1531 476 1684 507 vindicat

980 525 1145 557 libertati.
1191 526 1360 557 Masurius
1385 530 1499 556 autem
1520 526 1573 557 hic
1589 526 1686 557 Sabi-

979 586 1039 607 nus
1053 578 1138 617 legis
1155 577 1329 607 consultus
1341 575 1407 606 fuit
1423 588 1430 607 :
1456 580 1490 607 et
1504 576 1684 616 Rubricas,

986 634 1086 659 vocat
1099 627 1249 667 minium,
1263 637 1329 668 quo
1347 627 1439 658 tituli
1453 627 1567 667 legum
1580 636 1683 657 anno-

979 679 1153 710 tabantur.
1170 680 1237 711 Vet.
1249 679 1366 709 Scin*
1374 677 1608 717 Vindicta,85c.]
1622 677 1686 709 As—

979 730 1207 769 sumptionem
1236 729 1351 760 liberti
1368 735 1512 769 negarat
1535 729 1686 769 Persius,

979 790 1084 820 quare
1102 781 1208 820 ipsam
1237 781 1383 820 probare
1410 781 1521 810 Dama
1542 780 1685 811 libertus

980 831 1148 862 adnititur
1164 841 1206 862 ex
1224 831 1408 871 adjunctis,
1425 831 1514 871 quod
1535 831 1686 862 vindicta

979 882 1139 922 praetoris
1165 882 1250 912 liber
1274 882 1528 922 pronunciatus,
1545 881 1619 922 jam
1648 887 1687 913 ut

981 932 1078 971 velit,
1100 937 1135 962 et
1163 932 1280 970 libeat,
1302 931 1367 961 sibi
1394 931 1495 962 liceat
1520 931 1622 962 etiam
1640 931 1687 962 vi-

981 991 1113 1014 vere.-
1122 983 1284 1022 Vindicta]
1319 983 1388 1013 Pro
1404 991 1529 1022 genere
1547 981 1603 1012 illo
1621 992 1690 1012 ma-

982 1031 1200 1063 numittendi.
1233 1033 1317 1063 Erat
1330 1032 1418 1062 enim
1434 1032 1558 1071 virgula
1571 1032 1687 1072 lignea,

981 1092 1048 1124 qua
1063 1088 1168 1123 caput
1185 1083 1447 1113 manumittendi
1471 1081 1690 1122 percutieba-

981 1139 1049 1174 tur,
1065 1144 1140 1165 cum
1156 1135 1207 1164 liis
1227 1134 1339 1165 verbis
1355 1145 1362 1164 :
1382 1134 1476 1164 Liber
1491 1137 1566 1164 esto.
1592 1133 1689 1165 Dici-

982 1190 1036 1216 tur
1052 1191 1165 1216 autem
1182 1186 1321 1217 vindicta
1335 1196 1355 1217 a
1367 1186 1549 1223 vindicare;
1573 1185 1606 1216 id
1621 1191 1686 1226 est,

980 1235 1014 1265 in
1029 1234 1225 1266 libertatem
1239 1236 1557 1276 asserere.—Meus]
1573 1236 1689 1276 Liber,

979 1285 1144 1326 meijiiris
1161 1290 1196 1316 et
1212 1287 1356 1318 arbitrii.
1380 1286 1493 1318 Lubin.

1022 1338 1064 1366 89
1090 1337 1155 1366 Cur
1175 1337 1265 1376 mihi,
1279 1336 1346 1376 ξω]
1370 1337 1469 1376 Haec,
1492 1341 1531 1368 ut
1546 1337 1687 1378 dictum,

980 1386 1022 1417 de
1035 1387 1199 1418 libertate
1213 1387 1304 1418 civili
1315 1388 1551 1427 intelligenda.
1568 1388 1685 1420 Lubin.

1023 1440 1064 1468 90
1092 1437 1248 1479 Excepto]
1281 1438 1406 1469 Omnia
1420 1437 1536 1470 facere
1552 1439 1635 1470 mihi
1649 1439 1688 1470 li·

980 1492 1048 1527 cet,
1070 1488 1171 1520 unico
1188 1494 1363 1529 exempto,
1380 1498 1421 1519 ne
1450 1489 1483 1519 in
1499 1490 1591 1531 leges
1608 1500 1688 1530 pec-

980 1548 1065 1569 cem.
1110 1539 1173 1570 Est
1189 1542 1302 1569 autem
1318 1539 1371 1569 hic
1389 1543 1530 1579 excepto,
1547 1549 1612 1570 non
1628 1549 1687 1571 no-

979 1598 1056 1620 men
1085 1588 1263 1620 auferendi
1283 1599 1377 1628 casu,
1402 1589 1461 1619 sed
1489 1589 1688 1620 verbum.—

978 1638 1119 1677 Masuri]
1156 1639 1345 1670 Masurinm
1369 1638 1531 1669 Sabinum
1561 1640 1687 1671 JCtum

978 1691 1153 1730 intelligit,
1170 1690 1226 1730 qui
1243 1689 1373 1719 Tiberii
1391 1693 1546 1729 tempore
1563 1689 1688 1721 doctis-

979 1741 1081 1772 simus
1108 1746 1145 1771 et
1171 1749 1276 1781 eques
1305 1740 1687 1781 Romanus.—Rubrica]

979 1793 1047 1824 Pro
1076 1793 1235 1833 Legibus,
1260 1793 1356 1833 cujus
1380 1792 1477 1823 initia
1496 1793 1612 1833 minio,
1629 1798 1688 1825 aut

979 1843 1118 1874 rubrica
1139 1843 1355 1875 notabantur.
1390 1843 1541 1875 Turneb.
1570 1854 1622 1876 1v.
1653 1849 1685 1876 5.

1021 1897 1061 1925 91
1087 1893 1283 1934 Disce,85c.]
1322 1894 1478 1934 Quando,
1505 1895 1589 1936 qnid
1605 1905 1688 1926 vera

978 1944 1119 1975 libertas
1136 1944 1191 1984 sit,
1207 1943 1362 1984 ignoras3
1378 1944 1479 1975 disce.-
1492 1945 1550 1975 sed
1568 1948 1606 1975 ut
1622 1944 1687 1976 dis-

980 2004 1058 2025 cere
1070 1993 1190 2035 possis,
1202 1994 1304 2025 anilia
1320 1993 1558 2031 deliramenta,
1571 1993 1687 2026 adfec-

980 2051 1046 2086 tus,
1057 2047 1155 2086 iram,
1171 2050 1207 2077 et
1231 2045 1393 2085 dolorem,
1409 2046 1466 2086 qui
1483 2046 1623 2078 veritati
1640 2046 1688 2078 of·

979 2097 1111 2138 ficiunt,
1139 2101 1207 2128 tam
1235 2096 1292 2127 diu
1319 2096 1464 2137 depone,
1481 2101 1517 2128 et
1544 2107 1687 2129 exue.—

980 2149 1083 2188 Naso]
1129 2147 1265 2179 Alludit
1295 2148 1338 2178 ad
1367 2158 1488 2179 canum
1518 2153 1687 2189 naturam,

983 2199 1039 2240 qui
1055 2198 1243 2239 corrugatis
1264 2198 1405 2229 naribus
1421 2198 1504 2229 iram
1521 2198 1687 2231 indicant.

979 2250 1221 2288 —Rugosaque,
1244 2248 1311 2289 ἐγὼ]
1347 2248 1472 2289 Sanna,
1500 2254 1539 2280 ut
1564 2250 1636 2280 Sat.
1660 2259 1686 2282 1.

981 2300 1125 2338 dictum,
1140 2304 1195 2330 est
1210 2298 1281 2330 nasi
1293 2300 1503 2340 corrugatio.
1528 2300 1642 2331 Lubin.

1025 2352 1066 2380 92
1091 2350 1191 2389 Dum,
1203 2350 1272 2390 ξω]
1292 2350 1375 2380 Tam
1391 2349 1450 2380 diu
1465 2350 1523 2380 illa
1538 2349 1684 2390 depone,

981 2400 1060 2430 (lum
1078 2404 1112 2430 te
1130 2400 1272 2431 meliora
1288 2405 1322 2430 et
1341 2400 1473 2430 veriora
1490 2400 1632 2439 edoceo,
1649 2405 1685 2432 et

979 2453 1096 2480 veteres
1118 2450 1218 2489 avius,
1243 2450 1465 2489 inveteratas,
1481 2454 1516 2480 et
1533 2449 1591 2479 diu
1607 2459 1685 2480 con-

979 2504 1095 2539 ceptas
1117 2499 1228 2529 animo
1251 2499 1440 2539 opiniones,
1469 2499 1574 2530 aniles
1590 2499 1686 2540 inep-

979 2550 1055 2588 tias,
1073 2559 1157 2589 quas
1181 2553 1278 2579 tanto
1302 2554 1456 2588 tempore
1484 2549 1594 2580 animo
1609 2559 1685 2581 cou-

979 2599 1112 2639 cepisti,
1137 2603 1172 2629 et
1198 2597 1328 2636 fovisti,
1353 2598 1416 2629 tibi
1445 2599 1487 2630 de
1509 2600 1684 2641 pulmone,

978 2653 1120 2690 pectore
1136 2653 1172 2680 et
1188 2648 1402 2689 praecordiis,
1419 2649 1452 2679 in
1477 2649 1599 2691 quibus
1614 2651 1682 2682 illae

976 2701 1062 2734 altas
1076 2701 1208 2734 radices
1219 2706 1376 2743 egerunt,
1391 2701 1533 2734 extraho
1546 2705 1582 2734 et
1593 2702 1684 2734 evel-
