1888 3032
698 167 882 198 SA'rlRA
916 167 970 200 11.

1512 158 1568 199 (323

109 264 245 305 Hunc
265 267 414 318 optent
434 277 637 317 generum
657 278 734 306 rex
755 270 796 306 et
815 266 986 319 regina!
1017 266 1177 320 puellae

109 332 244 372 Hunc
264 332 431 385 rapiant
450 333 458 373 !
490 333 701 386 quicquid
723 333 959 374 calcaverit
977 334 1063 381 hic,
1086 345 1187 374 rosa
1207 331 1283 374 fiat
1301 332 1309 372 !

108 398 193 440 Ast
212 413 290 452 ego
312 400 470 440 nutrici
492 414 577 440 non
598 400 758 441 mando
779 406 908 441 vota:
938 404 1113 453 negato,

107 467 297 522 Jupiter,
319 470 415 510 haec
437 470 515 519 illi,
538 470 741 523 quamvis
763 474 804 509 te
826 469 974 509 albata
995 469 1170 521 rogarit.

1514 469 1572 509 40

164 536 322 577 Poscis
344 550 473 591 opem
494 538 637 577 nervis
654 549 901 590 corpusque
920 536 1046 576 fidele
1067 539 1271 577 senectae.

109 603 231 653 Esto,
253 617 353 656 age:
387 604 465 644 sed
485 603 670 656 grandes
691 604 854 657 patinae
876 607 1108 656 tucetaque
1131 616 1280 644 crassa

108 669 311 711 Annuere
330 671 398 711 his
420 671 614 724 Superos
634 675 822 720 vetuere,
842 670 871 711 J
875 683 1090 724 ovemque
1111 675 1342 711 morantur.

167 737 279 779 Rem
301 743 464 780 struere
485 745 672 792 exoptas
694 753 813 781 caeso
837 740 967 789 bove,
991 739 1344 792 Mercuriumque

109 805 314 847 Arcessis
335 806 470 847 fibra:
505 807 578 847 Da
598 807 813 848 fortunare
832 808 1038 861 penates!

1516 807 1575 847 45

106 926 184 964 gina
206 926 238 956 in
251 935 399 964 generum
414 926 587 961 asciscnnt;
611 932 648 957 ut
676 927 762 957 illum
791 926 934 965 11'1'rgines
955 926 1122 964 auferant;
1144 931 1183 957 ut
1198 927 1404 966 quodcumque
1427 925 1478 956 ille
1501 927 1576 965 pede

109 968 246 1007 trirerit,
263 969 294 998 in
312 979 411 999 rosam
427 973 578 999 vertatur.
620 970 690 1008 Ego
706 979 776 1000 cero
791 970 906 1000 nutrici
923 980 980 999 non
995 970 1152 1000 committo
1165 978 1291 1009 precem
1315 969 1374 999 sed
1391 974 1439 1007 tu,
1454 979 1470 999 ο
1482 969 1577 1008 Jupi-

109 1014 168 1047 ter,
184 1012 246 1042 ista
267 1011 338 1042 huic
355 1014 481 1051 denega,
497 1012 618 1042 etiamsi
639 1015 669 1042 te
691 1012 828 1042 oraverit
852 1013 960 1042 induta
986 1015 1066 1042 reste
1088 1012 1168 1042 alba.
1215 1011 1316 1044 Quod
1341 1011 1368 1042 si
1389 1012 1471 1052 petis
1485 1011 1578 1041 robur

108 1055 222 1092 nervis,
238 1058 268 1085 et
283 1064 391 1094 corpus
405 1055 538 1085 validum
556 1055 587 1084 in
602 1058 767 1093 senectute,
782 1054 861 1095 fiat,
885 1054 958 1085 bene
983 1059 1037 1085 esi.
1083 1055 1129 1085 At
1153 1055 1249 1095 ampli
1268 1054 1376 1095 catini,
1392 1058 1422 1084 et
1443 1054 1577 1094 pinguia

101 1096 275 1134 farcimina
286 1097 450 1137 prohibent
467 1098 562 1136 Dens,
579 1101 609 1128 et
631 1098 743 1128 Jocem
758 1099 917 1128 retardant
934 1098 997 1128 ista
1019 1099 1191 1128 concedere.
1236 1098 1286 1127 Tu
1304 1106 1383 1128 vero
1399 1097 1486 1137 cupis
1505 1106 1577 1136 opes

109 1141 313 1180 accunnaare,
336 1140 409 1172 bove
431 1144 577 1179 mactato,
593 1144 623 1171 et
650 1142 733 1171 extis
753 1151 902 1181 provocas
925 1141 1131 1180 Mercurium,
1157 1140 1288 1181 dicens,
1315 1140 1432 1180 largire
1456 1141 1577 1170 doraum

726 1241 840 1252 eeeeee

844 1241 960 1252 eeeeee

111 1295 317 1336 δίψη-39
339 1298 448 1327 manda
462 1297 526 1327 haec
542 1299 611 1327 rota
626 1297 664 1327 M
668 1307 692 1327 s.
710 1296 876 1328 GaL—40
899 1297 954 1327 hoc
970 1296 1181 1335 illi...rogal1it
1198 1296 1265 1326 Ms.
1283 1295 1446 1327 Gal.-—41
1477 1295 1575 1335 poscit

112 1348 198 1378 opem
214 1339 281 1371 Ms.
296 1340 338 1370 R.
355 1346 391 1371 et
406 1340 533 1371 C.—42
551 1340 813 1380 pinguespatinae
828 1340 895 1370 Ms.
915 1339 992 1371 Gal.
1010 1342 1046 1370 et
1061 1340 1186 1370 C.—-‹17
1200 1337 1350 1379 flammas
1366 1338 1432 1369 Ms.
1449 1337 1524 1370 Gal.
1543 1342 1578 1370 et

764 1436 904 1467 NOTAE

115 1509 186 1549 agri
205 1509 331 1551 jugera
349 1510 454 1549 mille,
472 1519 592 1541 contra
607 1511 720 1552 legem
739 1520 759 1541 a
782 1520 817 1541 se

114 1561 231 1599 latam,
248 1570 307 1592 sua
323 1562 398 1600 lege
413 1561 591 1592 damnatus
610 1566 673 1592 est.
718 1562 819 1592 Cete-

115 1620 187 1641 rum
202 1621 266 1642 nec
283 1612 317 1642 hi
332 1621 396 1643 nec
420 1612 469 1642 illi
490 1613 656 1652 opinionis
675 1618 733 1643 aut
750 1623 819 1643 sus-

114 1661 257 1701 piciouis
272 1672 342 1693 suae
359 1663 459 1692 ullam
478 1661 657 1704 proferunt
674 1663 820 1694 validam

114 1711 291 1743 rationem.

159 1761 282 1801 Crassi]
298 1764 382 1793 Sunt
392 1763 448 1803 qui
461 1763 590 1804 legant,
606 1764 715 1794 Croesi.
739 1762 820 1800 Sed,

118 1811 237 1851 Crassi,
262 1811 332 1842 fere
357 1822 470 1843 omnes
496 1814 662 1852 retinent3
698 1814 822 1844 intelli-

117 1865 268 1902 gnntque
294 1862 336 1893 de
361 1864 412 1894 M.
429 1864 562 1903 crasso,
577 1874 675 1905 quem
692 1865 821 1895 crebris

117 1911 294 1944 domorum
323 1914 527 1945 emtionibus
555 1919 590 1945 et
620 1915 824 1945 venditioni-

118 1963 180 1994 bus
196 1965 444 2004 locupletatum
460 1965 564 1996 fuisse
579 1971 725 1996 testatur
742 1966 823 1996 Plu-

119 2015 256 2046 tarchus
271 2016 303 2045 in
320 2016 392 2056 ejus
413 2016 493 2048 vita.
538 2016 649 2047 Porro
671 2016 822 2047 Licinius

119 2069 155 2095 et
171 2065 310 2096 Crassus
326 2072 498 2106 ponuntur
520 2067 573 2097 hic
601 2076 662 2107 pro
686 2066 822 2108 quibus-

120 2115 204 2148 libet
219 2117 390 2156 opulentis
404 2117 606 2149 horninibus.

164 2166 288 2206 Mittit]
314 2166 425 2207 Optat
450 2173 486 2198 et
513 2173 675 2206 precatur
701 2167 825 2198 infanti

121 2226 257 2256 magnas
273 2218 353 2248 olim
377 2228 472 2257 opeS‚
492 2228 601 2258 agros,
616 2218 743 2257 domos,
759 2220 824 2249 ἃς.

121 2273 157 2298 et
172 2268 323 2308 optando
338 2269 432 2300 velut
454 2269 489 2298 in
511 2278 626 2299 earum
646 2269 826 2308 possessio-

121 2329 199 2350 nem
216 2319 380 2350 immittit.
417 2319 539 2359 virgil.
555 2318 688 2349 AEneid.
709 2327 761 2348 x1.
778 2328 826 2350 νε.

121 2371 175 2401 47.
198 2371 208 2387 ‘
227 2370 389 2401 Mitteret
403 2369 436 2399 in
452 2378 607 2409 magnum
626 2367 828 2408 imperium!

124 2419 281 2452 Observa
316 2421 418 2451 etiam
455 2420 645 2450 Praetorem
689 2419 828 2450 mittere

123 2471 262 2511 proprie
277 2472 310 2501 in
328 2471 571 2510 possessionem
584 2470 633 2501 rei
648 2470 799 2510 alicujus.

167 2525 210 2553 39
233 2522 362 2553 Nutrici
372 2532 431 2552 non
445 2522 569 2562 mando]
593 2520 630 2551 Id
646 2525 710 2559 est,
723 2520 826 2550 nolim

125 2573 291 2604 nutricem
306 2573 340 2603 id
355 2573 420 2604 sibi
436 2572 582 2603 muneris
597 2581 779 2610 assumere,
790 2576 827 2600 ut

126 2631 189 2662 pro
211 2632 317 2662 puero
340 2628 421 2653 vota
436 2623 617 2663 concipiat.
662 2623 752 2653 Nam
769 2632 826 2662 pa-

128 2676 244 2703 rentes
259 2677 295 2703 et
309 2674 457 2704 nutrices
473 2678 594 2713 optant
610 2673 753 2703 alumnis
769 2681 828 2712 po-

130 2722 196 2753 tius
222 2731 296 2763 qnae
322 2722 482 2754 videntur
504 2723 605 2764 bona,
627 2733 727 2765 quam
754 2733 831 2764 quae

874 1514 951 1541 sunt
968 1519 1100 1549 revera,
1123 1519 1155 1540 v.
1173 1519 1204 1550 g.
1226 1507 1384 1548 formam,
1403 1518 1497 1549 opes,
1513 1511 1578 1541 Sec.

873 1562 992 1592 senec.
1021 1561 1130 1601 Epist.
1146 1568 1203 1590 Lx.
1260 1559 1453 1590 Etiamnum
1481 1565 1580 1599 optas

874 1611 964 1652 quod
981 1611 1043 1641 tibi
1067 1609 1203 1650 optavit
1228 1609 1356 1639 nutrix.
1399 1609 1446 1639 Et
1470 1609 1579 1648 Epist.

874 1669 995 1692 xxxn.
1027 1660 1176 1691 omnium
1205 1658 1269 1689 tibi
1294 1667 1408 1689 eornm
1429 1663 1579 1689 contem-

876 1718 947 1743 tum
963 1717 1065 1752 opt03
1094 1720 1238 1752 quorum
1261 1709 1394 1750 copiam
1418 1713 1580 1749 parentes

874 1768 1092 1804 optaverunt.

916 1816 958 1844 40
995 1812 1127 1851 Albata]
1160 1811 1259 1843 Albis
1288 1811 1441 1841 vestibus
1469 1809 1582 1842 induti

875 1869 974 1894 erant
995 1863 1051 1905 qni
1075 1861 1326 1900 sacrificabant,
1343 1871 1381 1891 eo
1406 1860 1498 1902 qnod
1524 1861 1582 1892 ille

876 1914 1004 1944 candor
1026 1913 1130 1943 vestis
1157 1912 1260 1942 animi
1290 1911 1460 1952 significet
1488 1911 1584 1942 inno-

877 1964 1036 1995 centiam.
1068 1963 1157 1994 Tull.
1174 1963 1216 1993 de
1233 1962 1395 2002 Legibus.

919 2017 959 2045 41
978 2014 1176 2053 Poscisopem
1194 2012 1309 2053 nervis]
1324 2012 1403 2044 Jam
1418 2011 1480 2042 alia
1493 2021 1583 2052 qua?-

876 2066 955 2097 dam
968 2065 1111 2096 aliorum
1126 2063 1273 2094 absurda
1286 2067 1366 2094 vota
1377 2061 1583 2093 condemnat

878 2116 1029 2146 Persius.

923 2166 1051 2205 Nereis]
1074 2166 1114 2196 In
1131 2163 1254 2206 quibus
1270 2163 1415 2194 maxime
1427 2161 1585 2193 consistit

879 2218 982 2249 robur
999 2216 1162 2256 corporis.

920 2271 963 2299 42
992 2268 1053 2299 Sed
1073 2267 1210 2306 grandes
1227 2263 1360 2305 patinae]
1405 2263 1586 2294 Sumtuosa

881 2323 937 2348 tua
952 2317 1121 2354 convivia,
1136 2325 1221 2346 escae
1239 2314 1348 2344 nimiae
1365 2313 1512 2354 idipsum
1528 2313 1587 2343 de·

882 2373 1016 2399 struunt
1033 2367 1121 2408 quod
1139 2372 1210 2397 tam
1223 2365 1320 2396 enixe
1333 2364 1434 2405 petis.

927 2418 1058 2458 Tuceta]
1081 2418 1230 2449 Tac-etum
1253 2425 1358 2457 genus
1371 2420 1423 2446 est
1438 2413 1588 2445 farcimi-

880 2471 931 2501 nis
954 2480 971 2500 e
995 2468 1099 2500 suillis
1124 2467 1280 2499 carnibus
1303 2465 1459 2496 minutim
1475 2464 1587 2495 conci-

882 2521 946 2551 sis:
971 2520 1028 2551 alii
1051 2519 1168 2550 dicunt
1190 2516 1378 2558 quamlibet
1400 2523 1512 2545 escam
1528 2512 1586 2542 de-

880 2572 1019 2602 licatam
1033 2570 1097 2600 hoc
1112 2568 1246 2599 nomine
1263 2565 1442 2607 appellari.

923 2625 965 2653 44
1000 2621 1193 2652 Mercurium
1221 2617 1366 2656 arcessis]
1408 2615 1585 2652 Tanquam

880 2674 964 2704 lucri
981 2673 1110 2703 Deum.
1154 2670 1244 2701 Vide
1273 2669 1385 2700 Plaut.
1412 2664 1586 2705 Amphitr.

882 2723 917 2754 in
934 2723 1092 2763 Prologo.
