1888 3032
249 141 335 184 214

250 247 313 279 Est
339 247 493 287 Metaph.
525 244 568 275 ah
604 253 645 273 eo
686 242 741 283 qui
784 242 954 282 dejectum

251 306 295 327 cx
333 295 565 327 misericordia
602 293 781 325 sublevare
821 292 955 324 nititur.

250 347 347 377 Idem.

292 400 333 428 02
355 397 417 427 Sed
434 394 582 434 muneris]
609 394 711 426 Hunc
729 403 861 424 versum
882 402 956 433 pro-

250 446 317 477 fert
335 447 372 482 is,
386 446 441 485 qui
459 450 531 476 tota
547 445 609 475 huc
625 445 749 484 Satyra
766 443 955 481 vulgarium

251 496 435 527 Poetarum
462 504 596 525 emisam
620 494 702 534 agit.
744 493 954 524 casaubonus.

250 547 312 576 Est
330 556 411 585 ergo
429 544 520 576 aliud
539 544 708 585 quoddam
727 543 881 574 Poeticae
898 553 954 573 va-

248 597 364 627 nitatis
381 599 630 635 argumentum,
648 593 738 635 quod
756 593 891 623 nimiam
905 603 956 623 so-

248 648 280 678 ni
298 652 333 678 et
358 646 601 678 concinnitatis
619 645 812 683 verborum,
828 644 954 674 nullam

247 699 410 739 subjectw
424 698 604 728 sententia>¹
618 697 783 727 rationem
795 695 954 727 habeant.

251 749 351 781 Quod
370 747 549 779 confirmat
576 746 731 777 versibus
760 746 887 786 aliquot
911 755 954 775 ex

249 800 437 830 Poetarum
479 798 529 828 sui
568 797 731 836 temporis
767 797 860 827 libris
896 796 955 828 de-

248 849 445 890 }»roiiiptiS.--
463 848 604 888 [rudis]
650 849 712 878 Est
749 847 955 887 Metaphora

249 900 292 930 ah
310 899 452 930 incoctis
468 898 567 937 cibis,
592 903 626 929 et
649 898 836 929 immaturis
864 896 954 928 fruc-

249 950 351 981 tibus.
381 950 550 989 Intelligit
562 953 674 980 autem
690 957 808 979 versus
824 954 952 978 temere

248 998 386 1038 effusos,
402 1008 465 1029 nec
483 1004 616 1029 matura
633 998 854 1029 meditatione
871 997 953 1028 satis

248 1050 422 1081 decoctos.
468 1049 573 1082 Quasi
605 1049 717 1079 dieat:
746 1048 954 1086 immaturis,

248 1100 392 1138 acerbis,
417 1100 570 1139 ingratis,
597 1098 954 1139 incultis—Nnmeris]

248 1150 290 1180 Id
308 1155 373 1189 est,
393 1150 570 1188 Versibus,
594 1150 651 1190 qni
676 1149 779 1179 certis
804 1149 953 1179 numeris

248 1206 284 1232 ct
315 1201 480 1232 mensuris
508 1199 845 1240 constant.—Decor]
890 1197 954 1230 Or-

248 1255 360 1289 natus,
389 1251 558 1290 Suavitas,
589 1255 625 1282 et
657 1249 829 1281 Dulcedo.
876 1250 953 1280 Non

245 1302 283 1331 τὸ
311 1301 438 1343 πρέπον,
466 1302 525 1333 sed
550 1300 587 1332 τὸ
610 1299 955 1341 κάλλος.-.Ιιιηεΐιιι“α]

249 1353 424 1384 Connexio
444 1357 479 1383 et
495 1356 679 1382 structurae
704 1350 953 1391 coagmentatio

248 1404 435 1445 aequabilis.
452 1403 604 1434 Turneb.
622 1411 756 1433 xxx'm.
770 1405 823 1433 26.

291 1458 333 1486 93
360 1456 523 1493 claudo-e,
538 1453 607 1494 Sym]
646 1453 687 1484 Id
704 1457 770 1491 est,
789 1452 952 1492 Egregius

247 1505 304 1535 ille
330 1505 442 1535 Poeta
469 1505 640 1535 Romanus
665 1503 817 1545 (Ironice
844 1503 953 1534 siclo-

250 1554 380 1596 quitur)
397 1564 530 1585 versum
548 1555 595 1586 ita
611 1554 733 1585 didicit
749 1554 952 1585 concludere

247 1610 284 1636 et
315 1605 503 1636 absolvere.
527 1605 854 1645 Lubin.—Cl‹1udere,
882 1604 952 1645 85⁶³]

248 1657 344 1686 Bene
362 1665 488 1692 11101105,
513 1655 621 1696 inquit
641 1654 850 1694 respondens
868 1655 952 1685 Per-

247 1707 336 1737 sius:
361 1715 440 1736 sane
458 1705 546 1736 euim
565 1705 730 1745 praeclare
746 1704 800 1734 isti
818 1704 859 1734 de
877 1705 952 1734 Mu-

249 1757 294 1787 sis
327 1757 488 1787 Romanis
522 1761 599 1786 suut
632 1754 759 1793 meriti,
789 1754 846 1794 qui
883 1764 951 1785 non

248 1808 404 1839 contenti
438 1807 581 1837 solutam
619 1805 808 1836 orationem
837 1807 952 1835 eoi-ru-

248 1859 350 1900 pisse,
381 1858 485 1889 0113111
516 1856 674 1888 l'o'e'tices
702 1865 799 1886 sacra
826 1856 952 1895 pollue-

248 1916 339 1949 runt,
364 1909 502 1940 invento
528 1909 591 1939 hoc
621 1917 744 1948 genere
770 1917 856 1938 novo
881 1916 954 1937 ver-

249 1970 345 1991 suum
378 1961 436 2000 rhy
444 1960 654 1990 thmicorum.
670 1976 711 1980 —
731 1957 955 1998 Berecynthe'us

249 2011 361 2051 Attin]
403 2010 458 2040 Sic
482 2009 663 2050 legendum
679 2012 747 2039 est:
777 2008 868 2048 quod
887 2007 953 2048 pri-

249 2061 326 2091 dem
354 2060 484 2091 monuit
507 2059 677 2099 Josephus
704 2057 867 2097 Scaliger.
893 2058 953 2087 Ca-

246 2110 334 2142 suub.
347 2128 386 2132 —
401 2110 628 2151 Berecynthius
642 2108 738 2149 Atys]
782 2108 953 2139 Videntur

248 2162 316 2193 ista
346 2161 447 2192 citari
478 2171 520 2191 cx
551 2159 673 2190 Attine
703 2158 871 2190 Neronis:
909 2159 950 2189 de

249 2224 316 2255 quo
331 2213 413 2244 Dio.
458 2213 586 2243 Verum
613 2212 676 2242 hoc
704 2210 952 2250 hemistichion,

249 2268 287 2294 ut
312 2264 412 2295 nimis
440 2263 552 2302 molle,
569 2266 689 2293 auctor
709 2266 823 2292 noster
846 2261 950 2293 ridet.

248 2314 358 2344 Notat
374 2318 488 2344 autem
507 2323 610 2344 vanus
637 2313 694 2344 ille
721 2306 951 2354 quisquisfuit

247 2363 371 2402 Poeta,
382 2362 530 2393 fabulam
545 2363 587 2394 de
601 2362 670 2403 Aty
683 2372 788 2403 puero
801 2363 950 2403 Phrygio

246 2411 509 2458 formosissimo,
531 2423 549 2442 a
566 2413 692 2452 Cybele
707 2414 761 2444 vel
778 2414 951 2453 Berecyn-

247 2464 319 2496 thia
342 2463 510 2502 adamato,
528 2464 583 2503 qui
600 2464 664 2502 ipsi
686 2463 825 2503 Cybelae
847 2463 949 2494 fidem

248 2513 405 2554 dederat,
435 2523 470 2544 se
501 2513 628 2543 nullam
666 2522 811 2552 unquam
850 2513 950 2542 aliam

248 2568 449 2595 amaturum.
494 2563 582 2594 Vide
600 2562 701 2593 Ovid.
718 2563 859 2595 Metam.
877 2562 897 2593 l.
914 2571 948 2593 x.

246 2614 399 2646 Turneb.
417 2622 551 2644 xxvur.
568 2616 620 2644 25.

292 2667 334 2695 94
358 2665 404 2695 Et
426 2663 490 2704 qui,
513 2662 582 2703 isc]
627 2662 695 2693 Hic
713 2662 816 2693 etiam
835 2670 949 2693 versus

248 2715 404 2759 turgidus
421 2719 456 2747 et
471 2715 676 2747 adsectatus.
711 2714 821 2746 Notat
837 2717 948 2746 autem

720 148 862 180 NOTAE
897 145 1161 177 VARIORUM
1197 146 1247 176 IN

1008 238 1158 271 fabulam
1189 239 1231 270 de
1260 238 1400 280 Arione,
1429 239 1597 282 quomodo
1620 238 1714 270 illum

1011 291 1161 331 Delphin
1185 300 1245 330 per
1262 300 1353 321 mare
1369 291 1410 322 ad
1427 291 1523 322 littus
1540 294 1716 321 transvex-

1009 341 1285 381 erit.—Delphiu]
1324 342 1417 374 Quos
1435 342 1575 373 Musiris
1594 341 1716 372 instru-

1007 391 1133 422 mentis
1171 392 1283 422 laetari
1327 392 1515 429 gravissimi
1557 397 1715 422 auctores

1007 442 1438 482 testantur.—Dirimeb‹1t]
1476 443 1544 473 Pro
1562 448 1714 473 transna-

1008 493 1080 530 bat,
1112 494 1168 523 vel
1206 494 1318 524 nando
1358 493 1499 524 secabat
1534 493 1714 523 caeruleum

1008 545 1136 583 Nerea,
1167 545 1217 575 vel
1247 553 1351 575 mare.
1409 544 1570 575 Dirimere
1599 544 1715 583 Nerea,

1006 603 1068 634 pro
1085 595 1217 626 Natare
1236 595 1267 624 in
1286 594 1381 625 mari.
1407 593 1556 624 Lubium.

1048 648 1088 676 95
1128 644 1194 683 Sic,
1228 645 1297 685 ὅπη]
1364 644 1490 676 Omnia
1528 644 1715 684 Epicurum

1006 695 1171 733 carmina,
1187 696 1234 726 ita
1256 694 1329 726 fere
1352 699 1434 725 sunt
1456 693 1659 734 composita,
1676 697 1715 724 ut

1006 746 1181 786 proximus
1206 754 1265 785 pes
1289 746 1331 776 ab
1348 745 1468 775 ultimo
1486 744 1643 784 dactylus
1660 744 1716 783 sit,

1006 796 1162 836 exceptis
1179 795 1359 826 admodum
1378 795 1508 835 paucis,
1523 804 1606 835 quos
1623 805 1717 824 σπον-

1005 844 1170 885 δαίζοντας
1195 846 1386 886 appellant,
1402 850 1439 874 ut
1468 845 1557 884 apud
1587 844 1717 874 Corne-

1005 897 1086 927 lium
1103 897 1285 927 Severum:
1305 897 1313 912 ‘
1328 895 1434 926 Pinea
1450 893 1601 924 frondosi
1618 903 1716 925 coma

1004 951 1193 978 murmurat
1212 945 1406 986 Apennini.’
1434 946 1503 976 ret.
1523 944 1713 985 Sch.—Sic]

1005 997 1126 1028 Poetae
1158 998 1298 1028 verbum
1334 1000 1397 1028 est.
1457 996 1563 1029 Quasi
1599 995 1713 1027 dicat:

1005 1047 1168 1089 Ejusdem
1186 1047 1305 1078 farina}
1332 1051 1368 1078 et
1392 1047 1447 1078 1110
1463 1056 1579 1076 versus
1604 1050 1715 1076 est.—

1009 1100 1149 1140 Castam]
1168 1099 1207 1129 Id
1224 1103 1289 1137 est,
1305 1098 1437 1129 Lateris
1452 1102 1584 1137 partem
1601 1096 1715 1136 Apen-

1005 1150 1075 1180 nini
1091 1150 1215 1180 montis
1231 1148 1414 1179 avulsimus
1439 1153 1473 1179 et
1490 1147 1714 1186 excussimus,

1006 1210 1136 1241 perque
1150 1200 1239 1230 illam
1255 1199 1435 1230 transitum
1450 1199 1545 1229 nohis
1558 1197 1714 1230 fecimus.

1005 1252 1069 1282 Est
1085 1255 1199 1282 autem
1228 1250 1433 1290 Metaphora
1450 1251 1567 1289 inepta
1591 1254 1625 1280 et
1652 1249 1710 1280 ad-

1005 1299 1148 1331 fectata.
1194 1301 1255 1331 Est
1273 1305 1385 1331 autem
1402 1300 1583 1339 Apenninus
1599 1309 1710 1339 mons,

1005 1351 1061 1392 qui
1079 1351 1223 1381 mediam
1240 1350 1376 1381 Italiam
1394 1349 1528 1380 dividit.
1553 1348 1667 1379 Luc-in.

1047 1403 1089 1431 96
1112 1401 1222 1439 Arma,
1238 1400 1304 1440 8)·ε.]
1328 1400 1527 1440 Respondet
1541 1399 1611 1439 jam
1629 1399 1713 1430 Per-

1004 1452 1053 1482 sio
1072 1451 1283 1492 turgidorum
1309 1450 1366 1481 ille
1392 1450 1578 1481 carminum
1607 1449 1712 1480 admi-

1004 1505 1110 1532 rator.
1170 1500 1276 1533 Quasi
1308 1500 1420 1531 dicat:
1461 1499 1495 1529 Si
1527 1498 1589 1530 tibi
1626 1499 1712 1530 adeo

1004 1552 1142 1593 turgida
1158 1557 1193 1582 et
1211 1561 1297 1582 vana
1312 1551 1483 1588 videntur,
1501 1559 1615 1590 quaeso
1630 1549 1711 1590 quid

1004 1603 1047 1633 de
1064 1603 1121 1634 1110
1145 1602 1295 1633 Maronis
1319 1602 1466 1632 carmine
1494 1605 1635 1640 statues,
1653 1610 1711 1631 cu-

997 1653 1054 1694 jus
1071 1658 1121 1684 est
1135 1653 1196 1683 hoc
1214 1652 1428 1692 principium,
1447 1653 1455 1668 ‘
1472 1650 1577 1681 Arma
1590 1651 1712 1681 virum-

1003 1714 1068 1745 que
1084 1704 1202 1735 cauo:’
1227 1712 1340 1734 nonne
1367 1703 1430 1733 hoc
1455 1711 1592 1743 quoque
1617 1700 1712 1732 infla-

1003 1759 1087 1794 tum,
1115 1754 1286 1784 horridum
1317 1757 1354 1784 et
1381 1753 1540 1784 scabrum
1552 1753 1709 1783 ?—Arma

1001 1806 1118 1846 virum]
1152 1804 1373 1845 Synecdoche
1403 1803 1509 1844 partis
1536 1813 1596 1842 pro
1629 1807 1711 1834 toto.

1003 1855 1149 1886 Ponitur
1177 1855 1242 1885 hoc
1274 1864 1336 1895 pro
1375 1859 1448 1884 toto
1484 1853 1709 1884 poemate.—

1004 1907 1126 1945 Ntmne,
1138 1905 1207 1945 lya]
1236 1904 1276 1936 Id
1294 1910 1358 1945 est,
1372 1906 1506 1935 Vanum
1525 1903 1710 1944 turgidum-

1005 1967 1083 1998 que,
1098 1957 1204 1988 instar
1222 1966 1362 1997 spumae.
1382 1954 1708 1995 Lub·—Nonne‚25·c.]

1005 2009 1205 2041 Meminerit
1221 2009 1331 2039 lector
1347 2008 1420 2047 ejus
1439 2006 1527 2048 qnod
1547 2011 1626 2037 ante
1644 2015 1710 2036 mo·

1003 2061 1260 2097 nebamus‚eum
1281 2059 1337 2100 qui
1357 2058 1474 2089 Persio
1489 2056 1710 2097 contradicit,

1003 2111 1052 2142 sic
1067 2110 1168 2141 animi
1188 2110 1238 2140 sui
1256 2119 1354 2140 sensa
1377 2108 1502 2149 eloqui,
1525 2113 1563 2138 ut
1595 2107 1707 2138 verbis

1004 2164 1117 2191 tamen
1147 2165 1263 2190 utatur
1291 2170 1333 2190 ex
1359 2164 1472 2189 mente
1498 2158 1619 2188 Persii.
1647 2158 1707 2188 Ca·

1002 2210 1260 2241 saub.—s‹›rtice
1274 2209 1401 2249 pingui]
1427 2210 1560 2248 Crasso,
1573 2208 1708 2238 inorna-

1004 2266 1051 2301 to,
1068 2261 1172 2292 multa
1195 2260 1424 2291 redundantia
1440 2259 1578 2298 hahens,
1595 2267 1708 2289 crassa

1003 2316 1038 2342 et
1055 2311 1162 2342 miuus
1179 2311 1364 2341 elaborata.
1389 2309 1503 2340 Lubin.

1046 2365 1085 2393 97
1108 2362 1163 2400 Ut,
1180 2361 1249 2401 thu]
1272 2361 1360 2392 Haee
1375 2361 1478 2391 verba
1492 2364 1567 2390 sunt
1583 2358 1703 2389 Poetae

1003 2412 1114 2444 Persii
1142 2411 1349 2446 adversario,
1380 2415 1540 2450 tanquam
1568 2409 1705 2448 indigno

1003 2463 1056 2494 cui
1074 2463 1161 2492 serio
1189 2461 1316 2502 aliquid
1333 2461 1437 2498 dicat,
1456 2458 1704 2499 respondentis.

1003 2512 1108 2544 Quasi
1124 2512 1233 2541 dieat:
1270 2512 1320 2541 Tu
1344 2515 1437 2540 recte
1453 2509 1608 2549 judicas;
1632 2518 1706 2539 ver-

1002 2572 1055 2591 sus
1083 2561 1156 2601 ejus
1185 2560 1289 2590 crassi
1319 2564 1398 2589 sunt
1423 2564 1458 2590 et
1484 2559 1639 2599 pingues,
1666 2563 1704 2590 ut

1001 2620 1161 2641 annosum
1189 2610 1326 2650 aliquod
1354 2609 1493 2647 ramale,
1525 2608 1704 2649 wrgrandi

1001 2662 1134 2701 subere,
1160 2660 1354 2692 densissima
1370 2660 1497 2690 cortice
1521 2664 1556 2690 et
1579 2664 1705 2700 crusta,

1000 2713 1113 2745 calore
1143 2712 1222 2744 solis
1251 2714 1386 2743 coctum
1416 2715 1451 2742 et
1479 2710 1701 2742 exsiccatum.
