1888 3032
477 124 712 165 moninus,
749 124 807 155 m·
840 124 1107 155 somni-,nni
1141 124 1355 154 GENERE.
1586 114 1642 156 153

189 218 425 266 miscuerit:
456 218 533 258 sed
553 219 596 259 in
615 218 716 272 ipsa
731 218 882 259 ironiae
899 222 1050 260 natura
1066 220 1191 261 situm
1207 219 1290 261 hoc
1305 232 1402 260 esse
1417 219 1640 269 existimo,

187 291 236 328 ut
267 286 359 340 ejus
395 287 464 326 vis
496 290 588 326 tum
620 286 851 340 praecipua
882 287 953 335 sit,
994 300 1094 327 cum
1127 288 1255 340 quasi
1289 287 1452 340 ambigi
1484 287 1643 340 possit,

188 358 333 395 utrum
354 354 466 394 serio
486 354 649 395 dictum
670 353 742 402 sit,
762 367 843 394 nec
862 366 932 402 ne,
953 353 997 393 id
1019 354 1135 406 quod
1155 358 1245 395 tum
1261 355 1452 395 maxime
1470 353 1643 395 accidat

187 433 364 462 necesse
391 424 472 471 est,
492 435 589 462 cum
610 421 682 470 iis,
704 433 802 473 quae
823 419 924 460 ficta
954 425 1093 461 mente
1111 421 1228 462 dicta
1248 421 1349 470 sint,
1380 421 1492 462 serio
1513 421 1642 462 dictis

188 488 393 530 distincta
410 488 653 529 videamus.
713 486 881 527 Verum
911 486 993 526 hac
1021 487 1293 540 exquisitiori
1318 488 1470 529 ironiae
1491 501 1643 540 genere

187 568 403 609 nunquam
424 556 559 596 utitur
580 554 759 604 Noster,
788 567 1045 608 semperque
1066 555 1153 595 fere
1171 567 1261 594 rem
1284 555 1351 595 vel
1371 555 1483 596 adeo
1504 555 1645 610 depri-

187 623 266 663 mit
278 623 349 663 vel
369 626 617 675 exaggerat,
637 626 686 663 ut
706 623 776 663 vel
794 621 1118 675 stupidissimus
1135 626 1323 664 mentem
1337 636 1484 664 veram
1501 625 1642 677 possit

187 688 394 730 divinare.
454 689 576 730 Raro
596 689 723 742 igitur
757 690 800 729 in
827 688 909 729 hoc
940 702 1092 742 genere
1125 689 1295 743 pungit,
1332 695 1409 732 aut
1444 692 1645 732 aculeum

188 755 271 797 alte
301 756 345 796 in
368 756 560 797 animum
588 756 784 807 demittit,
815 756 890 798 sed
920 756 964 796 id
984 761 1150 798 tantum
1169 757 1313 807 efficit,
1346 762 1394 798 ut
1414 771 1482 798 res
1502 758 1647 800 studio

188 822 429 864 deformata
448 828 491 864 et
510 824 691 865 distorta
716 825 848 865 risum
867 828 1053 864 moveat.

242 889 271 930 J
277 903 347 931 am
364 891 416 931 de
437 891 608 932 dicendi
628 904 795 944 genere,
826 904 911 944 quo
933 891 1111 931 Persius
1131 903 1236 931 usus
1253 896 1334 942 est,
1355 905 1500 945 pauca
1520 893 1644 935 dica·-

187 969 321 997 mus.-
361 957 464 998 Non
480 962 547 998 est
565 958 675 998 illud
692 958 890 1007 hilarum,
907 957 1126 1010 jocosum,
1159 958 1365 1009 facetum,
1393 965 1437 1001 et
1470 961 1644 1002 urbani-

188 1028 278 1069 tate
317 1024 569 1077 salibusque
612 1028 913 1078 temperatum,
954 1038 1042 1078 quo
1075 1025 1290 1066 Horatius
1323 1027 1505 1069 lectores
1551 1033 1647 1070 tan-

187 1094 336 1144 topere
368 1090 529 1132 detinet
557 1104 610 1132 ac
645 1091 844 1141 delectat,
877 1093 953 1133 sed
985 1093 1104 1133 triste
1139 1094 1406 1147 plerumque,
1443 1108 1647 1137 severum

188 1157 389 1207 mordax,
418 1159 656 1200 acerbitate
678 1163 721 1200 et
747 1160 982 1200 acrimonia
1009 1161 1199 1213 plenum.
1272 1161 1375 1203 Non
1405 1162 1516 1203 ridet
1542 1164 1647 1205 stul-

186 1226 342 1274 titiam,
359 1225 437 1266 sed
452 1226 621 1279 flagello
637 1227 832 1280 increpat
849 1227 957 1266 vitia
973 1231 1016 1267 et
1037 1227 1359 1282 turpitudinem.
1420 1229 1645 1281 Ingenium

185 1297 339 1334 nactus
358 1293 509 1334 forsan
536 1298 691 1335 natura
719 1295 902 1343 tristius,
924 1294 1252 1349 modestiusque
1273 1309 1300 1335 a
1324 1297 1580 1349 parentibus
1600 1299 1646 1339 in

188 1359 421 1401 solitudine
436 1375 561 1414 paene
582 1362 810 1412 educatus,
832 1361 1020 1402 Romam
1036 1363 1212 1416 quidem
1229 1363 1305 1404 sed
1324 1363 1380 1404 ad
1398 1366 1649 1416 grammati-

190 1439 267 1467 cos
309 1430 352 1467 et
389 1427 579 1468 rhetores
615 1429 783 1469 delatus
813 1433 892 1479 est,
929 1429 1082 1470 deinde
1109 1431 1152 1470 in
1172 1430 1449 1484 disciplinam
1467 1431 1648 1474 Cornuti

188 1494 320 1534 venit.
398 1494 489 1535 Hic
518 1508 752 1548 generosus
772 1496 846 1536 ille
867 1497 1038 1537 animus
1065 1497 1249 1550 juvenili
1281 1497 1437 1538 ardore
1474 1498 1647 1540 Stoico-

188 1574 280 1601 rum
316 1564 540 1615 praecepta
586 1564 798 1617 arripiens
843 1577 866 1604 e
916 1565 1206 1618 praeceptoris
1254 1565 1542 1614 sermonibus,
1570 1576 1647 1612 'res

186 1627 409 1677 humanas,
430 1641 518 1669 non
543 1633 591 1669 ut
611 1630 710 1679 sint,
739 1630 815 1670 sed
835 1635 883 1670 ut
901 1644 999 1671 esse
1017 1631 1217 1680 debeant,
1240 1633 1469 1683 cognovit3
1500 1636 1645 1687 atque,

187 1698 232 1736 ut
251 1695 404 1745 solent,
425 1696 500 1749 qui
520 1698 743 1738 erectioris
776 1702 820 1738 et
852 1698 1107 1739 ardentioris
1141 1699 1300 1751 ingenii
1327 1703 1441 1748 sunt,
1463 1699 1646 1741 sormam

186 1766 229 1805 et
248 1763 477 1815 imaginem
497 1764 672 1805 illarum
705 1770 845 1806 mente
878 1767 1094 1819 concepit,
1118 1766 1174 1807 ad
1209 1779 1340 1819 quam
1374 1766 1532 1807 deinde
1552 1780 1646 1807 om·

187 1829 277 1877 nia,
295 1841 394 1881 quae
419 1830 613 1871 audisset
632 1831 888 1881 vidissetve,
910 1833 1130 1884 exigebat.
1192 1832 1308 1883 Quae
1332 1848 1431 1874 cum
1450 1833 1646 1875 animad-

189 1896 388 1937 vertisset
409 1897 464 1937 ab
488 1897 561 1938 illa
579 1910 732 1938 norma
747 1899 918 1951 longius
932 1901 1143 1947 aberrare,
1157 1913 1296 1953 eaque
1311 1914 1430 1953 saepe
1444 1900 1645 1948 derideri,

188 1975 287 2016 quae
309 1965 396 2004 sibi
415 1969 542 2005 extra
560 1978 729 2007 omnem
758 1965 1042 2007 dubitationis
1074 1967 1214 2010 aleam
1238 1969 1384 2020 posita
1406 1980 1504 2007 esse
1528 1966 1645 2007 vide-

187 2034 346 2079 rentur,
368 2032 489 2083 gravi
509 2031 809 2084 indignatione
841 2045 1052 2073 accensus
1083 2037 1163 2073 est.
1226 2033 1342 2074 Haec
1370 2033 1523 2074 deinde
1545 2047 1645 2075 cum

189 2097 423 2149 premenda
457 2103 587 2147 esset,
619 2099 782 2152 vixque
814 2104 908 2140 tuto
942 2101 1051 2140 inter
1090 2099 1453 2140 familiarissimos
1494 2105 1648 2153 posset

189 2163 367 2213 effundi,
400 2178 485 2205 non
513 2166 654 2210 solum
686 2166 951 2207 vehementer
982 2171 1114 2207 aucta
1147 2173 1227 2216 est,
1259 2181 1405 2207 verum
1441 2168 1574 2208 etiam
1601 2167 1645 2208 in

189 2230 469 2274 acerbitatem
491 2236 534 2271 et
554 2233 839 2273 acrimoniam
861 2234 982 2273 abiit.
1044 2232 1158 2282 Quae
1182 2235 1396 2274 acerbitas
1420 2235 1643 2287 praecipue

190 2310 237 2339 sc
275 2301 441 2339 exeruit
473 2301 514 2339 in
543 2301 845 2341 sententiarum
867 2299 1296 2349 conformationibus,
1315 2301 1357 2339 in
1381 2301 1517 2353 tropis
1538 2300 1648 2353 figu-

188 2364 330 2417 risque
350 2365 603 2418 deligendis,
617 2368 669 2406 'in
691 2368 847 2419 quibus
879 2371 1072 2407 extrema
1105 2381 1290 2420 semper,
1312 2381 1410 2419 quae
1434 2368 1644 2408 sermonis

187 2432 298 2479 tatio
332 2433 593 2486 suppeditet,
628 2435 836 2487 sequitur,
871 2448 949 2475 nec
983 2435 1116 2475 semel
1152 2435 1220 2474 vel
1252 2448 1420 2474 omnem
1456 2447 1579 2474 usum
1607 2438 1649 2473 et

191 2500 555 2550 consuetudinem,
575 2506 621 2541 ut
640 2503 766 2542 nobis
788 2502 964 2555 quidem
984 2502 1172 2550 videtur,
1196 2503 1362 2552 migrat,
1392 2507 1438 2540 ut
1459 2514 1524 2549 ca,
1547 2513 1645 2552 quae

191 2573 421 2618 proponat,
442 2568 745 2620 indignationis
766 2569 1045 2611 vehementia}
1066 2569 1367 2622 respondeant.

250 2632 369 2677 Hinc
386 2648 541 2688 magna
559 2649 616 2676 ex
637 2642 759 2689 parte
789 2637 908 2677 aliud
940 2637 1094 2679 vitium
1124 2643 1262 2678 ortum
1290 2639 1367 2685 est,
1391 2647 1478 2688 quo
1504 2634 1646 2676 Persii
