1888 3032
743 128 923 161 SA'I'lRA
960 129 1004 161 V.

1526 109 1610 161 123

206 223 330 266 Mille
349 224 569 266 hominum
591 224 781 278 species,
804 229 847 265 et
865 235 1008 265 rernm
1028 220 1218 264 discolor
1237 217 1360 264 usus.

146 291 275 333 Velle
296 306 419 333 suum
441 293 598 346 cuique
619 296 697 342 est,
719 305 798 333 nec
820 296 924 333 voto
945 293 1108 333 vivitur
1127 305 1230 333 uno.

148 359 372 400 Mercibus
392 360 463 400 hic
489 360 612 403 Italis
632 364 768 400 mutat
791 361 871 400 sub
895 360 988 400 sole
1009 361 1169 401 recenti

147 426 376 480 Rugosum
396 429 538 481 piper,
561 432 603 468 et
623 427 825 481 pallentis
848 439 981 478 grana
1001 427 1184 468 cumini:

1555 426 1612 466 55

146 581 363 612 accommodat.
410 581 549 611 Millenae
565 584 643 610 sunt
658 580 814 610 hominum
832 578 960 619 formae,
989 583 1019 610 et
1044 581 1148 610 rarius
1164 589 1265 610 rerum
1281 590 1363 610 usus.
1409 579 1502 610 Suam
1519 578 1612 609 habet

147 625 271 664 quisque
287 625 484 663 voluntatem,
500 633 554 653 uec
572 623 638 653 vita
660 623 786 653 ducitur
812 624 914 654 eodem
930 623 1090 654 desiderio.
1137 623 1197 653 Ille
1223 623 1278 652 sub
1303 624 1363 653 sole
1388 632 1464 652 ποι-ο
1491 622 1614 652 Italicis

146 666 297 698 mercibus
313 669 478 698 commutat
492 666 581 707 piper
594 665 780 707 scabrosum,
797 668 825 697 et
836 666 977 704 frustula
994 666 1107 697 cumini
1121 666 1242 706 pallidi.
1287 665 1351 696 Iste
1374 665 1450 696 cibis
1469 664 1612 704 ingurgi-

807 762 952 794 NOTAE

147 825 263 867 fuisse,
299 827 355 868 qui
390 813 534 858 dixssersae
565 826 695 859 fuerint
729 826 855 867 aetatis,

147 876 207 907 sed
242 877 352 908 videri
382 876 562 917 duntaxat,
589 877 631 908 ob
661 877 855 908 similitudi-

148 936 224 958 nem
242 927 332 958 inter
357 937 414 958 eos
441 938 571 958 morum
595 937 634 959 ac
661 927 740 959 vitae
769 937 855 959 sum-

149 987 249 1009 mam.
279 979 407 1010 Verum
425 984 563 1010 strenue
581 983 751 1020 repugnat
763 979 856 1010 Mar-

150 1029 263 1069 cilius,
291 1029 510 1070 ostenditque
540 1030 642 1061 variis
675 1030 854 1071 exemplis,

149 1088 217 1110 nou
233 1089 368 1110 coaevos
384 1079 473 1110 idem
487 1084 600 1111 tamen
612 1080 681 1111 dici
697 1080 855 1112 habuisse

148 1130 343 1161 natalitium
375 1130 488 1161 sidus:
526 1135 564 1162 ut
601 1130 855 1163 Hermodorum

149 1189 189 1212 ac
220 1181 506 1220 Demosthenem3
544 1181 789 1213 Archilochum
820 1187 856 1214 et

149 1230 347 1272 Pindarum,
364 1233 428 1263 διο.
473 1232 647 1274 Quicquid
662 1232 717 1271 sit,
736 1233 856 1264 saltem

151 1285 286 1312 constat
312 1281 464 1322 potuisse
493 1291 594 1323 pares
622 1281 773 1313 siderum
799 1283 858 1314 ali-

151 1335 235 1372 quot
248 1336 409 1373 aspectus
432 1341 616 1363 occurrere
640 1332 675 1363 in
690 1332 857 1364 natalibus

152 1382 296 1414 Cornuti
312 1386 349 1413 et
361 1383 486 1422 Persii,
502 1384 655 1424 quamvis
671 1388 776 1414 aetate
792 1393 857 1414 non

151 1431 350 1474 aequalium:
375 1437 411 1463 et
437 1433 500 1463 hoc
529 1432 655 1463 sufficit
681 1433 724 1463 ad
753 1433 859 1473 expli-

153 1482 298 1513 candum
322 1483 497 1514 commode
521 1483 602 1513 satis
630 1483 742 1514 locum
768 1483 859 1514 hunc

153 1530 317 1564 Auctoris
333 1532 452 1563 nostri.
499 1532 588 1562 Nam
611 1532 720 1572 primo
737 1533 779 1563 de
805 1533 859 1564 Li-

153 1584 215 1616 bra
231 1589 266 1615 et
289 1583 456 1624 Geminis,
480 1584 573 1614 nulla
595 1588 647 1614 est
663 1582 860 1616 difficultas.

156 1634 292 1666 Deinde
309 1634 390 1676 quid
411 1638 509 1665 vetat
525 1634 627 1665 etiam
649 1633 786 1672 Jovem,
804 1634 862 1675 qui

152 1684 245 1716 intra
283 1684 463 1716 duodecim
499 1693 663 1715 annorum
699 1684 859 1725 spatium,

156 1746 223 1778 quo
239 1736 418 1777 periodum
445 1735 608 1775 absolvit,
633 1735 686 1766 bis
711 1735 859 1776 peculia-

155 1797 227 1818 rem
243 1787 308 1818 sibi
324 1787 460 1817 domum
477 1786 680 1826 ingreditur,
697 1785 754 1816 ubi
777 1786 862 1816 mul-

156 1842 227 1868 tum
245 1837 411 1878 praevalet
429 1836 591 1867 adversus
609 1836 811 1866 Saturnum?

200 1891 241 1920 52
281 1888 375 1918 Mille
406 1887 564 1917 hominum
592 1885 722 1926 species]
783 1887 861 1919 Jam

157 1939 312 1977 Persius,
335 1947 398 1978 per
413 1936 702 1977 comparationem
718 1936 863 1967 dissimi-

155 1990 250 2030 lium,
274 1989 443 2030 singulare
459 1987 603 2019 Cornuti
619 1987 697 2018 vitae
714 1987 864 2018 virtutis-

160 2052 225 2084 que
253 2051 358 2082 genus
387 2038 625 2072 commendare
651 2038 862 2080 aggreditur.

159 2092 254 2124 Mille
282 2092 438 2122 hominum
463 2090 590 2130 species,
619 2090 672 2129 ξε.
728 2089 771 2121 Id
802 2095 864 2130 est,

159 2143 254 2174 varia
281 2146 359 2173 sunt
385 2141 559 2172 hominurn
585 2140 708 2180 studia,
732 2141 865 2172 diversa

159 2203 284 2235 genera
307 2197 408 2234 atque
432 2191 591 2222 instituta
606 2190 697 2221 vitae.
742 2191 864 2222 Horat.

158 2244 184 2276 l.
212 2253 250 2275 11.
277 2243 386 2274 Serm.
414 2242 486 2273 Sat.
512 2243 542 2271 l.
567 2240 713 2271 ‘Castor
739 2241 866 2281 gaudet

162 2296 275 2337 equis3
301 2303 363 2325 ovo
383 2298 568 2334 prognatus
590 2291 710 2323 eodem
728 2292 866 2331 Pugnis.

163 2347 258 2380 Quot
270 2345 423 2386 capitum
439 2345 571 2385 vivunt,
596 2343 741 2375 totidem
761 2342 867 2373 studi-

162 2406 257 2429 orum
274 2395 405 2427 Miltia!

206 2450 247 2478 53
277 2447 361 2478 Velle
375 2456 463 2476 sunm
478 2446 585 2486 cuique
604 2448 661 2485 est,
684 2443 752 2483 ἐξα]
798 2443 868 2474 Pro

162 2497 364 2533 diversitate
392 2497 576 2528 animorum
597 2505 637 2527 ac
659 2495 867 2536 judiciorum

167 2547 251 2578 alius
268 2547 368 2578 aliam
395 2551 503 2578 artem
525 2551 562 2577 et
587 2545 868 2577 exercitationem

167 2601 328 2630 sectatur.
363 2597 557 2629 Cassiodor.
578 2598 588 2614 ‘
604 2598 696 2629 Quot
709 2597 870 2636 homiues,

169 2651 224 2677 tot
239 2648 429 2688 sententiae,
444 2653 480 2679 et
496 2648 679 2690 unicuique
695 2657 766 2678 mos
790 2657 868 2678 suus

170 2697 244 2730 est.’
301 2698 420 2740 Virgil.
453 2700 530 2732 Ecl.
560 2709 602 2732 u.
639 2699 781 2732 ‘Trahit
809 2708 870 2730 sua

900 836 1075 868 quemque
1094 823 1269 867 voluptas!

954 878 1022 908 Nec
1037 880 1106 908 voto
1129 878 1248 909 vivitur
1270 877 1346 918 uno]
1390 876 1440 907 Ut
1468 875 1613 906 diversae

910 934 1053 970 mentes,
1069 929 1116 960 sic
1134 928 1270 959 diversa
1295 926 1433 959 consilia
1461 924 1614 967 proposi-

910 982 1024 1020 taque.
1057 979 1230 1010 Lucilius:
1257 979 1265 995 ‘
1280 977 1381 1010 Quod
1398 976 1463 1008 tibi
1477 985 1616 1017 magno-

910 1038 990 1070 pere
1014 1029 1109 1061 cordi
1136 1034 1199 1070 est,
1215 1028 1295 1060 mihi
1312 1028 1534 1060 vehementer
1551 1026 1616 1058 dis-

910 1080 1041 1121 plicet!

953 1134 994 1162 54
1020 1130 1177 1162 Mercibus
1191 1131 1241 1161 hic
1258 1131 1362 1170 Italis,
1376 1130 1445 1170 δῖα]
1468 1128 1616 1162 Quidam

911 1182 1131 1223 negotiantur
1151 1182 1242 1222 apud
1269 1185 1403 1212 exteras
1426 1184 1557 1220 gentes,
1580 1182 1617 1210 et

912 1234 954 1264 ad
982 1243 1037 1264 eas
1064 1233 1249 1274 deportant
1273 1242 1405 1264 merces
1430 1241 1474 1263 ex
1500 1231 1616 1262 Italia.

912 1283 1033 1315 Horat.
1061 1283 1173 1324 Epist.
1197 1292 1222 1314 1.
1241 1286 1272 1314 1.
1303 1282 1480 1323 ‘Impiger
1503 1284 1616 1313 extre·

912 1344 983 1365 mos
998 1334 1103 1365 curris
1119 1338 1289 1364 mercator
1306 1333 1347 1363 ad
1365 1330 1494 1363 Indos!

955 1384 1082 1424 Mutat]
1126 1384 1219 1415 Ante
1246 1393 1345 1414 usum
1369 1382 1458 1420 aeris,
1485 1390 1546 1422 per
1566 1390 1618 1411 re·

913 1443 987 1465 rum
1016 1434 1316 1465 commutationem
1344 1435 1536 1463 mercatura
1557 1429 1618 1462 fie-

913 1485 983 1516 bat.
1027 1485 1139 1516 Testis
1169 1484 1260 1515 Plin.
1286 1483 1343 1524 qui
1366 1486 1578 1514 mercaturas
1598 1492 1618 1512 a

915 1534 1032 1566 Poenis
1056 1535 1211 1565 inventas
1237 1533 1286 1564 ait
1309 1533 1329 1564 l.
1357 1541 1423 1563 vn.
1452 1541 1483 1562 c.
1507 1533 1558 1562 56.
1582 1535 1619 1562 et

914 1586 1139 1617 l.xxx111.c.
1158 1587 1186 1615 1.
1211 1584 1220 1600 ‘
1234 1581 1398 1621 Utinam,'
1415 1581 1537 1623 inquit,
1551 1582 1619 1612 ‘to-

915 1640 989 1667 tum
1016 1645 1035 1667 e
1062 1635 1135 1666 vita
1158 1638 1273 1675 posset
1304 1632 1456 1664 abdicari
1486 1641 1618 1671 aurum,

916 1697 1013 1718 sacra
1032 1685 1152 1726 fames,
1178 1685 1219 1716 ad
1244 1683 1433 1725 perniciem
1458 1683 1539 1713 vitae
1568 1691 1620 1713 re-

915 1743 1061 1779 pertum.
1088 1738 1262 1770 Quantum
1275 1734 1428 1766 feliciore
1442 1743 1527 1773 aevo,
1542 1742 1621 1764 cum

918 1798 971 1819 res
1013 1788 1097 1829 ipsae
1128 1786 1412 1828 permutabantur
1447 1785 1536 1815 inter
1573 1793 1622 1824 se,

917 1839 1004 1870 sicut
1021 1844 1057 1870 et
1083 1837 1234 1878 Trojauis
1251 1835 1458 1877 temporibus
1481 1834 1620 1866 factita-

917 1894 1002 1928 tum,
1034 1888 1186 1919 Homero
1213 1886 1308 1918 credi
1337 1886 1508 1917 convenit.
1565 1885 1621 1916 Ita

917 1939 1018 1978 euim,
1047 1942 1084 1968 ut
1114 1937 1244 1977 opinor,
1273 1935 1477 1967 commercia
1507 1935 1620 1967 victus

916 1989 1029 2029 gratia
1052 1986 1214 2027 inventa,'
1242 1989 1307 2017 Sec.
1354 1987 1446 2026 Lege
1461 1985 1561 2017 Alex.
1576 1984 1621 2016 ab

916 2038 1018 2070 Alex.
1034 2048 1086 2070 iv,
1102 2041 1154 2069 15.

962 2090 1026 2121 Sub
1050 2090 1111 2120 sole
1132 2088 1266 2129 recenti]
1311 2088 1351 2119 In
1369 2087 1541 2120 Orientali
1557 2087 1624 2118 Re-

918 2140 1028 2181 gione,
1051 2140 1107 2170 ubi
1132 2140 1181 2170 sol
1206 2138 1481 2180 hemisphaerium
1507 2147 1625 2169 ascen-

920 2191 1002 2221 dens
1015 2190 1148 2222 renasci
1162 2189 1315 2231 quotidie
1330 2189 1476 2221 videtur.
1500 2189 1626 2220 Casan-

920 2241 1027 2272 bonus
1050 2241 1103 2272 hic
1129 2250 1216 2272 unus
1233 2239 1479 2271 Alexandriam
1502 2239 1622 2270 urbem

920 2296 1030 2331 notat,
1061 2291 1156 2332 quasi
1185 2291 1263 2321 inde
1294 2289 1436 2320 Romani
1472 2289 1624 2320 solerent

920 2350 1053 2373 merces
1083 2345 1225 2382 petere3
1263 2340 1323 2371 sed
1359 2349 1425 2381 quo
1457 2339 1536 2380 jure
1559 2339 1623 2371 hoc

923 2392 1087 2424 affirmat?
1121 2392 1213 2426 Quin
1228 2392 1341 2433 potius
1356 2391 1538 2423 Horatium
1553 2391 1624 2422 Sat.

923 2446 993 2475 ι.4.
1041 2443 1179 2474 Persius
1205 2441 1373 2482 imitatur,
1395 2442 1489 2473 ‘Hic
1515 2444 1627 2471 mutat

922 2503 1054 2525 merces
1071 2497 1233 2534 surgente
1250 2503 1270 2524 a
1291 2493 1362 2524 sole
1388 2492 1431 2524 ad
1454 2501 1542 2529 eum,
1559 2500 1626 2532 quo

922 2544 1130 2585 Vespertina
1141 2547 1239 2584 tepet
1251 2542 1368 2584 regio!

966 2599 1006 2626 55
1031 2595 1192 2635 Rugosum
1203 2593 1309 2635 piper]
1355 2591 1455 2624 Quod
1471 2590 1512 2620 ab
1527 2589 1625 2621 Indis

923 2646 1066 2687 petitur,
1091 2644 1183 2686 quod
1205 2644 1348 2684 gignunt
1372 2641 1510 2671 arbores
1531 2639 1626 2680 juni-

922 2696 1015 2740 peris
1030 2696 1154 2728 nostris
1171 2693 1307 2733 similes,
1323 2690 1412 2734 quod
1435 2700 1455 2722 a
1470 2689 1542 2722 sole
1557 2694 1626 2723 tar·-
