1888 3032
280 110 366 153 110

788 124 815 153 Λ
826 146 834 154 .
870 123 1030 155 PERSII
1064 126 1239 159 FLAOCI

282 216 453 258 Fabula
473 229 549 257 seu
566 220 725 258 moesto
745 220 930 270 ponatur
948 218 1108 261 hianda
1129 222 1343 274 tragoedo,

281 283 479 325 Vulnera
499 297 575 324 seu
598 282 750 325 Parthi
771 285 972 327 ducentis
994 287 1049 328 ab
1071 289 1247 342 inguine
1269 289 1443 334 serrum.

278 425 450 455 nuntianda
461 434 473 460 ;
494 423 559 455 sire
576 424 772 457 describant
781 426 894 466 plagas
910 427 1026 459 Parthi
1043 429 1215 461 emittentis
1228 431 1366 471 sagittas
1379 441 1419 462 err
1429 432 1567 473 inguine.
1612 434 1665 466 Aa
1677 434 1750 475 quid

280 554 371 584 mille
392 553 549 594 linguas,'
572 557 636 586 &a
683 556 728 587 Et
744 555 776 587 S.
800 555 938 587 Hieron.
955 557 988 587 in

283 604 466 645 Epitaphio
495 605 611 636 Paulae
632 606 679 637 sic
698 606 899 638 exorditur:
934 608 989 639 ‘Si

280 660 407 686 cuncta
430 656 583 696 corporis
609 657 675 688 mei
701 658 854 689 membra
877 664 989 690 verte-

281 710 399 737 rentur
414 706 448 736 in
466 706 609 747 linguas,
637 712 672 738 et
690 717 804 738 onmes
823 713 916 739 artus
933 709 990 739 hu-

280 765 380 787 mana
404 766 488 788 voce
515 762 728 796 resonarent,
751 758 832 788 nihil
850 758 990 799 dignum

281 813 410 839 sanctae
437 817 476 838 ac
495 808 700 839 venerabilis
724 809 841 840 Paulae
858 810 993 841 virtuti-

281 859 344 890 bus
361 859 534 890 dicerem.'
569 859 659 890 Vide
674 859 868 891 Cassiodor.
887 870 943 900 ep.
959 863 990 891 1.

283 912 340 943 lib.
357 914 408 943 ll.
425 913 488 943 Sec.

323 965 342 993 3
364 962 480 993 Fabula
493 972 546 993 seu
559 965 663 993 moesto
671 966 818 1002 ponatur,
830 962 898 1003 ᾅίκ]
921 963 989 994 Seu

282 1013 428 1044 Carmen
445 1012 630 1053 Tragicum
647 1012 810 1053 scribant,
836 1023 894 1044 seu
920 1014 989 1044 He-

282 1064 423 1095 roicum.

327 1113 463 1152 Fabula]
510 1113 586 1144 Hoc
614 1114 748 1144 nomine
780 1114 992 1155 significatur

282 1165 388 1196 omnis
412 1163 518 1202 fictio,
548 1173 613 1194 non
639 1168 769 1195 tantum
798 1164 847 1196 rei
873 1165 991 1206 totius,

282 1215 392 1256 qualis
418 1214 460 1244 ab
484 1214 680 1255 Aphthonio
698 1220 734 1247 et
750 1216 793 1246 ab
810 1216 883 1247 aliis
899 1227 989 1248 coni-

281 1265 430 1297 munitet
456 1265 680 1305 intelligitur3
717 1266 778 1297 sed
803 1271 838 1297 et
854 1267 990 1307 quando

282 1317 333 1347 rei
353 1326 444 1346 verae
471 1316 634 1356 adjuncta
651 1316 806 1357 quaedam
828 1316 990 1357 affingun-

282 1372 350 1406 tur,
385 1371 420 1398 et
450 1376 560 1397 sermo
592 1367 747 1407 personis
779 1368 988 1406 attribuitur,

282 1427 350 1448 non
369 1427 468 1458 quenl
495 1416 658 1456 habuere,
686 1417 746 1447 sed
774 1419 906 1458 qualem
934 1419 988 1449 ha-

282 1468 364 1498 bere
393 1471 579 1507 potuerunt
607 1471 665 1498 aut
691 1467 897 1499 debuerunt.
946 1470 990 1500 Et

283 1517 331 1548 sic
350 1516 553 1547 Draniatica
569 1517 696 1558 quaevis
713 1517 877 1549 Poemata
895 1518 990 1550 fabu-

281 1568 323 1598 1ae
341 1567 514 1598 dicuntur.
563 1567 631 1597 Hic
658 1577 718 1607 pro
741 1568 921 1608 Tragoedia
938 1579 990 1600 su-

279 1619 397 1657 mitur,
411 1619 444 1648 in
456 1628 520 1658 qua
535 1628 577 1648 ex
589 1618 756 1658 adjunctis
772 1619 819 1649 rei
833 1620 989 1660 quandam

281 1669 406 1700 mutari
423 1668 564 1708 perinde
591 1672 649 1698 aut
676 1667 770 1708 fingi,
793 1673 832 1699 ut
860 1668 990 1700 dictum

278 1723 346 1759 est,
369 1729 435 1750 non
462 1723 514 1749 est
536 1716 645 1757 nefas,
671 1718 854 1749 dummodo
869 1719 991 1750 similia

281 1780 363 1801 vero
379 1770 445 1801 sint
463 1769 586 1807 onmia,
612 1774 649 1800 et
677 1769 764 1800 bene
787 1769 918 1811 singula
933 1780 988 1802 co-

280 1821 445 1860 haereant,
464 1821 568 1860 juxta
586 1819 707 1850 Horat.
733 1819 766 1849 in
792 1819 879 1850 Arte
901 1820 989 1851 Po'e'-

280 1872 358 1911 tica,
374 1881 408 1902 v.
427 1874 502 1902 151.
525 1872 532 1886 ⁴
546 1869 661 1911 Atque
678 1870 728 1901 ita
743 1870 920 1911 mentitur,
940 1871 988 1902 sic

278 1922 370 1952 'veris
395 1920 478 1952 salsa
508 1921 679 1958 remiscet‚
708 1920 825 1951 Primo
851 1931 893 1951 ne
921 1931 988 1952 me-

278 1972 386 2013 dium,
402 1972 514 2003 medio
532 1981 574 2001 ne
589 1971 763 2011 discrepet
780 1971 905 2002 imum.'
943 1973 989 2004 Et

279 2031 312 2054 v.
329 2026 403 2054 338.
449 2024 460 2040 ’ί
474 2023 573 2054 Ficta
590 2023 777 2063 voluptatis
796 2033 897 2054 causa
922 2025 990 2055 sint

283 2075 441 2114 proxima
462 2075 562 2111 veris,
587 2075 662 2105 Nec
681 2074 919 2115 quodcumque
936 2085 990 2105 vo-

280 2124 330 2154 let
361 2128 482 2164 poscat
513 2124 575 2154 sihi
603 2123 721 2153 sabula
746 2125 852 2155 credi.
910 2124 989 2155 Neu

279 2183 414 2215 pransa:
432 2176 560 2205 Lamiae
582 2174 693 2205 vivum
712 2184 855 2214 puerum
876 2179 988 2205 extra-

279 2227 339 2256 hat
355 2225 456 2256 alvo!

323 2277 453 2316 Moesto]
503 2276 737 2316 Utpluri'muni
754 2276 787 2306 in
800 2277 987 2317 Tragoediis

279 2320 397 2357 ‘tristes
414 2331 598 2357 occurrunt
614 2336 720 2365 casus,
746 2331 861 2367 atque,
889 2332 927 2356 ut
944 2327 989 2357 lo-

281 2375 395 2415 quitur
408 2377 673 2416 Theophrastus,
688 2377 810 2417 ῆροῖκῆς
821 2376 922 2416 τύχης
933 2389 986 2407 πε-

277 2426 433 2467 ρίστασις.
480 2428 985 2460 UndeArcholaoMacedouiae

281 2478 383 2519 Regi,
408 2483 447 2509 ut
472 2478 513 2508 (le
534 2488 570 2508 se
586 2478 803 2518 Tragoediam
820 2479 987 2508 scriberet

281 2528 427 2569 petenti,
438 2529 589 2559 abnuens
604 2528 781 2567 respondit
796 2528 987 2567 Euripides,

282 2579 385 2610 immo
402 2589 519 2619 rogare
545 2588 580 2609 se
605 2579 700 2608 Deos
723 2588 762 2607 ac
788 2577 922 2617 precari
945 2587 987 2607 ne

281 2629 362 2670 qnid
401 2638 547 2672 unquam
584 2629 773 2669 Tragoediae
813 2628 987 2668 proprium

281 2678 372 2712 bono
393 2679 550 2721 Principi
582 2678 770 2711 accideret.
823 2678 987 2709 Horatius

1044 550 1079 581 in
1096 549 1192 592 Arte,
1208 563 1257 584 vs.
1271 555 1344 585 102.
1384 554 1393 571 ‘
1406 554 1441 585 Si
1458 554 1507 584 vis
1522 564 1576 586 me.
1587 553 1682 594 flere,
1696 555 1754 588 do-

1043 602 1181 633 lendum
1199 609 1249 635 est
1276 604 1427 635 Primum
1456 605 1518 645 ipsi
1542 604 1616 636 tibi.
1653 606 1752 639 Tunc

1046 656 1105 683 tua
1128 663 1181 684 me
1211 653 1398 685 infortunia
1426 654 1564 694 laedent,
1587 655 1752 695 Telephe,

1045 703 1100 733 vel
1128 703 1248 734 Peleu.
1273 722 1315 726 -—-
1338 704 1468 735 Tristia
1492 708 1647 736 moestum
1670 706 1754 736 Vul-

1046 756 1117 783 tum
1136 753 1241 784 verba
1257 753 1405 793 decent,'
1422 758 1484 785 &a
1531 756 1622 786 Cave
1639 760 1752 786 antem

1045 813 1088 833 ne
1112 803 1153 834 de
1182 804 1274 834 tristi
1299 806 1516 845 catastrophe
1541 815 1579 837 ac
1596 806 1752 838 luctuoso

1045 854 1112 885 fine
1137 854 1320 895 intelligas.
1366 855 1443 886 Nec
1471 856 1559 887 enim
1585 857 1697 888 exitus
1712 867 1752 889 ae

1046 904 1120 936 finis
1149 906 1335 947 Tragoediae
1363 907 1451 937 solet
1476 913 1535 938 ant
1558 907 1662 939 debet
1678 918 1753 940 esse

1047 956 1153 987 tristis
1171 956 1275 996 inagis
1292 966 1391 997 quam
1409 957 1611 988 Comoediae:
1638 958 1669 988 in
1687 968 1754 1000 quo

1047 1006 1243 1038 Lubinuset
1253 1006 1310 1037 alii
1327 1007 1534 1038 recentiores
1547 1008 1754 1039 hallucinan-

1047 1063 1115 1089 tur.
1160 1058 1292 1089 Nomen
1310 1068 1410 1097 porro
1426 1058 1704 1098 Tragicomoediae
1720 1059 1754 1090 in

1048 1119 1115 1149 qua
1132 1109 1232 1148 vulgo
1256 1113 1380 1148 putant
1404 1114 1523 1139 contra
1548 1119 1566 1139 e
1597 1109 1752 1141 tristibus

1045 1159 1151 1191 initiis
1181 1160 1281 1190 finem
1313 1169 1388 1190 esse
1417 1159 1599 1198 laetiorem,
1622 1169 1752 1191 merum

1045 1216 1097 1241 est
1115 1214 1358 1247 commentum,
1389 1210 1644 1252 inauditumque
1661 1211 1751 1252 apud

1044 1266 1191 1291 veteres.
1241 1261 1364 1301 Scalig.
1382 1262 1482 1292 Po'e't.
1496 1262 1553 1292 lib.
1569 1271 1617 1293 vr.
1631 1272 1706 1303 cap.
1720 1266 1752 1294 3.

1045 1316 1080 1342 et
1096 1312 1187 1342 alibi.
1232 1312 1372 1342 Vossius
1386 1312 1502 1343 Instit.
1520 1312 1620 1344 Poet.
1638 1313 1696 1344 lib.
1713 1322 1753 1345 11.

1045 1373 1119 1403 cap.
1150 1365 1203 1393 24.
1248 1362 1414 1393 Stiblinus
1445 1363 1476 1393 in
1504 1363 1624 1404 Eurip.
1651 1365 1752 1404 Trag.

1043 1413 1294 1452 Theophrastus
1323 1413 1414 1453 apud
1441 1414 1600 1446 Diomed.
1617 1415 1675 1446 lib.
1693 1425 1752 1448 11¹.

1045 1464 1148 1495 Certe
1167 1464 1339 1504 Euripidis
1364 1469 1399 1495 et
1423 1464 1598 1504 Sophoclis
1615 1465 1754 1506 Tragoe-

1046 1515 1112 1546 diae
1139 1524 1232 1555 saepe
1260 1513 1363 1545 finem
1389 1515 1517 1545 habent
1537 1520 1571 1546 et
1588 1520 1753 1547 catastro-

1046 1566 1147 1606 phen,
1163 1575 1261 1606 quam
1280 1565 1445 1605 principia
1459 1566 1625 1596 laetiorem
1640 1578 1646 1597 ε
1672 1568 1753 1598 Tra-

1045 1615 1256 1657 gicomoediae
1284 1620 1398 1647 tamen
1424 1615 1514 1656 apud
1532 1616 1608 1647 illos
1624 1618 1753 1649 mentio

1043 1667 1158 1704 nnlla3
1198 1675 1260 1696 nec
1290 1666 1409 1697 titulus
1435 1667 1499 1696 iste
1531 1676 1680 1707 unquam
1707 1668 1754 1699 in-

1045 1719 1194 1759 scriptus
1243 1718 1332 1759 apud
1371 1718 1528 1759 antiquos
1567 1719 1752 1758 reperitur.

1043 1771 1166 1801 Testes
1197 1770 1369 1811 Euripidis
1399 1769 1557 1807 Hecuba,
1594 1769 1752 1810 Orestes,

1044 1821 1215 1859 Alcestes,
1232 1826 1376 1862 utraque
1396 1819 1588 1860 Iphigenia,
1605 1822 1669 1852 &c.

1087 1873 1234 1913 Iliandu]
1281 1873 1410 1912 Magno
1428 1871 1563 1912 quidem
1579 1871 1700 1912 spiritu
1716 1875 1752 1903 et

1044 1934 1130 1956 voce
1155 1925 1249 1965 gravi
1270 1922 1459 1961 recitanda,
1485 1922 1576 1953 sicut
1603 1931 1655 1953 ros
1681 1922 1751 1953 illie

1046 1984 1178 2015 graves,
1214 1974 1362 2005 sublimis
1394 1978 1429 2003 et
1462 1972 1599 2011 grandis
1631 1972 1749 2010 stylus.

1043 2026 1204 2057 Juvenal.
1217 2027 1287 2055 Sat.
1302 2033 1352 2054 vr.
1376 2025 1385 2039 ‘
1400 2022 1540 2053 Grande
1560 2021 1750 2062 Sophocleo

1045 2085 1181 2106 carmen
1197 2075 1398 2106 bacchamur
1416 2072 1533 2103 hiatu!

1091 2125 1258 2166 Trugoedo]
1300 2126 1471 2163 Tragoedus
1484 2127 1536 2154 est
1546 2123 1654 2153 Actor
1666 2122 1749 2154 Tra-

1045 2177 1246 2216 goedinrum,
1283 2176 1445 2216 Tragicus
1485 2179 1598 2206 antem
1633 2182 1750 2204 carum

1044 2227 1209 2268 Scriptor.

1085 2280 1104 2307 4
1135 2278 1267 2308 Vulnera
1291 2287 1343 2308 seu.
1372 2275 1505 2315 Parthi]
1562 2276 1649 2308 Quae
1682 2274 1750 2306 Ro·

1043 2328 1132 2358 mani
1170 2327 1319 2366 Parthis,
1356 2331 1415 2357 aut
1450 2325 1612 2356 Romanis
1646 2325 1749 2356 etiam

1044 2378 1164 2409 Parthi
1193 2378 1382 2408 intulerunt
1409 2377 1443 2407 in
1475 2376 1570 2406 bellis
1597 2375 1657 2405 sub
1681 2374 1750 2405 Au-

1044 2435 1154 2468 gusto,
1170 2430 1270 2459 imino
1284 2433 1317 2459 et
1331 2427 1391 2458 sub
1406 2427 1544 2457 Nerone
1555 2425 1659 2465 gestis
1672 2436 1680 2463 ;
1705 2425 1749 2456 de

1044 2478 1166 2518 quibus
1202 2477 1321 2508 Poeta²
1362 2476 1510 2506 carmina
1552 2474 1750 2505 condebant

1045 2527 1236 2558 Caesaribus
1248 2526 1432 2556 adulantes
1478 2526 1532 2555 De
1545 2524 1652 2554 Bellis
1664 2524 1749 2554 Par-

1043 2578 1141 2608 thicis
1159 2578 1294 2609 Cornel.
1310 2577 1421 2606 Tacit.
1450 2575 1571 2606 Annal.
1597 2575 1655 2606 lib.
1679 2583 1750 2608 xn-

1042 2633 1078 2658 et
1094 2632 1251 2668 sequent.
1276 2630 1413 2657 sueton.
1444 2626 1573 2658 Justin.

1087 2677 1217 2719 Parthi]
1256 2677 1382 2718 Populi
1409 2676 1506 2708 fuere
1533 2678 1566 2708 in
1592 2676 1676 2709 Asia
1697 2677 1746 2710 0-
