1888 3032
754 101 937 132 smum
971 101 1016 131 v.
1527 90 1609 131 1423

209 197 342 239 Mane
365 197 489 252 piger
511 197 655 238 stertis
674 210 692 238 :.
717 195 869 248 Surge,
892 195 1030 249 inquit
1050 195 1256 237 avaritia:
1287 196 1356 236 cia

150 265 299 319 Surge.
349 264 522 318 Negas:
556 265 714 306 instat:
746 263 900 315 Surge,
915 262 1067 315 inquit.
1119 261 1250 303 ‘Non
1268 262 1409 315 queo.’

150 337 161 354 ‘
179 333 235 374 Et
253 334 360 387 quid
380 346 506 386 agam
520 333 551 374 ‘t'
594 332 810 386 Rogitas?
857 330 1067 383 saperdas
1089 330 1254 371 advehe
1279 330 1438 380 Ponto,

151 399 422 451 Castoreum,
443 393 646 454 stuppas,
667 399 867 447 ebenum,
887 397 1003 446 thus,
1024 398 1193 438 lubrica
1215 396 1322 439 Coa.

1459 262 1609 316 Surge.

1528 398 1614 440 135

152 524 245 556 timor
260 524 375 555 domini
388 524 508 565 impulit
525 525 565 555 ad
577 523 715 562 strigiles
729 520 938 560 deferendas?
973 522 1135 552 Matutino
1151 525 1285 563 tempore
1301 524 1428 563 dormis,
1453 534 1472 555 ο
1491 525 1614 564 ignare.

153 567 242 599 Quin
258 568 483 607 expergiscere,
496 567 543 597 ait
552 566 690 606 pecuniae
706 565 884 605 cupiditas,·
912 564 1057 604 agedum
1072 566 1292 605 expergiscere.
1339 567 1439 599 Quod
1457 568 1482 598 si
1500 568 1616 608 renuis,

152 613 253 649 urget,
269 611 395 650 aitque,
410 611 520 640 lectum
535 611 648 640 desere.
681 608 753 638 Non
766 617 900 647 possum,
917 607 1041 647 inquis.
1079 607 1193 638 Instat
1206 608 1277 646 illa,
1290 618 1431 649 exsurge.
1471 611 1516 641 Et
1528 612 1616 652 quid-

154 651 376 689 namfam‘am?
401 650 548 687 Quaeris?
593 652 621 682 E
638 651 738 681 Ponto
751 651 810 681 huc
825 653 954 691 apporta
969 650 1126 689 saperdas,
1142 654 1326 691 castoreum,
1348 653 1407 682 vile
1423 654 1532 691 linum,
1548 654 1615 685 ebe-

153 704 236 735 num,
259 695 342 734 thus,
367 695 445 725 vina
459 694 598 735 fluentia
623 703 666 725 ex
685 693 802 725 Insula
820 694 874 724 Co.
919 692 1021 732 Deser
1044 696 1116 724 ante
1141 694 1219 725 alios
1243 695 1331 735 piper
1346 705 1455 726 novum
1471 706 1486 727 e
1502 697 1616 728 camelo

809 779 951 812 NOTAE

197 846 259 874 132
283 844 380 875 Mane
399 845 489 885 piger
510 843 633 884 stertis]
686 844 856 885 Dialogis-

155 903 228 924 mus
254 898 307 924 est
329 895 477 925 Damam
502 895 592 926 inter
607 900 643 926 et
668 895 858 934 avaritiam,

156 945 336 985 luxuriam,
353 946 487 987 aliaque
503 947 605 978 vitia:
630 947 688 978 ubi
705 948 796 978 clare
811 947 860 977 in-

157 995 315 1026 dicantur
337 1000 374 1027 et
395 996 570 1036 sigillatim
595 997 743 1038 Tyranni
767 997 859 1028 intus

157 1046 382 1086 dominantes,
410 1047 474 1078 hue
499 1047 647 1088 illucque
672 1047 860 1078 distrahen-

158 1102 221 1137 tes,
248 1103 282 1128 et
307 1098 466 1129 miserum
494 1099 588 1139 quasi
606 1098 860 1139 distorquentes

158 1147 458 1190 discerpentesque
472 1159 481 1187 3
506 1159 568 1189 per
585 1148 861 1189 prosopopoeiam

157 1198 347 1238 elegantem
364 1199 532 1238 avaritiae,
548 1199 704 1237 luxuriae,
719 1201 782 1229 ἀο.

202 1249 319 1290 Surge,
334 1249 436 1291 inquit
450 1250 604 1290 avaritia]
627 1250 717 1282 Quin
733 1248 861 1280 divitiis

160 1299 275 1331 studes
291 1300 566 1332 accumulandis?
589 1299 677 1340 Age,
693 1300 820 1331 labora.

204 1352 267 1382 133
291 1351 364 1382 Non
374 1349 463 1391 queo]
509 1349 657 1391 Pigritia
671 1359 794 1390 nempe
812 1359 864 1380 re-

160 1398 283 1430 tineor.

206 1451 267 1481 134
293 1450 338 1480 Et
354 1450 428 1490 quid
452 1449 562 1490 agam]
591 1449 660 1480 Cur
676 1449 782 1480 otium
798 1459 867 1480 me-

162 1509 216 1530 um
230 1499 463 1531 interturbas?
492 1501 601 1542 inquit
617 1501 730 1532 Dama
746 1500 842 1541 piger
857 1511 864 1530 z

163 1549 243 1590 quid
261 1560 314 1581 me
330 1550 443 1582 facere
456 1551 504 1581 vis
518 1551 529 1581 ?

207 1599 358 1639 Rogitas]
395 1600 509 1632 Instat
524 1605 692 1642 urgetque
709 1599 867 1638 avaritia,

165 1649 274 1681 donec
298 1649 452 1681 desidem
481 1660 499 1680 e
524 1650 628 1681 cubili
654 1649 866 1681 excusserit:

165 1700 337 1740 docetque
354 1701 520 1732 rationem
546 1705 698 1742 quaestus
716 1699 867 1731 faciendi

165 1749 398 1782 certissimam.

208 1802 365 1842 saperdas
373 1802 489 1833 advehe
506 1801 623 1841 Ponto]
667 1801 871 1842 Negotiare,

167 1852 302 1892 naviga,
326 1861 432 1894 perge
448 1853 482 1883 in
498 1853 659 1888 Pontum,
675 1851 871 1891 peregrinas

167 1912 298 1934 merces
325 1903 390 1933 huc
422 1902 563 1940 advehe,
593 1902 794 1933 mercaturis
822 1901 872 1932 fa-

167 1953 298 1985 ciendis
313 1963 396 1994 opes
413 1962 586 1992 compara.

212 2004 381 2045 Saperdas]
404 2005 514 2035 Piscis
528 2008 592 2044 est,
609 2005 666 2045 qui
680 2004 713 2034 in
728 2003 872 2035 Pontico

170 2055 254 2086 mari
269 2056 416 2096 capitur.
459 2055 695 2095 Synecdoche,
727 2065 789 2096 pro
803 2065 872 2086 om-

170 2105 205 2137 ni
219 2106 362 2145 piscium
376 2115 512 2146 genere.
537 2105 708 2146 Saperdam
720 2115 740 2136 a
750 2115 870 2146 sapore

172 2155 296 2187 eximio
312 2156 379 2186 dici
395 2156 529 2196 quidam
546 2157 683 2187 volunt:
702 2160 738 2187 at
752 2165 872 2196 repug-

173 2212 233 2236 nat
248 2204 450 2244 Athenaeus,
464 2214 521 2236 111.
537 2208 590 2236 3⁰.
617 2205 674 2236 ubi
693 2205 872 2236 Ponticum

174 2255 349 2287 obsonium
356 2257 495 2296 saperda,
508 2256 574 2286 vile
585 2260 620 2286 et
632 2255 780 2295 ignobile
792 2256 873 2287 edu-

171 2306 254 2338 lium
270 2306 475 2346 appellatur.

220 2356 336 2396 Ponto]
360 2357 480 2387 Pontus
495 2355 631 2396 proprie
641 2359 781 2389 vocatur
793 2355 876 2387 illud

176 2417 269 2440 mare
286 2408 375 2449 qnod
392 2418 411 2438 a
438 2407 601 2438 Maeotide
618 2407 742 2447 palude
759 2407 801 2438 ad
815 2408 877 2438 Te·

178 2460 302 2491 nedum
315 2460 461 2490 Insulam
479 2458 693 2490 continetur:
711 2459 878 2499 complec-

179 2510 261 2541 titur
295 2510 412 2551 itaque
445 2509 656 2549 Bosphorum
685 2514 878 2550 utrumque,

180 2559 441 2600 Propontidem,
465 2564 502 2590 et
529 2559 677 2590 Pontum
694 2559 877 2599 Euxinum,

182 2609 239 2650 qui
256 2611 432 2643 Herodoto
447 2611 468 2642 l.
484 2620 534 2643 lv.
550 2610 764 2647 describitur,
780 2620 878 2641 voca-

183 2662 307 2700 turque
329 2661 448 2702 diguus
462 2660 684 2693 admiratione
698 2661 789 2692 inter
811 2670 878 2692 om,

911 843 968 875 nia
983 844 1103 875 maria.
1137 844 1193 876 Sic
1209 849 1245 877 et
1261 845 1413 886 proxima
1429 847 1521 887 regio
1539 847 1619 878 Pon-

913 897 963 925 tus
977 899 1129 925 vocatur.

958 947 1018 975 135
1046 945 1240 985 Caetoreum]
1279 946 1425 978 Quidam
1453 946 1621 988 interpre-

915 999 1030 1025 tantur
1046 995 1198 1026 Castoris
1215 996 1352 1035 pellem,
1377 1006 1395 1026 e
1418 996 1516 1037 cujus
1533 997 1621 1028 villis

914 1045 1020 1085 galeri
1051 1044 1277 1077 conficiuntur
1308 1046 1481 1087 exquisiti.
1553 1046 1622 1078 Alii

916 1095 1105 1134 testiculos,
1134 1106 1152 1127 e
1169 1095 1292 1137 quibus
1316 1096 1497 1136 pharmaca
1521 1097 1622 1128 valde

916 1146 1025 1176 utilia.
1065 1146 1234 1177 Herodot.
1251 1146 1273 1178 l.
1288 1156 1336 1177 1v.
1365 1146 1457 1177 Plin.
1474 1155 1555 1177 vm.
1569 1149 1623 1180 30.

917 1201 953 1227 et
968 1205 1091 1228 xxxu.
1109 1199 1141 1228 3.
1166 1197 1286 1238 Virgil.
1310 1197 1396 1228 Get).
1414 1206 1438 1228 1.
1462 1198 1471 1214 ‘
1490 1198 1624 1228 Virosa-

918 1257 983 1287 que
1000 1248 1131 1278 Pontus
1148 1247 1333 1278 Castorea!
1376 1247 1533 1279 Juvenal.
1550 1247 1624 1278 Sat.

918 1306 987 1328 xii.
1005 1299 1013 1315 ‘
1031 1297 1188 1330 Imitatus
1209 1299 1363 1338 Castora,
1387 1298 1443 1338 qui
1459 1307 1495 1328 se
1511 1299 1624 1328 Eunu-

918 1348 1016 1379 chum
1046 1348 1122 1388 ipse
1163 1347 1259 1387 facit,
1301 1348 1442 1389 cupiens
1478 1348 1626 1379 evadere

919 1397 1043 1428 damno
1070 1398 1347 1437 Testiculorum3
1371 1398 1457 1430 adeo
1481 1399 1629 1430 medica-

921 1451 993 1479 tum
1008 1448 1167 1488 intelligit
1185 1448 1333 1488 inguen!
1379 1448 1486 1480 Aiunt
1502 1458 1625 1489 nempe

922 1499 1101 1529 Castorem
1125 1509 1187 1529 seu
1212 1498 1349 1537 fibrum,
1377 1499 1499 1529 animal
1524 1509 1628 1540 aqua-

922 1549 1039 1587 ticum,
1055 1549 1152 1579 lntrae
1173 1548 1334 1589 speciem,
1355 1548 1410 1579 cui
1434 1549 1535 1589 piscis
1553 1559 1630 1580 cau·

922 1599 977 1638 da,
991 1600 1074 1630 alias
1098 1600 1281 1630 Ponticum
1298 1609 1427 1638 canem,
1450 1599 1629 1640 insequen-

922 1649 1014 1680 tibus
1034 1649 1266 1689 venatoribus,
1293 1659 1335 1680 ea
1351 1650 1502 1690 corporis
1518 1655 1630 1690 parte,

923 1704 1066 1740 propter
1098 1710 1199 1741 quam
1235 1700 1425 1740 expetitur,
1459 1700 1630 1732 horrendo

922 1749 1028 1791 (quod
1047 1750 1096 1781 ait
1112 1749 1258 1791 Plinius)
1274 1759 1385 1782 morsu
1401 1750 1562 1790 abscissa,
1579 1761 1630 1783 se-

925 1809 963 1831 se
977 1800 1157 1831 redimere.
1203 1800 1343 1840 Negant
1357 1810 1436 1831 vero
1458 1800 1630 1832 doctiores

926 1854 962 1881 et
989 1850 1091 1891 periti
1119 1850 1302 1881 Medicinae
1334 1850 1410 1889 viri,
1453 1851 1629 1882 testiculos

926 1904 1103 1939 amputare
1129 1898 1193 1929 sibi
1219 1900 1417 1939 Castorem3
1443 1900 1532 1941 quod
1558 1901 1630 1932 sine

926 1950 1006 1981 vitae
1038 1950 1162 1980 damno
1190 1950 1264 1980 fieri
1294 1960 1359 1981 non
1393 1951 1519 1990 possit:
1571 1952 1631 1983 sed

925 1999 1094 2031 folliculos
1120 2001 1270 2041 geminos
1295 2010 1336 2031 ex
1364 2010 1431 2031 uno
1456 2010 1547 2032 nexu
1572 2001 1629 2033 de-

926 2050 1128 2090 pendentes,
1141 2051 1262 2092 quibus
1280 2051 1360 2082 insit
1377 2051 1427 2082 vis
1442 2051 1575 2083 medica
1588 2051 1631 2082 ad

926 2101 1040 2141 plures
1065 2101 1211 2132 morbos
1266 2101 1437 2142 Quicquid
1467 2102 1524 2140 sit,
1559 2102 1631 2132 sive

924 2152 987 2184 hoc
1004 2153 1076 2184 sive
1100 2153 1182 2184 illud
1209 2153 1409 2184 Castoreum
1435 2153 1558 2194 passim
1577 2162 1632 2183 vo-
1648 2153 1656 2163 “·

925 2209 1036 2235 catur.

971 2254 1122 2294 Stuppas]
1144 2254 1230 2284 Pars
1244 2253 1315 2292 lini,
1329 2253 1450 2285 cortici
1464 2253 1632 2294 proxima,

926 2308 1038 2345 stuppa
1054 2304 1191 2335 dicitur.
1238 2304 1358 2343 Virgil.
1375 2303 1385 2320 ⁴
1399 2304 1553 2344 Stuppea
1567 2308 1634 2334 tor·

931 2358 1091 2395 quentem
1106 2353 1259 2384 Balearis
1275 2353 1419 2384 verbera
1434 2352 1575 2384 fundael

973 2405 1127 2446 Ebenum]
1151 2404 1262 2436 Arbor
1289 2408 1341 2435 est
1365 2405 1565 2444 spississima
1586 2403 1633 2434 ni-

931 2456 981 2496 gri
1011 2456 1147 2497 coloris,
1175 2465 1274 2497 qnam
1303 2455 1487 2495 AEthiopiae
1516 2454 1635 2485 tribuit

933 2506 1142 2546 Herodotus,
1170 2506 1274 2537 lndiae
1299 2516 1380 2537 vero
1409 2506 1498 2535 Plin.
1522 2506 1633 2534 xJ1.4.

932 2566 973 2587 ex
990 2556 1154 2597 Virgilio:
1185 2556 1242 2586 ubi
1268 2560 1304 2586 et
1330 2556 1444 2586 Romae
1470 2561 1632 2592 conspec-

932 2611 1000 2638 tam
1026 2606 1074 2637 ait
1099 2607 1243 2647 primum
1270 2607 1302 2636 in
1330 2604 1498 2643 triumpho
1521 2602 1635 2644 magni

933 2660 1087 2700 Pompeii
1116 2658 1363 2691 Mithridatico.
1406 2655 1528 2696 Virgil.
1546 2656 1634 2688 Geo-
