<?xml version="1.0" encoding="UTF-8"?>
<!DOCTYPE html PUBLIC "-//W3C//DTD XHTML 1.0 Transitional//EN"
    "http://www.w3.org/TR/xhtml1/DTD/xhtml1-transitional.dtd">
<html xmlns="http://www.w3.org/1999/xhtml" xml:lang="en" lang="en">
 <head>
  <title>
</title>
<meta http-equiv="Content-Type" content="text/html;charset=utf-8" />
  <meta name='ocr-system' content='tesseract 3.04.00' />
  <meta name='ocr-capabilities' content='ocr_page ocr_carea ocr_par ocr_line ocrx_word'/>
</head>
<body>
  <div class='ocr_page' id='page_1' title='image "./operaomnia00persuoft_0175.png"; bbox 0 0 1888 3032; ppageno 0'>
   <div class='ocr_carea' id='block_1_1' title="bbox 741 160 1612 205">
    <p class='ocr_par' dir='ltr' id='par_1_1' title="bbox 741 160 1612 205">
     <span class='ocr_line' id='line_1_1' title="bbox 741 160 1612 205; baseline -0.002 -1"><span class='ocrx_word' id='word_1_1' title='bbox 741 172 923 205; x_wconf 75' lang='lat' dir='ltr'><strong>SA&#39;rmA</strong></span> <span class='ocrx_word' id='word_1_2' title='bbox 962 173 1026 204; x_wconf 76' lang='lat' dir='ltr'><strong>w.</strong></span> <span class='ocrx_word' id='word_1_3' title='bbox 1526 160 1612 203; x_wconf 82' lang='lat'><strong>163</strong></span> 
     </span>
    </p>
   </div>
   <div class='ocr_carea' id='block_1_2' title="bbox 596 539 1168 599">
    <p class='ocr_par' dir='ltr' id='par_1_2' title="bbox 596 539 1168 599">
     <span class='ocr_line' id='line_1_2' title="bbox 596 539 1168 599; baseline 0 0"><span class='ocrx_word' id='word_1_4' title='bbox 596 539 992 599; x_wconf 86' lang='lat' dir='ltr'><strong>SATIRA</strong></span> <span class='ocrx_word' id='word_1_5' title='bbox 1047 542 1168 599; x_wconf 90' lang='lat' dir='ltr'><strong>VI.</strong></span> 
     </span>
    </p>
   </div>
   <div class='ocr_carea' id='block_1_3' title="bbox 454 686 1315 739">
    <p class='ocr_par' dir='ltr' id='par_1_3' title="bbox 454 686 1315 739">
     <span class='ocr_line' id='line_1_3' title="bbox 454 686 1315 739; baseline 0.006 -10"><span class='ocrx_word' id='word_1_6' title='bbox 454 688 551 730; x_wconf 80' lang='lat' dir='ltr'><strong>AD</strong></span> <span class='ocrx_word' id='word_1_7' title='bbox 610 686 929 730; x_wconf 80' lang='lat' dir='ltr'>CAESIUM</span> <span class='ocrx_word' id='word_1_8' title='bbox 989 689 1315 739; x_wconf 76' lang='lat' dir='ltr'><strong>BASSUM.</strong></span> 
     </span>
    </p>
   </div>
   <div class='ocr_carea' id='block_1_4' title="bbox 703 982 1066 1015">
    <p class='ocr_par' dir='ltr' id='par_1_4' title="bbox 703 982 1066 1015">
     <span class='ocr_line' id='line_1_4' title="bbox 703 982 1066 1015; baseline 0.006 -2"><span class='ocrx_word' id='word_1_9' title='bbox 703 982 1066 1015; x_wconf 75' lang='lat' dir='ltr'><strong>ARGUMENTUM.</strong></span> 
     </span>
    </p>
   </div>
   <div class='ocr_carea' id='block_1_5' title="bbox 156 1060 1630 2009">
    <p class='ocr_par' dir='ltr' id='par_1_5' title="bbox 156 1060 1630 2009">
     <span class='ocr_line' id='line_1_5' title="bbox 199 1060 1618 1105; baseline 0.003 -13"><span class='ocrx_word' id='word_1_10' title='bbox 199 1062 335 1094; x_wconf 51' lang='lat' dir='ltr'><strong>Sarma</strong></span> <span class='ocrx_word' id='word_1_11' title='bbox 353 1061 424 1093; x_wconf 69' lang='lat' dir='ltr'><strong>liaec</strong></span> <span class='ocrx_word' id='word_1_12' title='bbox 445 1060 489 1092; x_wconf 85' lang='lat' dir='ltr'><strong>ad</strong></span> <span class='ocrx_word' id='word_1_13' title='bbox 511 1061 659 1093; x_wconf 89' lang='lat' dir='ltr'><strong>Caesinm</strong></span> <span class='ocrx_word' id='word_1_14' title='bbox 675 1061 817 1093; x_wconf 85' lang='lat' dir='ltr'><strong>Bassum</strong></span> <span class='ocrx_word' id='word_1_15' title='bbox 836 1061 967 1102; x_wconf 86' lang='lat' dir='ltr'><strong>scripta</strong></span> <span class='ocrx_word' id='word_1_16' title='bbox 983 1061 1025 1093; x_wconf 91' lang='lat' dir='ltr'><strong>de</strong></span> <span class='ocrx_word' id='word_1_17' title='bbox 1052 1061 1207 1102; x_wconf 84' lang='lat' dir='ltr'><strong>legitimo</strong></span> <span class='ocrx_word' id='word_1_18' title='bbox 1234 1061 1431 1094; x_wconf 87' lang='lat' dir='ltr'><strong>divitiarum</strong></span> <span class='ocrx_word' id='word_1_19' title='bbox 1457 1073 1519 1095; x_wconf 79' lang='lat' dir='ltr'><strong>usn</strong></span> <span class='ocrx_word' id='word_1_20' title='bbox 1535 1064 1618 1105; x_wconf 79' lang='lat' dir='ltr'><strong>agit.</strong></span> 
     </span>
     <span class='ocr_line' id='line_1_6' title="bbox 157 1115 1620 1158; baseline 0.001 -12"><span class='ocrx_word' id='word_1_21' title='bbox 157 1116 196 1146; x_wconf 84' lang='lat' dir='ltr'><strong>In</strong></span> <span class='ocrx_word' id='word_1_22' title='bbox 215 1116 380 1157; x_wconf 84' lang='lat' dir='ltr'><strong>principio</strong></span> <span class='ocrx_word' id='word_1_23' title='bbox 396 1115 540 1146; x_wconf 86' lang='lat' dir='ltr'><strong>amicum</strong></span> <span class='ocrx_word' id='word_1_24' title='bbox 559 1115 684 1147; x_wconf 84' lang='lat' dir='ltr'><strong>Noster</strong></span> <span class='ocrx_word' id='word_1_25' title='bbox 700 1116 882 1147; x_wconf 81' lang='lat' dir='ltr'>certiorem</span> <span class='ocrx_word' id='word_1_26' title='bbox 900 1115 999 1156; x_wconf 84' lang='lat' dir='ltr'><strong>facit,</strong></span> <span class='ocrx_word' id='word_1_27' title='bbox 1016 1125 1051 1146; x_wconf 85' lang='lat' dir='ltr'><strong>se</strong></span> <span class='ocrx_word' id='word_1_28' title='bbox 1076 1116 1109 1146; x_wconf 89' lang='lat' dir='ltr'><strong>in</strong></span> <span class='ocrx_word' id='word_1_29' title='bbox 1134 1117 1318 1156; x_wconf 73' lang='lat' dir='ltr'><strong>praesentia</strong></span> <span class='ocrx_word' id='word_1_30' title='bbox 1335 1117 1455 1156; x_wconf 85' lang='lat' dir='ltr'><strong>Lunae,</strong></span> <span class='ocrx_word' id='word_1_31' title='bbox 1472 1117 1620 1158; x_wconf 73' lang='lat' dir='ltr'><strong>Lignriae</strong></span> 
     </span>
     <span class='ocr_line' id='line_1_7' title="bbox 160 1168 1621 1209; baseline 0.001 -9"><span class='ocrx_word' id='word_1_32' title='bbox 160 1169 302 1209; x_wconf 79' lang='lat' dir='ltr'><strong>oppido,</strong></span> <span class='ocrx_word' id='word_1_33' title='bbox 318 1178 448 1200; x_wconf 82' lang='lat' dir='ltr'><strong>summo</strong></span> <span class='ocrx_word' id='word_1_34' title='bbox 475 1168 544 1199; x_wconf 88' lang='lat' dir='ltr'><strong>otio</strong></span> <span class='ocrx_word' id='word_1_35' title='bbox 572 1168 641 1199; x_wconf 86' lang='lat' dir='ltr'><strong>frui</strong></span> <span class='ocrx_word' id='word_1_36' title='bbox 658 1169 778 1209; x_wconf 84' lang='lat' dir='ltr'><strong>procul</strong></span> <span class='ocrx_word' id='word_1_37' title='bbox 804 1178 825 1199; x_wconf 84' lang='lat' dir='ltr'><strong>a</strong></span> <span class='ocrx_word' id='word_1_38' title='bbox 851 1168 942 1199; x_wconf 80' lang='lat' dir='ltr'><strong>curis</strong></span> <span class='ocrx_word' id='word_1_39' title='bbox 970 1172 1006 1199; x_wconf 86' lang='lat' dir='ltr'><strong>et</strong></span> <span class='ocrx_word' id='word_1_40' title='bbox 1031 1168 1121 1199; x_wconf 90' lang='lat' dir='ltr'><strong>omni</strong></span> <span class='ocrx_word' id='word_1_41' title='bbox 1149 1168 1283 1200; x_wconf 88' lang='lat' dir='ltr'><strong>invidia.</strong></span> <span class='ocrx_word' id='word_1_42' title='bbox 1309 1172 1360 1200; x_wconf 87' lang='grc'><strong>17.</strong></span> <span class='ocrx_word' id='word_1_43' title='bbox 1406 1169 1502 1200; x_wconf 73' lang='lat' dir='ltr'><strong>Alios</strong></span> <span class='ocrx_word' id='word_1_44' title='bbox 1520 1169 1621 1201; x_wconf 82' lang='lat' dir='ltr'><strong>aliter</strong></span> 
     </span>
     <span class='ocr_line' id='line_1_8' title="bbox 158 1221 1622 1263; baseline 0.001 -10"><span class='ocrx_word' id='word_1_45' title='bbox 158 1222 299 1261; x_wconf 77' lang='lat' dir='ltr'><strong>sentire,</strong></span> <span class='ocrx_word' id='word_1_46' title='bbox 314 1231 475 1263; x_wconf 82' lang='lat' dir='ltr'><strong>saepeqne</strong></span> <span class='ocrx_word' id='word_1_47' title='bbox 501 1222 630 1262; x_wconf 76' lang='lat' dir='ltr'><strong>eoruffi,</strong></span> <span class='ocrx_word' id='word_1_48' title='bbox 646 1222 703 1263; x_wconf 89' lang='lat' dir='ltr'><strong>qui</strong></span> <span class='ocrx_word' id='word_1_49' title='bbox 719 1221 840 1252; x_wconf 89' lang='lat' dir='ltr'><strong>eodem</strong></span> <span class='ocrx_word' id='word_1_50' title='bbox 870 1221 1033 1262; x_wconf 84' lang='lat' dir='ltr'><strong>temporis</strong></span> <span class='ocrx_word' id='word_1_51' title='bbox 1060 1225 1192 1261; x_wconf 88' lang='lat' dir='ltr'><strong>puncto</strong></span> <span class='ocrx_word' id='word_1_52' title='bbox 1219 1222 1290 1252; x_wconf 89' lang='lat' dir='ltr'><strong>nati</strong></span> <span class='ocrx_word' id='word_1_53' title='bbox 1318 1222 1396 1262; x_wconf 89' lang='lat' dir='ltr'><strong>sint,</strong></span> <span class='ocrx_word' id='word_1_54' title='bbox 1419 1222 1531 1253; x_wconf 79' lang='lat' dir='ltr'><strong>studia</strong></span> <span class='ocrx_word' id='word_1_55' title='bbox 1547 1232 1622 1254; x_wconf 73' lang='lat' dir='ltr'><strong>esse</strong></span> 
     </span>
     <span class='ocr_line' id='line_1_9' title="bbox 157 1275 1622 1317; baseline 0.001 -11"><span class='ocrx_word' id='word_1_56' title='bbox 157 1275 400 1306; x_wconf 81' lang='lat' dir='ltr'><strong>diversissima.</strong></span> <span class='ocrx_word' id='word_1_57' title='bbox 426 1277 478 1307; x_wconf 88' lang='lat'><strong>19.</strong></span> <span class='ocrx_word' id='word_1_58' title='bbox 521 1275 578 1315; x_wconf 87' lang='lat' dir='ltr'><strong>Se,</strong></span> <span class='ocrx_word' id='word_1_59' title='bbox 595 1276 748 1316; x_wconf 87' lang='lat' dir='ltr'><strong>quamvis</strong></span> <span class='ocrx_word' id='word_1_60' title='bbox 766 1275 821 1306; x_wconf 88' lang='lat' dir='ltr'><strong>alii</strong></span> <span class='ocrx_word' id='word_1_61' title='bbox 837 1275 1006 1307; x_wconf 88' lang='lat' dir='ltr'><strong>diversum</strong></span> <span class='ocrx_word' id='word_1_62' title='bbox 1024 1275 1106 1306; x_wconf 78' lang='lat' dir='ltr'><strong>vitae</strong></span> <span class='ocrx_word' id='word_1_63' title='bbox 1123 1285 1228 1315; x_wconf 82' lang='lat' dir='ltr'><strong>genus</strong></span> <span class='ocrx_word' id='word_1_64' title='bbox 1244 1281 1442 1317; x_wconf 85' lang='lat' dir='ltr'><strong>sequantur,</strong></span> <span class='ocrx_word' id='word_1_65' title='bbox 1455 1286 1513 1308; x_wconf 88' lang='lat' dir='ltr'><strong>suo</strong></span> <span class='ocrx_word' id='word_1_66' title='bbox 1527 1286 1622 1308; x_wconf 86' lang='lat' dir='ltr'><strong>more</strong></span> 
     </span>
     <span class='ocr_line' id='line_1_10' title="bbox 156 1328 1623 1370; baseline 0.001 -11"><span class='ocrx_word' id='word_1_67' title='bbox 156 1329 283 1369; x_wconf 79' lang='lat' dir='ltr'><strong>vivere,</strong></span> <span class='ocrx_word' id='word_1_68' title='bbox 298 1338 505 1370; x_wconf 84' lang='lat' dir='ltr'><strong>parcumque</strong></span> <span class='ocrx_word' id='word_1_69' title='bbox 522 1332 559 1360; x_wconf 83' lang='lat' dir='ltr'><strong>et</strong></span> <span class='ocrx_word' id='word_1_70' title='bbox 574 1328 721 1360; x_wconf 82' lang='lat' dir='ltr'><strong>sobrium</strong></span> <span class='ocrx_word' id='word_1_71' title='bbox 744 1329 815 1360; x_wconf 82' lang='lat' dir='ltr'><strong>sine</strong></span> <span class='ocrx_word' id='word_1_72' title='bbox 833 1329 990 1360; x_wconf 87' lang='lat' dir='ltr'><strong>sordibus</strong></span> <span class='ocrx_word' id='word_1_73' title='bbox 1007 1338 1081 1360; x_wconf 81' lang='lat' dir='ltr'><strong>esse</strong></span> <span class='ocrx_word' id='word_1_74' title='bbox 1099 1329 1198 1360; x_wconf 84' lang='lat' dir='ltr'><strong>velle.</strong></span> <span class='ocrx_word' id='word_1_75' title='bbox 1223 1332 1275 1361; x_wconf 73' lang='lat'><strong>24.</strong></span> <span class='ocrx_word' id='word_1_76' title='bbox 1325 1329 1467 1361; x_wconf 87' lang='lat' dir='ltr'><strong>Annuos</strong></span> <span class='ocrx_word' id='word_1_77' title='bbox 1491 1330 1623 1361; x_wconf 83' lang='lat' dir='ltr'><strong>reditus</strong></span> 
     </span>
     <span class='ocr_line' id='line_1_11' title="bbox 157 1381 1624 1424; baseline 0.001 -11"><span class='ocrx_word' id='word_1_78' title='bbox 157 1382 262 1414; x_wconf 87' lang='lat' dir='ltr'><strong>licere</strong></span> <span class='ocrx_word' id='word_1_79' title='bbox 278 1381 442 1414; x_wconf 82' lang='lat' dir='ltr'><strong>consumi.</strong></span> <span class='ocrx_word' id='word_1_80' title='bbox 465 1384 519 1413; x_wconf 85' lang='lat'><strong>26.</strong></span> <span class='ocrx_word' id='word_1_81' title='bbox 564 1381 599 1413; x_wconf 90' lang='lat' dir='ltr'><strong>Si</strong></span> <span class='ocrx_word' id='word_1_82' title='bbox 617 1381 695 1423; x_wconf 85' lang='lat' dir='ltr'><strong>quid</strong></span> <span class='ocrx_word' id='word_1_83' title='bbox 713 1381 880 1423; x_wconf 86' lang='lat' dir='ltr'><strong>inopinati</strong></span> <span class='ocrx_word' id='word_1_84' title='bbox 897 1381 1090 1423; x_wconf 83' lang='lat' dir='ltr'><strong>accidisset,</strong></span> <span class='ocrx_word' id='word_1_85' title='bbox 1104 1392 1171 1413; x_wconf 91' lang='lat' dir='ltr'><strong>non</strong></span> <span class='ocrx_word' id='word_1_86' title='bbox 1188 1382 1425 1423; x_wconf 87' lang='lat' dir='ltr'><strong>dubitandum,</strong></span> <span class='ocrx_word' id='word_1_87' title='bbox 1449 1383 1491 1414; x_wconf 83' lang='lat' dir='ltr'><strong>&lt;le</strong></span> <span class='ocrx_word' id='word_1_88' title='bbox 1516 1383 1624 1424; x_wconf 81' lang='lat' dir='ltr'><strong>patri-</strong></span> 
     </span>
     <span class='ocr_line' id='line_1_12' title="bbox 159 1435 1625 1477; baseline 0.001 -11"><span class='ocrx_word' id='word_1_89' title='bbox 159 1435 274 1466; x_wconf 87' lang='lat' dir='ltr'><strong>monio</strong></span> <span class='ocrx_word' id='word_1_90' title='bbox 289 1435 363 1476; x_wconf 89' lang='lat' dir='ltr'><strong>ipso</strong></span> <span class='ocrx_word' id='word_1_91' title='bbox 390 1435 518 1476; x_wconf 85' lang='lat' dir='ltr'><strong>aliquid</strong></span> <span class='ocrx_word' id='word_1_92' title='bbox 534 1435 724 1467; x_wconf 81' lang='lat' dir='ltr'><strong>detrahere.</strong></span> <span class='ocrx_word' id='word_1_93' title='bbox 748 1438 800 1467; x_wconf 83' lang='lat'><strong>32.</strong></span> <span class='ocrx_word' id='word_1_94' title='bbox 845 1436 887 1467; x_wconf 90' lang='lat' dir='ltr'><strong>In</strong></span> <span class='ocrx_word' id='word_1_95' title='bbox 912 1435 1113 1476; x_wconf 83' lang='lat' dir='ltr'><strong>colligendis</strong></span> <span class='ocrx_word' id='word_1_96' title='bbox 1140 1435 1263 1477; x_wconf 82' lang='lat' dir='ltr'><strong>opibus</strong></span> <span class='ocrx_word' id='word_1_97' title='bbox 1288 1436 1447 1476; x_wconf 86' lang='lat' dir='ltr'><strong>haeredis,</strong></span> <span class='ocrx_word' id='word_1_98' title='bbox 1465 1447 1506 1468; x_wconf 86' lang='lat' dir='ltr'><strong>ne</strong></span> <span class='ocrx_word' id='word_1_99' title='bbox 1523 1436 1625 1468; x_wconf 50' lang='lat' dir='ltr'><strong>fun-is</strong></span> 
     </span>
     <span class='ocr_line' id='line_1_13' title="bbox 161 1486 1624 1530; baseline 0.002 -12"><span class='ocrx_word' id='word_1_100' title='bbox 161 1487 270 1518; x_wconf 88' lang='lat' dir='ltr'><strong>minus</strong></span> <span class='ocrx_word' id='word_1_101' title='bbox 287 1486 504 1528; x_wconf 85' lang='lat' dir='ltr'><strong>splendidum</strong></span> <span class='ocrx_word' id='word_1_102' title='bbox 518 1490 627 1525; x_wconf 87' lang='lat' dir='ltr'><strong>curet,</strong></span> <span class='ocrx_word' id='word_1_103' title='bbox 642 1487 809 1519; x_wconf 87' lang='lat' dir='ltr'><strong>rationem</strong></span> <span class='ocrx_word' id='word_1_104' title='bbox 826 1487 965 1527; x_wconf 87' lang='lat' dir='ltr'><strong>habere,</strong></span> <span class='ocrx_word' id='word_1_105' title='bbox 983 1488 1123 1519; x_wconf 87' lang='lat' dir='ltr'><strong>stultum</strong></span> <span class='ocrx_word' id='word_1_106' title='bbox 1141 1498 1226 1519; x_wconf 86' lang='lat' dir='ltr'><strong>esse.</strong></span> <span class='ocrx_word' id='word_1_107' title='bbox 1242 1492 1295 1521; x_wconf 75' lang='lat'><strong>41.</strong></span> <span class='ocrx_word' id='word_1_108' title='bbox 1329 1490 1365 1520; x_wconf 91' lang='lat' dir='ltr'><strong>Si</strong></span> <span class='ocrx_word' id='word_1_109' title='bbox 1381 1491 1435 1520; x_wconf 87' lang='lat' dir='ltr'><strong>vel</strong></span> <span class='ocrx_word' id='word_1_110' title='bbox 1450 1491 1624 1530; x_wconf 69' lang='lat' dir='ltr'><strong>legitimus</strong></span> 
     </span>
     <span class='ocr_line' id='line_1_14' title="bbox 160 1538 1627 1583; baseline 0.002 -12"><span class='ocrx_word' id='word_1_111' title='bbox 160 1539 413 1579; x_wconf 73' lang='lat' dir='ltr'><strong>haereditatem,</strong></span> <span class='ocrx_word' id='word_1_112' title='bbox 436 1539 602 1570; x_wconf 84' lang='lat' dir='ltr'><strong>sumtibus</strong></span> <span class='ocrx_word' id='word_1_113' title='bbox 626 1538 728 1571; x_wconf 81' lang='lat' dir='ltr'><strong>factis</strong></span> <span class='ocrx_word' id='word_1_114' title='bbox 743 1539 970 1580; x_wconf 81' lang='lat' dir='ltr'><strong>imminutam,</strong></span> <span class='ocrx_word' id='word_1_115' title='bbox 987 1550 1022 1571; x_wconf 92' lang='lat' dir='ltr'><strong>se</strong></span> <span class='ocrx_word' id='word_1_116' title='bbox 1040 1540 1211 1572; x_wconf 83' lang='lat' dir='ltr'><strong>aditurum</strong></span> <span class='ocrx_word' id='word_1_117' title='bbox 1228 1552 1302 1573; x_wconf 89' lang='lat' dir='ltr'><strong>esse</strong></span> <span class='ocrx_word' id='word_1_118' title='bbox 1326 1548 1498 1583; x_wconf 81' lang='lat' dir='ltr'><strong>negasset,</strong></span> <span class='ocrx_word' id='word_1_119' title='bbox 1521 1544 1627 1575; x_wconf 65' lang='lat' dir='ltr'><strong>haere-</strong></span> 
     </span>
     <span class='ocr_line' id='line_1_15' title="bbox 162 1591 1627 1636; baseline 0.002 -11"><span class='ocrx_word' id='word_1_120' title='bbox 162 1593 240 1625; x_wconf 87' lang='lat' dir='ltr'><strong>dem</strong></span> <span class='ocrx_word' id='word_1_121' title='bbox 254 1592 317 1624; x_wconf 86' lang='lat' dir='ltr'><strong>sibi</strong></span> <span class='ocrx_word' id='word_1_122' title='bbox 333 1592 468 1624; x_wconf 91' lang='lat' dir='ltr'><strong>omnino</strong></span> <span class='ocrx_word' id='word_1_123' title='bbox 484 1602 551 1624; x_wconf 92' lang='lat' dir='ltr'><strong>non</strong></span> <span class='ocrx_word' id='word_1_124' title='bbox 568 1591 777 1627; x_wconf 87' lang='lat' dir='ltr'><strong>defuturum.</strong></span> <span class='ocrx_word' id='word_1_125' title='bbox 801 1596 853 1625; x_wconf 90' lang='grc'><strong>56.</strong></span> <span class='ocrx_word' id='word_1_126' title='bbox 897 1594 992 1626; x_wconf 88' lang='lat' dir='ltr'><strong>Nihil</strong></span> <span class='ocrx_word' id='word_1_127' title='bbox 1008 1593 1188 1635; x_wconf 84' lang='lat' dir='ltr'><strong>interesse,</strong></span> <span class='ocrx_word' id='word_1_128' title='bbox 1206 1605 1350 1636; x_wconf 89' lang='lat' dir='ltr'><strong>quonam</strong></span> <span class='ocrx_word' id='word_1_129' title='bbox 1367 1597 1442 1627; x_wconf 86' lang='lat' dir='ltr'><strong>loco</strong></span> <span class='ocrx_word' id='word_1_130' title='bbox 1458 1596 1513 1627; x_wconf 89' lang='lat' dir='ltr'><strong>ille</strong></span> <span class='ocrx_word' id='word_1_131' title='bbox 1526 1600 1627 1628; x_wconf 82' lang='lat' dir='ltr'><strong>natus</strong></span> 
     </span>
     <span class='ocr_line' id='line_1_16' title="bbox 161 1646 1628 1689; baseline 0.002 -11"><span class='ocrx_word' id='word_1_132' title='bbox 161 1647 217 1688; x_wconf 83' lang='lat' dir='ltr'><strong>sit,</strong></span> <span class='ocrx_word' id='word_1_133' title='bbox 232 1656 348 1679; x_wconf 89' lang='lat' dir='ltr'><strong>omnes</strong></span> <span class='ocrx_word' id='word_1_134' title='bbox 364 1647 454 1678; x_wconf 89' lang='lat' dir='ltr'><strong>enim</strong></span> <span class='ocrx_word' id='word_1_135' title='bbox 470 1646 623 1678; x_wconf 87' lang='lat' dir='ltr'><strong>homines</strong></span> <span class='ocrx_word' id='word_1_136' title='bbox 639 1647 845 1688; x_wconf 87' lang='lat' dir='ltr'><strong>cognatione</strong></span> <span class='ocrx_word' id='word_1_137' title='bbox 862 1646 1008 1688; x_wconf 88' lang='lat' dir='ltr'><strong>quadam</strong></span> <span class='ocrx_word' id='word_1_138' title='bbox 1026 1647 1118 1679; x_wconf 84' lang='lat' dir='ltr'><strong>inter</strong></span> <span class='ocrx_word' id='word_1_139' title='bbox 1139 1657 1174 1679; x_wconf 90' lang='lat' dir='ltr'><strong>se</strong></span> <span class='ocrx_word' id='word_1_140' title='bbox 1192 1648 1306 1689; x_wconf 84' lang='lat' dir='ltr'><strong>jungi.</strong></span> <span class='ocrx_word' id='word_1_141' title='bbox 1329 1653 1383 1681; x_wconf 88' lang='grc'><strong>60.</strong></span> <span class='ocrx_word' id='word_1_142' title='bbox 1430 1650 1516 1681; x_wconf 85' lang='lat' dir='ltr'><strong>Rem</strong></span> <span class='ocrx_word' id='word_1_143' title='bbox 1532 1649 1628 1681; x_wconf 85' lang='lat' dir='ltr'><strong>sami-</strong></span> 
     </span>
     <span class='ocr_line' id='line_1_17' title="bbox 162 1699 1628 1745; baseline 0.001 -12"><span class='ocrx_word' id='word_1_144' title='bbox 162 1702 280 1734; x_wconf 79' lang='lat' dir='ltr'><strong>liarem</strong></span> <span class='ocrx_word' id='word_1_145' title='bbox 307 1701 454 1732; x_wconf 89' lang='lat' dir='ltr'><strong>viventis</strong></span> <span class='ocrx_word' id='word_1_146' title='bbox 482 1710 569 1739; x_wconf 88' lang='lat' dir='ltr'><strong>esse,</strong></span> <span class='ocrx_word' id='word_1_147' title='bbox 599 1700 753 1745; x_wconf 82' lang='lat' dir='ltr'><strong>nihilque</strong></span> <span class='ocrx_word' id='word_1_148' title='bbox 776 1699 904 1733; x_wconf 81' lang='lat' dir='ltr'><strong>habere</strong></span> <span class='ocrx_word' id='word_1_149' title='bbox 934 1700 1122 1741; x_wconf 74' lang='lat' dir='ltr'><strong>haeredem,</strong></span> <span class='ocrx_word' id='word_1_150' title='bbox 1146 1700 1235 1742; x_wconf 91' lang='lat' dir='ltr'><strong>quod</strong></span> <span class='ocrx_word' id='word_1_151' title='bbox 1256 1702 1336 1743; x_wconf 87' lang='lat' dir='ltr'><strong>jure</strong></span> <span class='ocrx_word' id='word_1_152' title='bbox 1365 1713 1425 1734; x_wconf 87' lang='lat' dir='ltr'><strong>suo</strong></span> <span class='ocrx_word' id='word_1_153' title='bbox 1452 1704 1628 1744; x_wconf 82' lang='lat' dir='ltr'><strong>postulare</strong></span> 
     </span>
     <span class='ocr_line' id='line_1_18' title="bbox 164 1748 1627 1798; baseline 0.001 -12"><span class='ocrx_word' id='word_1_154' title='bbox 164 1753 289 1796; x_wconf 81' lang='lat' dir='ltr'><strong>possit3</strong></span> <span class='ocrx_word' id='word_1_155' title='bbox 307 1753 547 1796; x_wconf 87' lang='lat' dir='ltr'><strong>quodcumque</strong></span> <span class='ocrx_word' id='word_1_156' title='bbox 563 1758 654 1786; x_wconf 83' lang='lat' dir='ltr'><strong>esset</strong></span> <span class='ocrx_word' id='word_1_157' title='bbox 669 1754 837 1794; x_wconf 83' lang='lat' dir='ltr'><strong>relictum,</strong></span> <span class='ocrx_word' id='word_1_158' title='bbox 854 1754 942 1795; x_wconf 87' lang='lat' dir='ltr'><strong>aeqni</strong></span> <span class='ocrx_word' id='word_1_159' title='bbox 959 1754 1106 1796; x_wconf 89' lang='lat' dir='ltr'><strong>bonique</strong></span> <span class='ocrx_word' id='word_1_160' title='bbox 1121 1754 1186 1795; x_wconf 85' lang='lat' dir='ltr'><strong>ipsi</strong></span> <span class='ocrx_word' id='word_1_161' title='bbox 1202 1748 1457 1796; x_wconf 83' lang='lat' dir='ltr'><strong>consulendum,</strong></span> <span class='ocrx_word' id='word_1_162' title='bbox 1473 1757 1627 1798; x_wconf 68' lang='lat' dir='ltr'><strong>lucrique</strong></span> 
     </span>
     <span class='ocr_line' id='line_1_19' title="bbox 163 1807 1627 1850; baseline 0.001 -11"><span class='ocrx_word' id='word_1_163' title='bbox 163 1808 329 1849; x_wconf 83' lang='lat' dir='ltr'><strong>insperati</strong></span> <span class='ocrx_word' id='word_1_164' title='bbox 344 1807 418 1839; x_wconf 90' lang='lat' dir='ltr'><strong>loco</strong></span> <span class='ocrx_word' id='word_1_165' title='bbox 434 1807 628 1839; x_wconf 88' lang='lat' dir='ltr'><strong>habendum</strong></span> <span class='ocrx_word' id='word_1_166' title='bbox 646 1817 732 1839; x_wconf 89' lang='lat' dir='ltr'><strong>esse.</strong></span> <span class='ocrx_word' id='word_1_167' title='bbox 755 1810 809 1839; x_wconf 85' lang='grc'><strong>71.</strong></span> <span class='ocrx_word' id='word_1_168' title='bbox 852 1807 958 1838; x_wconf 88' lang='lat' dir='ltr'><strong>Stulti</strong></span> <span class='ocrx_word' id='word_1_169' title='bbox 974 1816 1061 1847; x_wconf 87' lang='lat' dir='ltr'><strong>esse,</strong></span> <span class='ocrx_word' id='word_1_170' title='bbox 1086 1808 1168 1838; x_wconf 84' lang='lat' dir='ltr'><strong>vitae</strong></span> <span class='ocrx_word' id='word_1_171' title='bbox 1193 1808 1492 1840; x_wconf 85' lang='lat' dir='ltr'><strong>commoditatibus</strong></span> <span class='ocrx_word' id='word_1_172' title='bbox 1516 1810 1627 1850; x_wconf 83' lang='lat' dir='ltr'><strong>ipsum</strong></span> 
     </span>
     <span class='ocr_line' id='line_1_20' title="bbox 165 1859 1630 1901; baseline 0.001 -9"><span class='ocrx_word' id='word_1_173' title='bbox 165 1869 284 1892; x_wconf 88' lang='lat' dir='ltr'><strong>carere</strong></span> <span class='ocrx_word' id='word_1_174' title='bbox 300 1864 442 1901; x_wconf 85' lang='lat' dir='ltr'><strong>propter</strong></span> <span class='ocrx_word' id='word_1_175' title='bbox 458 1860 610 1892; x_wconf 85' lang='lat' dir='ltr'><strong>avaritiae</strong></span> <span class='ocrx_word' id='word_1_176' title='bbox 628 1860 760 1900; x_wconf 87' lang='lat' dir='ltr'><strong>sordes,</strong></span> <span class='ocrx_word' id='word_1_177' title='bbox 783 1864 821 1891; x_wconf 92' lang='lat' dir='ltr'><strong>ut</strong></span> <span class='ocrx_word' id='word_1_178' title='bbox 834 1859 988 1891; x_wconf 83' lang='lat' dir='ltr'><strong>haeredes</strong></span> <span class='ocrx_word' id='word_1_179' title='bbox 1002 1859 1132 1900; x_wconf 86' lang='lat' dir='ltr'><strong>posteri</strong></span> <span class='ocrx_word' id='word_1_180' title='bbox 1146 1859 1253 1891; x_wconf 89' lang='lat' dir='ltr'><strong>vitam</strong></span> <span class='ocrx_word' id='word_1_181' title='bbox 1270 1861 1466 1892; x_wconf 82' lang='lat' dir='ltr'><strong>dissolutam</strong></span> <span class='ocrx_word' id='word_1_182' title='bbox 1481 1866 1517 1893; x_wconf 89' lang='lat' dir='ltr'><strong>et</strong></span> <span class='ocrx_word' id='word_1_183' title='bbox 1540 1861 1630 1894; x_wconf 84' lang='lat' dir='ltr'><strong>omni</strong></span> 
     </span>
     <span class='ocr_line' id='line_1_21' title="bbox 166 1911 1630 1956; baseline 0.001 -12"><span class='ocrx_word' id='word_1_184' title='bbox 166 1913 380 1954; x_wconf 87' lang='lat' dir='ltr'><strong>voluptatum</strong></span> <span class='ocrx_word' id='word_1_185' title='bbox 396 1922 521 1953; x_wconf 83' lang='lat' dir='ltr'><strong>genere</strong></span> <span class='ocrx_word' id='word_1_186' title='bbox 537 1913 673 1953; x_wconf 89' lang='lat' dir='ltr'><strong>plenam</strong></span> <span class='ocrx_word' id='word_1_187' title='bbox 697 1916 815 1953; x_wconf 83' lang='lat' dir='ltr'><strong>agant.</strong></span> <span class='ocrx_word' id='word_1_188' title='bbox 838 1914 892 1943; x_wconf 87' lang='grc'><strong>74.</strong></span> <span class='ocrx_word' id='word_1_189' title='bbox 939 1911 994 1943; x_wconf 88' lang='lat' dir='ltr'><strong>Sic</strong></span> <span class='ocrx_word' id='word_1_190' title='bbox 1017 1912 1107 1944; x_wconf 89' lang='lat' dir='ltr'><strong>enim</strong></span> <span class='ocrx_word' id='word_1_191' title='bbox 1123 1922 1256 1954; x_wconf 80' lang='lat' dir='ltr'><strong>semper</strong></span> <span class='ocrx_word' id='word_1_192' title='bbox 1271 1914 1546 1956; x_wconf 85' lang='lat' dir='ltr'><strong>existimandum,</strong></span> <span class='ocrx_word' id='word_1_193' title='bbox 1569 1916 1630 1947; x_wconf 82' lang='lat' dir='ltr'><strong>hu-</strong></span> 
     </span>
     <span class='ocr_line' id='line_1_22' title="bbox 160 1964 1630 2009; baseline 0.001 -11"><span class='ocrx_word' id='word_1_194' title='bbox 160 1966 310 2009; x_wconf 83' lang='lat' dir='ltr'><strong>jusmodi</strong></span> <span class='ocrx_word' id='word_1_195' title='bbox 325 1966 496 1997; x_wconf 88' lang='lat' dir='ltr'><strong>hominum</strong></span> <span class='ocrx_word' id='word_1_196' title='bbox 513 1965 697 2007; x_wconf 88' lang='lat' dir='ltr'><strong>cupiditati</strong></span> <span class='ocrx_word' id='word_1_197' title='bbox 713 1975 796 2006; x_wconf 89' lang='lat' dir='ltr'><strong>opes</strong></span> <span class='ocrx_word' id='word_1_198' title='bbox 812 1964 987 2005; x_wconf 84' lang='lat' dir='ltr'><strong>maximas,</strong></span> <span class='ocrx_word' id='word_1_199' title='bbox 1009 1965 1098 1996; x_wconf 88' lang='lat' dir='ltr'><strong>omni</strong></span> <span class='ocrx_word' id='word_1_200' title='bbox 1123 1967 1223 1998; x_wconf 92' lang='lat' dir='ltr'><strong>modo</strong></span> <span class='ocrx_word' id='word_1_201' title='bbox 1250 1971 1444 2007; x_wconf 85' lang='lat' dir='ltr'><strong>congestas,</strong></span> <span class='ocrx_word' id='word_1_202' title='bbox 1459 1977 1630 2009; x_wconf 82' lang='lat' dir='ltr'><strong>nunquam</strong></span> 
     </span>
    </p>
   </div>
   <div class='ocr_carea' id='block_1_6' title="bbox 167 2018 1630 2107">
    <p class='ocr_par' dir='ltr' id='par_1_6' title="bbox 167 2018 1630 2107">
     <span class='ocr_line' id='line_1_23' title="bbox 167 2018 1630 2062; baseline 0 -9"><span class='ocrx_word' id='word_1_203' title='bbox 167 2030 242 2053; x_wconf 78' lang='lat' dir='ltr'><strong>esse</strong></span> <span class='ocrx_word' id='word_1_204' title='bbox 259 2020 342 2052; x_wconf 87' lang='lat' dir='ltr'><strong>satis</strong></span> <span class='ocrx_word' id='word_1_205' title='bbox 357 2018 518 2059; x_wconf 85' lang='lat' dir='ltr'><strong>facturas,</strong></span> <span class='ocrx_word' id='word_1_206' title='bbox 535 2023 572 2050; x_wconf 86' lang='lat' dir='ltr'><strong>nt</strong></span> <span class='ocrx_word' id='word_1_207' title='bbox 587 2028 631 2050; x_wconf 85' lang='lat' dir='ltr'><strong>ne</strong></span> <span class='ocrx_word' id='word_1_208' title='bbox 656 2020 711 2050; x_wconf 90' lang='lat' dir='ltr'><strong>vel</strong></span> <span class='ocrx_word' id='word_1_209' title='bbox 740 2019 788 2050; x_wconf 91' lang='lat' dir='ltr'><strong>sic</strong></span> <span class='ocrx_word' id='word_1_210' title='bbox 816 2019 951 2061; x_wconf 86' lang='lat' dir='ltr'><strong>quidem</strong></span> <span class='ocrx_word' id='word_1_211' title='bbox 978 2018 1034 2061; x_wconf 88' lang='lat' dir='ltr'><strong>sit,</strong></span> <span class='ocrx_word' id='word_1_212' title='bbox 1059 2020 1149 2062; x_wconf 88' lang='lat' dir='ltr'><strong>quod</strong></span> <span class='ocrx_word' id='word_1_213' title='bbox 1177 2030 1305 2062; x_wconf 78' lang='lat' dir='ltr'><strong>speres,</strong></span> <span class='ocrx_word' id='word_1_214' title='bbox 1321 2019 1406 2061; x_wconf 88' lang='lat' dir='ltr'><strong>fore,</strong></span> <span class='ocrx_word' id='word_1_215' title='bbox 1430 2026 1469 2053; x_wconf 90' lang='lat' dir='ltr'><strong>ut</strong></span> <span class='ocrx_word' id='word_1_216' title='bbox 1484 2021 1630 2061; x_wconf 78' lang='lat' dir='ltr'><strong>gratiam</strong></span> 
     </span>
     <span class='ocr_line' id='line_1_24' title="bbox 167 2072 718 2107; baseline 0 -1"><span class='ocrx_word' id='word_1_217' title='bbox 167 2075 303 2107; x_wconf 86' lang='lat' dir='ltr'><strong>illorum</strong></span> <span class='ocrx_word' id='word_1_218' title='bbox 316 2074 381 2106; x_wconf 82' lang='lat' dir='ltr'><strong>hac</strong></span> <span class='ocrx_word' id='word_1_219' title='bbox 397 2072 532 2105; x_wconf 78' lang='lat' dir='ltr'><strong>ratione</strong></span> <span class='ocrx_word' id='word_1_220' title='bbox 547 2073 718 2106; x_wconf 81' lang='lat' dir='ltr'><strong>merearis.</strong></span> 
     </span>
    </p>
   </div>
   <div class='ocr_carea' id='block_1_7' title="bbox 175 2290 1305 2362">
    <p class='ocr_par' dir='ltr' id='par_1_7' title="bbox 175 2290 1305 2362">
     <span class='ocr_line' id='line_1_25' title="bbox 175 2290 1305 2362; baseline 0 -15"><span class='ocrx_word' id='word_1_221' title='bbox 175 2290 430 2348; x_wconf 77' lang='lat' dir='ltr'><strong>ADMovl&#39;r</strong></span> <span class='ocrx_word' id='word_1_222' title='bbox 448 2307 543 2362; x_wconf 84' lang='lat' dir='ltr'><strong>jam</strong></span> <span class='ocrx_word' id='word_1_223' title='bbox 561 2308 714 2348; x_wconf 85' lang='lat' dir='ltr'><strong>bruma</strong></span> <span class='ocrx_word' id='word_1_224' title='bbox 733 2307 833 2349; x_wconf 86' lang='lat' dir='ltr'><strong>soeo</strong></span> <span class='ocrx_word' id='word_1_225' title='bbox 854 2314 911 2357; x_wconf 87' lang='lat' dir='ltr'><strong>te,</strong></span> <span class='ocrx_word' id='word_1_226' title='bbox 933 2308 1090 2358; x_wconf 84' lang='lat' dir='ltr'><strong>Basse,</strong></span> <span class='ocrx_word' id='word_1_227' title='bbox 1113 2307 1305 2348; x_wconf 68' lang='lat' dir='ltr'><strong>Sabino?</strong></span> 
     </span>
    </p>
   </div>
   <div class='ocr_carea' id='block_1_8' title="bbox 218 2421 1633 2466">
    <p class='ocr_par' dir='ltr' id='par_1_8' title="bbox 218 2421 1633 2466">
     <span class='ocr_line' id='line_1_26' title="bbox 218 2421 1633 2466; baseline -0.004 -10"><span class='ocrx_word' id='word_1_228' title='bbox 218 2424 249 2455; x_wconf 96' lang='grc' dir='ltr'>Ο</span> <span class='ocrx_word' id='word_1_229' title='bbox 266 2424 376 2465; x_wconf 79' lang='lat' dir='ltr'><strong>Basse,</strong></span> <span class='ocrx_word' id='word_1_230' title='bbox 391 2424 506 2463; x_wconf 77' lang='lat' dir='ltr'><strong>jamne</strong></span> <span class='ocrx_word' id='word_1_231' title='bbox 523 2425 627 2466; x_wconf 78' lang='lat' dir='ltr'><strong>hyems</strong></span> <span class='ocrx_word' id='word_1_232' title='bbox 641 2428 673 2455; x_wconf 81' lang='lat' dir='ltr'><strong>te</strong></span> <span class='ocrx_word' id='word_1_233' title='bbox 687 2424 833 2465; x_wconf 82' lang='lat' dir='ltr'><strong>compulit</strong></span> <span class='ocrx_word' id='word_1_234' title='bbox 849 2425 890 2455; x_wconf 83' lang='lat' dir='ltr'><strong>ad</strong></span> <span class='ocrx_word' id='word_1_235' title='bbox 904 2424 1057 2455; x_wconf 75' lang='lat' dir='ltr'><strong>caminum</strong></span> <span class='ocrx_word' id='word_1_236' title='bbox 1080 2421 1253 2455; x_wconf 80' lang='lat' dir='ltr'><strong>Sabinum?</strong></span> <span class='ocrx_word' id='word_1_237' title='bbox 1276 2421 1437 2463; x_wconf 73' lang='lat' dir='ltr'><strong>Numquid</strong></span> <span class='ocrx_word' id='word_1_238' title='bbox 1458 2421 1590 2460; x_wconf 69' lang='lat' dir='ltr'><strong>cithara,</strong></span> <span class='ocrx_word' id='word_1_239' title='bbox 1603 2422 1633 2449; x_wconf 76' lang='lat' dir='ltr'><strong>et</strong></span> 
     </span>
    </p>
   </div>
   <div class='ocr_carea' id='block_1_9' title="bbox 830 2509 977 2542">
    <p class='ocr_par' dir='ltr' id='par_1_9' title="bbox 830 2509 977 2542">
     <span class='ocr_line' id='line_1_27' title="bbox 830 2509 977 2542; baseline 0.007 -1"><span class='ocrx_word' id='word_1_240' title='bbox 830 2509 977 2542; x_wconf 82' lang='lat' dir='ltr'>NOTAE</span> 
     </span>
    </p>
   </div>
   <div class='ocr_carea' id='block_1_10' title="bbox 178 2567 1636 2764">
    <p class='ocr_par' dir='ltr' id='par_1_10' title="bbox 178 2567 1636 2764">
     <span class='ocr_line' id='line_1_28' title="bbox 219 2567 1634 2616; baseline -0.003 -15"><span class='ocrx_word' id='word_1_241' title='bbox 219 2573 237 2600; x_wconf 93' lang='lat' dir='ltr'><strong>l</strong></span> <span class='ocrx_word' id='word_1_242' title='bbox 261 2570 487 2611; x_wconf 77' lang='lat' dir='ltr'><strong>Admovitjam</strong></span> <span class='ocrx_word' id='word_1_243' title='bbox 502 2573 708 2615; x_wconf 42' lang='lat' dir='ltr'><strong>brumaff‘fc]</strong></span> <span class='ocrx_word' id='word_1_244' title='bbox 746 2573 877 2606; x_wconf 83' lang='lat' dir='ltr'><strong>Avaros</strong></span> <span class='ocrx_word' id='word_1_245' title='bbox 932 2575 1006 2616; x_wconf 86' lang='lat' dir='ltr'><strong>ipse</strong></span> <span class='ocrx_word' id='word_1_246' title='bbox 1036 2575 1127 2615; x_wconf 90' lang='lat' dir='ltr'><strong>apud</strong></span> <span class='ocrx_word' id='word_1_247' title='bbox 1157 2583 1249 2605; x_wconf 84' lang='lat' dir='ltr'><strong>oram</strong></span> <span class='ocrx_word' id='word_1_248' title='bbox 1280 2571 1487 2612; x_wconf 83' lang='lat' dir='ltr'><strong>Ligusticam</strong></span> <span class='ocrx_word' id='word_1_249' title='bbox 1515 2567 1634 2599; x_wconf 79' lang='lat' dir='ltr'><strong>eodem</strong></span> 
     </span>
     <span class='ocr_line' id='line_1_29' title="bbox 178 2618 1634 2665; baseline -0.001 -16"><span class='ocrx_word' id='word_1_250' title='bbox 178 2621 329 2659; x_wconf 81' lang='lat' dir='ltr'><strong>exagitat</strong></span> <span class='ocrx_word' id='word_1_251' title='bbox 344 2623 483 2655; x_wconf 82' lang='lat' dir='ltr'><strong>Persius</strong></span> <span class='ocrx_word' id='word_1_252' title='bbox 497 2624 560 2655; x_wconf 90' lang='lat' dir='ltr'><strong>hac</strong></span> <span class='ocrx_word' id='word_1_253' title='bbox 577 2625 703 2664; x_wconf 85' lang='lat' dir='ltr'><strong>Satira,</strong></span> <span class='ocrx_word' id='word_1_254' title='bbox 720 2634 820 2665; x_wconf 90' lang='lat' dir='ltr'><strong>quam</strong></span> <span class='ocrx_word' id='word_1_255' title='bbox 835 2623 878 2655; x_wconf 89' lang='lat' dir='ltr'><strong>ad</strong></span> <span class='ocrx_word' id='word_1_256' title='bbox 935 2625 1074 2655; x_wconf 84' lang='lat' dir='ltr'><strong>consilio</strong></span> <span class='ocrx_word' id='word_1_257' title='bbox 1090 2628 1250 2664; x_wconf 85' lang='lat' dir='ltr'><strong>receptus</strong></span> <span class='ocrx_word' id='word_1_258' title='bbox 1271 2626 1306 2653; x_wconf 88' lang='lat' dir='ltr'><strong>et</strong></span> <span class='ocrx_word' id='word_1_259' title='bbox 1331 2622 1437 2652; x_wconf 82' lang='lat' dir='ltr'><strong>Roma</strong></span> <span class='ocrx_word' id='word_1_260' title='bbox 1453 2618 1634 2657; x_wconf 76' lang='lat' dir='ltr'><strong>digressus.</strong></span> 
     </span>
     <span class='ocr_line' id='line_1_30' title="bbox 179 2666 1636 2714; baseline -0.001 -15"><span class='ocrx_word' id='word_1_261' title='bbox 179 2669 322 2702; x_wconf 84' lang='lat' dir='ltr'><strong>amicum</strong></span> <span class='ocrx_word' id='word_1_262' title='bbox 342 2673 387 2707; x_wconf 58' lang='lat' dir='ltr'><strong>,in</strong></span> <span class='ocrx_word' id='word_1_263' title='bbox 422 2673 556 2704; x_wconf 83' lang='lat' dir='ltr'><strong>Sabinis</strong></span> <span class='ocrx_word' id='word_1_264' title='bbox 585 2674 813 2714; x_wconf 75' lang='lat' dir='ltr'><strong>liyemantem,</strong></span> <span class='ocrx_word' id='word_1_265' title='bbox 844 2677 881 2704; x_wconf 89' lang='lat' dir='ltr'><strong>et</strong></span> <span class='ocrx_word' id='word_1_266' title='bbox 937 2674 1030 2705; x_wconf 84' lang='lat' dir='ltr'><strong>Hinc</strong></span> <span class='ocrx_word' id='word_1_267' title='bbox 1072 2673 1187 2704; x_wconf 78' lang='lat' dir='ltr'><strong>statim</strong></span> <span class='ocrx_word' id='word_1_268' title='bbox 1225 2670 1380 2709; x_wconf 83' lang='lat' dir='ltr'><strong>intellige</strong></span> <span class='ocrx_word' id='word_1_269' title='bbox 1423 2668 1489 2698; x_wconf 87' lang='lat' dir='ltr'><strong>alia</strong></span> <span class='ocrx_word' id='word_1_270' title='bbox 1531 2666 1636 2698; x_wconf 82' lang='lat' dir='ltr'><strong>fnisse</strong></span> 
     </span>
     <span class='ocr_line' id='line_1_31' title="bbox 180 2716 1636 2764; baseline -0.001 -15"><span class='ocrx_word' id='word_1_271' title='bbox 180 2719 379 2754; x_wconf 78' lang='lat' dir='ltr'><strong>lucubrandi</strong></span> <span class='ocrx_word' id='word_1_272' title='bbox 397 2732 498 2760; x_wconf 81' lang='lat' dir='ltr'><strong>causa</strong></span> <span class='ocrx_word' id='word_1_273' title='bbox 520 2724 736 2756; x_wconf 84' lang='lat' dir='ltr'><strong>secedentem</strong></span> <span class='ocrx_word' id='word_1_274' title='bbox 751 2724 881 2764; x_wconf 85' lang='lat' dir='ltr'><strong>scribit,</strong></span> <span class='ocrx_word' id='word_1_275' title='bbox 937 2727 1058 2755; x_wconf 76' lang='lat' dir='ltr'><strong>aestate</strong></span> <span class='ocrx_word' id='word_1_276' title='bbox 1079 2721 1260 2761; x_wconf 85' lang='lat' dir='ltr'><strong>domicilia,</strong></span> <span class='ocrx_word' id='word_1_277' title='bbox 1282 2720 1348 2750; x_wconf 85' lang='lat' dir='ltr'><strong>alia</strong></span> <span class='ocrx_word' id='word_1_278' title='bbox 1370 2718 1505 2758; x_wconf 69' lang='lat' dir='ltr'><strong>hyeme:</strong></span> <span class='ocrx_word' id='word_1_279' title='bbox 1531 2722 1567 2749; x_wconf 85' lang='lat' dir='ltr'><strong>et</strong></span> <span class='ocrx_word' id='word_1_280' title='bbox 1593 2716 1636 2748; x_wconf 81' lang='lat' dir='ltr'><strong>ad</strong></span> 
     </span>
    </p>
   </div>
  </div>
 </body>
</html>
