1888 3032
668 130 828 161 PERslt

129 224 410 265 Lubin.—Bau›a]
456 225 533 256 Hoc
550 225 638 256 enini
657 226 765 256 solnm
783 236 839 257 vo—

128 275 192 306 luit
208 274 412 315 significare,
435 275 626 306 naturalem
653 275 744 306 vocis
771 285 838 306 mo-

129 325 209 356 dum
238 324 282 356 ab
313 325 388 356 istis
419 324 628 357 effmminari.
686 326 738 357 De
763 336 839 356 nare

127 376 221 418 loqui
253 376 427 415 dicuntur,
457 377 578 417 quibus
611 376 750 418 spiritus
782 377 838 417 qui

129 437 191 468 per
212 437 311 459 nares
327 428 397 459 exit
414 437 480 459 non
498 428 604 458 libere
619 425 706 466 fluit,
721 426 763 457 ob
781 436 838 456 an-

127 477 272 517 gustiam
304 478 464 509 tramitis.
511 477 646 508 Cusaub.
703 476 837 507 Tur-neb.

128 537 266 560 xxvm.
285 532 339 561 26.

171 581 212 610 34
236 579 410 620 Phyllidas,
426 580 496 620 8)·ε.]
543 578 584 609 ld
603 582 668 616 est,
694 578 837 608 Misera-

126 630 212 662 biles
225 631 450 671 Tragicorum
467 630 641 667 materias,
659 636 695 661 ut
711 630 839 670 Phylli-

125 681 204 712 dem
228 691 248 712 a
265 681 542 721 Demophoonte‚
562 680 788 721 Hypsipylen·
819 691 837 712 a

125 731 254 763 Jasone
282 732 467 771 desertam,
497 736 532 763 et
562 731 628 761 alia
665 731 768 761 balba
794 731 836 762 de

124 789 207 811 nare
237 780 383 822 eliquat,
414 781 448 811 id
480 786 543 819 est,
578 779 778 821 imperfecte
802 786 837 811 et

125 830 232 862 blaese
260 831 404 872 quadam
433 831 527 872 quasi
555 830 676 869 linguae
704 831 838 862 h‘aesita-

123 881 219 913 tione
269 881 493 913 balbutiendo
539 882 632 922 quasi
671 882 835 921 percolat.

125 932 276 964 Turneb.
293 942 430 964 xan.
447 931 728 973 40.—-Phylli‹las]
756 933 836 963 Car-

125 992 202 1014 men
228 984 268 1014 de
296 984 466 1024 Phyllide.
512 984 557 1013 Et
574 983 621 1014 ita
649 987 699 1014 eet
723 983 835 1014 Meto-

122 1043 214 1074 nym.
250 1034 405 1074 Subjecti
448 1044 510 1074 pro
548 1033 733 1074 Adjuneto.
792 1034 836 1064 Et

125 1085 346 1125 Synecdoclie
365 1085 504 1125 pluralis
531 1094 592 1125 pro
620 1084 836 1124 singulari.—

129 1134 257 1171 Vatum,
272 1135 342 1176 ἐξα]
379 1134 420 1165 Id
439 1139 502 1173 est,
517 1135 553 1165 Si
569 1134 649 1174 quid
669 1140 837 1174 praeterea

124 1183 249 1215 Po'etae
265 1185 442 1226 Tragicum
465 1185 690 1225 scripserunt,
717 1190 752 1216 et
777 1185 836 1216 mi-

125 1235 284 1273 serabile,
301 1241 336 1266 et
355 1236 380 1265 si
399 1235 480 1276 quid
497 1240 668 1276 praeterea
684 1235 836 1266 lacrima-

122 1285 208 1325 bile,
233 1296 252 1317 a
276 1286 434 1327 Tragicis
461 1286 624 1326 scriptum
649 1292 712 1317 est.
758 1287 835 1317 Ele-

125 1336 197 1376 gias
214 1336 435 1368 Casanbonus
453 1336 712 1376 interpretatur.

170 1389 210 1417 35
237 1388 376 1427 Eliquat,
393 1386 462 1426 [xa]
508 1388 570 1417 Est
587 1387 640 1417 hic
659 1388 836 1419 translatio

124 1445 144 1466 a
173 1445 275 1467 sacco
301 1442 336 1467 et
360 1437 435 1467 colo
460 1437 604 1476 vinario,
631 1447 696 1478 qno
720 1439 835 1468 vinnm

124 1486 352 1517 transmisfflm
386 1485 564 1517 defecatur
596 1492 633 1518 et
671 1487 834 1528 liquidum

124 1536 293 1567 redditur.
339 1538 423 1568 Vult
448 1537 536 1567 enim
562 1538 636 1575 boc,
653 1539 743 1579 quod
769 1549 834 1569 non

124 1592 246 1627 aperta
276 1597 358 1618 voce
383 1587 488 1618 verba
516 1587 648 1625 efferat,
665 1588 723 1619 sed
754 1599 834 1620 voce

122 1639 215 1679 quasi
249 1639 460 1679 strangulata
490 1640 705 1679 pronunciet,
733 1645 770 1671 ut
794 1650 834 1670 eo

122 1689 259 1720 suavior
275 1689 479 1720 redderetur
492 1691 750 1730 pronunciatio:
772 1691 834 1729 vel,

122 1745 160 1770 ut
186 1740 331 1771 Farnab.
360 1741 446 1779 vult,
478 1741 624 1783 Liquida
650 1752 731 1773 voce
760 1752 834 1782 pro-

123 1791 275 1822 nunciat.
325 1791 542 1830 Lahiru—Et,
577 1792 646 1832 §se-,J
709 1792 835 1832 Hiquat

124 1841 325 1871 translatum
344 1852 364 1871 a
382 1842 540 1879 metallis,
559 1848 592 1872 ct
611 1842 642 1872 id
662 1852 765 1882 genus
784 1852 834 1873 re-

123 1890 196 1929 bru,
213 1901 287 1932 quae
304 1897 425 1922 natura
453 1902 514 1923 sua
541 1899 730 1933 compactae
755 1899 834 1924 sunt

123 1948 158 1972 et
175 1942 291 1972 dura‘:
327 1952 403 1973 cum
428 1943 614 1983 liquantur,
630 1943 833 1974 mollescunt

122 1997 156 2022 et
196 1998 458 2032 corrumpuntur
480 2004 487 2022 :
534 1993 583 2023 sie
622 1993 678 2023 isti
715 2003 832 2024 vocem

124 2051 223 2081 quain
251 2053 271 2073 a
302 2049 424 2073 natura
454 2048 662 2083 acceperant
690 2042 834 2082 virilem,

124 2091 306 2123 delicatam
325 2093 473 2123 reddunt
489 2103 528 2123 ac.
547 2092 748 2123 t'oemiueam.
775 2095 834 2125 Ca-

122 2141 253 2172 saub.—
261 2143 303 2172 Et
319 2146 435 2180 tenero,
451 2141 520 2182 εμπ]
544 2142 585 2172 Id
603 2148 668 2181 est,
683 2143 834 2174 Mollius·

124 2191 200 2222 cule
227 2198 264 2222 et
291 2191 523 2222 blandiuscule
547 2193 751 2232 pronunciat
777 2203 833 2233 pa-

125 2241 195 2272 lato
213 2246 343 2279 tenero,
367 2251 452 2272 voce
476 2242 582 2280 molli,
597 2247 632 2273 et
655 2243 703 2274 ita
728 2243 834 2275 verba

122 2299 286 2323 enervata
312 2293 420 2333 quasi,
446 2293 728 2332 pronunciatione
743 2292 833 2324 frau-

123 2343 184 2383 git,
200 2343 379 2382 subvertit,
392 2348 427 2374 et
444 2343 538 2384 quasi
557 2344 696 2374 mutatis
713 2354 833 2375 accen-

124 2392 215 2423 tibus
243 2392 411 2424 decurtat.
474 2394 532 2423 Est
560 2403 641 2433 ergo
668 2394 752 2424 mira
778 2394 833 2426 hic

122 2443 327 2483 metaphora
343 2443 377 2474 in
399 2445 590 2484 supplantat,
604 2444 710 2476 ducta
726 2455 746 2476 a
763 2447 833 2477 luc-

125 2498 173 2532 ta,
190 2494 223 2524 in
243 2504 307 2534 qna
332 2493 453 2525 fortior
480 2494 738 2527 imbecilliorem
757 2507 833 2538 sup-

124 2543 234 2582 posito
252 2545 339 2584 pede
354 2545 546 2584 supplantat,
575 2545 638 2576 hoc
662 2551 725 2583 est,
750 2547 833 2588 deji-

124 2593 183 2624 cit.
215 2594 579 2636 Lubin.——Supplantat‚
597 2597 667 2637 ssa]
701 2598 832 2629 Vocem

124 2643 313 2675 naturalem
340 2655 379 2676 ac
404 2646 578 2677 robustam
605 2651 679 2678 arte
703 2646 833 2688 frangit

125 2702 164 2724 ac
181 2694 380 2735 corrumpit.
425 2696 592 2734 Palestrae
618 2697 723 2729 verba
751 2703 831 2731 sunt

890 131 999 163 sA'r.
1032 132 1064 162 1.
1512 123 1598 164 203

888 227 1100 267 supplantare,
1135 226 1334 266 subnervare,
1370 225 1599 266 ὑποσκελίζειν,

889 277 1082 317 τερπνίζεινῑ
1119 289 1193 319 qnae
1213 282 1353 309 venuste
1371 277 1413 308 ad
1431 287 1472 308 ea
1498 277 1601 318 signi-

888 326 1020 358 ficanda
1056 328 1320 367 transferuntur,
1350 338 1424 370 quae
1454 337 1523 358 non
1555 338 1598 359 ex

890 388 971 409 vera
987 379 1114 410 virtute
1133 379 1231 410 fiunt.
1282 380 1383 411 Vei-lm
1398 381 1599 420 supplantare

887 429 992 467 palato
1020 435 1086 467 est,
1103 440 1167 460 non
1196 431 1282 461 bene
1309 441 1372 462 nec
1399 431 1498 471 plene
1521 430 1598 472 pro-

889 480 1058 517 nuntiare⁷
1075 480 1134 511 sed
1153 481 1301 512 molliter
1328 481 1442 521 palato
1465 481 1599 514 illidere

889 534 924 559 et
941 529 1142 568 iufrinoere,
1158 537 1193 561 ut
1212 531 1314 561 blaese
1342 537 1377 562 et
1401 531 1531 563 dulcius
1547 542 1600 563 so-

888 584 982 618 nent,
996 590 1062 611 non
1081 581 1234 612 viriliter.
1273 582 1404 614 (munh.
1448 582 1598 615 Turneb.

889 638 1023 661 xxvin.
1039 634 1093 662 26.

931 683 972 711 36
996 681 1183 721 Adsensere]
1200 683 1298 714 Dicit
1313 688 1428 715 autem
1445 684 1597 717 hocloco

887 731 961 768 riri,
984 733 1187 772 Emphatice
1215 738 1250 764 et
1273 734 1419 765 Ironire.
1466 735 1508 766 Id
1533 742 1598 776 est,

889 782 1011 813 Molles
1031 783 1203 815 auditores
1221 785 1469 817 adclamarunt.
1507 787 1597 818 vide

888 832 992 863 Mart.
1009 833 1072 873 Ep.
1090 836 1121 864 4.
1136 833 1194 864 lib.
1211 844 1236 865 1.
1252 835 1299 865 th.
1319 839 1348 866 1.
1383 837 1598 877 Exprimitur

887 888 1000 913 autem
1039 893 1162 923 magna
1208 885 1341 916 vanitas
1385 887 1596 918 adulantium

888 933 1104 963 convivarum
1123 939 1158 963 et
1174 934 1271 964 simul
1288 936 1472 966 eorundem
1489 937 1597 968 ebrie·

888 984 1091 1014 tas—Nunc
1107 984 1180 1025 non]
1214 986 1299 1017 Post
1326 987 1461 1018 illorum
1486 998 1599 1019 assen-

888 1034 1047 1073 tationes,
1064 1045 1104 1065 an
1122 1045 1188 1066 non
1207 1037 1255 1067 illi
1273 1042 1406 1068 mortuo
1424 1048 1499 1069 ossa
1515 1039 1597 1070 mol-

887 1084 965 1115 liter
979 1086 1159 1125 quiescunt
1174 1087 1238 1117 sub
1264 1088 1359 1118 tenui
1377 1094 1412 1118 et
1428 1089 1499 1120 sine
1515 1099 1599 1129 pon·

887 1134 967 1165 dere
983 1137 1096 1167 terra?
1131 1137 1279 1169 Ironice.
1316 1139 1596 1171 farma—Nunc

887 1195 958 1222 non,
973 1186 1042 1226 ‹ig-c]
1066 1186 1214 1218 Possunt
1232 1188 1319 1219 enim
1334 1190 1438 1220 verba
1454 1200 1598 1232 sequen-

888 1235 935 1266 tia
951 1235 1135 1276 dupliciter
1152 1238 1321 1279 intelligi:
1354 1240 1472 1271 Primo
1497 1241 1595 1281 quasi

888 1285 955 1316 siut
973 1287 1121 1317 auctoris
1137 1288 1244 1318 nostri
1262 1288 1440 1319 indecoras
1458 1290 1531 1320 illas
1543 1300 1598 1321 ac-

887 1335 1108 1367 clamationes
1138 1337 1346 1369 adulantium
1378 1340 1596 1371 convivarum

887 1387 974 1416 salse
1004 1387 1189 1418 irridentis.
1250 1389 1359 1421 Quasi
1389 1390 1504 1421 dicat:
1539 1391 1595 1422 An

887 1446 952 1466 non
973 1437 1080 1468 l‘oe'ta
1100 1438 1220 1469 beatus
1235 1438 1369 1470 futurus
1383 1441 1428 1471 sit
1446 1446 1498 1472 tot
1519 1451 1597 1473 con-

888 1487 1037 1517 vivarum
1062 1487 1162 1519 laude
1179 1494 1215 1519 et
1231 1490 1421 1529 applausu?
1455 1491 1595 1521 Deinde

887 1541 924 1567 ut
942 1537 1055 1576 potius
1073 1538 1141 1568 sint
1163 1539 1394 1577 convivarum,
1419 1540 1534 1579 inepte
1560 1545 1596 1571 et

887 1587 1029 1618 ridicule
1046 1594 1215 1619 ntortuum
1234 1589 1391 1626 Poetam,
1411 1591 1506 1629 cujus
1523 1600 1597 1622 ver-

887 1647 942 1667 sus
975 1638 1112 1669 recitati
1141 1645 1220 1669 sunt
1252 1649 1270 1669 a
1299 1639 1404 1670 nobili
1430 1640 1597 1680 Romano,

886 1686 1262 1730 laudantium—einh]
1286 1691 1452 1732 Reliqniae
1469 1696 1505 1722 et
1521 1701 1599 1722 ossa

886 1750 959 1780 qua>
972 1740 1004 1770 in
1015 1741 1107 1771 urnis
1121 1741 1277 1772 solebant
1288 1752 1362 1772 serv
1369 1742 1598 1782 ari—Poetae]

886 1790 942 1820 De
971 1790 1082 1821 Poeta
1110 1792 1221 1822 veteri
1250 1792 1478 1832 intelligenda
1507 1798 1599 1833 sunt,

887 1840 985 1879 cnjus
1002 1850 1120 1872 versus
1147 1841 1204 1873 ille
1231 1842 1369 1883 ineptus
1384 1843 1597 1875 declamator

888 1893 1058 1923 recitavit.
1104 1893 1219 1924 Lubin.

929 1945 970 1972 37
997 1943 1067 1973 Non
1084 1943 1192 1981 terior,
1208 1943 1276 1983 δῖα]
1301 1945 1353 1974 Ex
1370 1945 1595 1976 Ethnicorum

888 2000 971 2022 vana
988 1993 1229 2032 superstitione
1253 1993 1395 2033 dictum,
1410 1995 1466 2035 qui
1484 1995 1595 2027 levem

885 2042 1034 2081 humum,
1050 2048 1178 2074 terram
1195 2048 1230 2075 et
1246 2043 1394 2084 lapidem
1422 2046 1596 2086 sepulcra-

885 2093 951 2123 lem
988 2098 1196 2124 mortuorum
1235 2094 1433 2133 amicorum,
1471 2095 1596 2136 quibus

886 2142 973 2173 bene
1001 2144 1140 2182 vellent,
1165 2144 1320 2184 reliquiis
1345 2150 1381 2175 et
1409 2145 1597 2186 cineribus,

886 2194 1128 2234 precabantur.
1194 2195 1249 2225 Sic
1278 2195 1365 2225 dixit
1395 2196 1595 2228 Martialis:

884 2244 893 2258 ‘
910 2244 963 2274 Sit
982 2243 1044 2274 tibi
1060 2249 1152 2274 terra
1177 2244 1276 2281 levis,
1289 2245 1450 2285 mollique
1467 2247 1596 2286 tegaris

887 2294 1014 2325 arena!
1061 2294 1188 2324 Contra
1204 2299 1316 2324 autem
1345 2295 1399 2325 cui
1428 2296 1514 2326 male
1535 2297 1594 2327 im-

886 2349 1121 2383 precarentur,
1136 2350 1262 2375 terram
1287 2344 1511 2385 ponderosam
1535 2357 1594 2388 op-

886 2395 1017 2427 tabant.
1042 2395 1334 2437 LuhinfflLet-ior]
1368 2398 1492 2429 Ridere
1507 2399 1595 2430 libet

885 2451 1040 2477 veterum
1055 2447 1234 2477 stultitiam
1252 2448 1310 2488 qui
1327 2448 1513 2479 amicorum
1535 2448 1593 2479 de·

884 2495 1078 2528 functorum
1097 2497 1187 2527 urnis
1209 2497 1328 2537 cippos
1355 2505 1389 2527 et
1415 2499 1591 2529 columnas

885 2557 1003 2587 graves
1033 2553 1067 2578 et
1098 2557 1302 2579 marmoreas
1333 2558 1410 2579 cum
1441 2549 1592 2587 impone-

883 2603 971 2638 rent,
996 2598 1163 2639 optabant
1189 2604 1301 2628 tamt-n
1323 2598 1442 2628 iisdem
1465 2602 1591 2629 terram

882 2649 1005 2681 levem.
1040 2647 1352 2688 Casaub.—Cippus]
1386 2647 1532 2687 Proprie
1547 2649 1591 2678 la-

880 2699 944 2739 pis,
960 2699 1018 2740 qui
1043 2698 1078 2730 in
1105 2697 1260 2729 defuncti
1282 2697 1510 2729 monumentis
1524 2699 1589 2730 eri-
