1888 3032
223 113 281 152 40
733 125 779 156 A.
814 124 975 154 pensu
1012 125 1184 157 FLAccr

225 217 408 270 Pellere,
431 220 534 276 quin
555 221 752 274 tepidum
772 221 856 262 hoc
878 224 1004 274 optes
1024 220 1192 274 audire,
1216 227 1511 268 DECEN'I‘ER'?

283 286 370 328 Fur
390 302 450 337 es,
473 290 532 329 ait
555 289 705 329 Pedio.
770 288 935 330 Pedius
958 291 1097 344 quid‘?
1135 293 1314 335 crimina
1332 295 1445 336 rasis

227 354 380 395 Librat
402 358 441 396 in
465 357 707 398 antithetis:
743 357 898 399 doctas
919 361 1121 412 posuisse
1139 360 1301 413 figuras

224 421 473 464 Laudatur:
512 424 671 465 bellum
692 426 800 467 hoc:
835 427 918 468 h'oc
940 428 1130 469 bellum?
1162 442 1231 479 an,
1257 429 1461 481 Romule,
1481 430 1640 472 ceves?

221 501 389 540 periculum
406 513 423 529 a
439 502 539 540 capite
553 503 632 542 albo,
646 504 706 535 imo
720 506 825 545 cupias
839 507 1012 537 auscultare
1019 506 1180 545 frigidum
1196 508 1272 539 illud
1284 508 1438 547 verbum,
1452 506 1690 540 convenienter?

224 544 338 574 Proedo
360 554 401 580 κε,
427 545 525 584 inquit
544 547 640 576 Pedio
656 553 845 580 accusator.
892 550 1012 590 Ecquid
1028 551 1147 581 Pedius
1174 551 1384 591 respondet?
1432 551 1690 582 Criminationem

225 587 370 625 expendit
397 587 427 616 in
459 589 665 620 antithesibus
696 591 815 630 politis.
861 592 999 624 Erndita
1028 593 1203 624 adhibuisse
1231 595 1398 630 schemata,
1432 594 1516 625 laudi
1545 595 1689 625 vertitur.

225 628 395 660 Pulchrum
411 630 497 661 illud.
543 633 639 672 Illud,
654 633 714 673 ais,
726 635 889 675 pulchrum
905 640 956 666 est
970 637 981 667 ?
1004 636 1165 677 Numquid
1181 638 1314 678 turpiter
1326 638 1476 676 adularis,
1494 648 1513 668 o
1529 635 1690 670 Romane?

1630 295 1687 337 85

839 708 1073 719 eeeeeeeeeeee

224 734 349 767 center?
372 737 532 777 placebat
548 739 663 779 legere
678 742 844 781 trepidum,
873 743 961 783 quod
988 743 1130 773 verbum
1148 748 1200 774 est
1217 744 1353 775 Horatii
1377 749 1413 775 et
1436 744 1570 775 Persii:
1596 753 1690 784 pror-

225 788 281 809 sus
309 779 358 810 ita
381 780 508 812 dictum
527 784 691 822 superius.
717 786 857 822 ingentes
872 785 1030 826 trepidare
1060 786 1164 817 Titos.-
1189 787 1245 827 qui
1270 788 1363 818 locus
1389 787 1489 818 valde
1512 785 1692 818 confirmat

222 827 373 853 nostram
401 825 685 857 emendationem.
731 827 847 868 Atque
873 829 958 859 hanc
988 829 1172 860 lectionem
1204 830 1395 861 invenimus
1423 834 1621 861 annotatam
1654 829 1688 860 in

226 874 293 895 uno
322 875 437 897 eorum
465 874 620 900 veterum
638 870 806 909 codicum,
840 881 923 911 quos
949 881 967 902 a
992 872 1179 903 clarissimo
1196 872 1388 912 Bongarsio
1405 873 1545 913 accepi:
1573 881 1692 903 verum

226 911 342 939 tamen
359 914 394 940 et
422 910 508 941 liber
535 912 602 951 ille,
629 919 664 943 et
680 919 806 944 ceterae
824 923 938 944 omnes
958 915 1177 954 membranae,
1204 916 1325 956 quibus
1342 917 1393 946 usi
1410 925 1536 954 sumus,
1553 924 1693 947 consen-

226 950 318 982 tiunt
333 962 409 983 cum
427 954 590 992 vulgatis:
609 956 744 986 videtur
761 957 862 987 etiam
877 957 1035 988 Sidonius
1062 957 1275 998 Apollinaris
1293 959 1382 989 hunc
1400 959 1509 990 locum
1529 958 1692 996 imitatus,

224 998 263 1024 ut
294 1004 387 1035 saepe
410 996 507 1033 alios,
535 1008 611 1028 cum
644 999 767 1030 scribit
796 1000 830 1030 iu
861 1000 1015 1040 Epistola
1042 1001 1081 1031 ad
1112 1002 1272 1032 Faustum
1302 1002 1324 1033 l.
1353 1011 1405 1033 rx.
1429 1002 1438 1017 ‘
1458 1002 1624 1034 Quaenam
1639 1005 1694 1031 est

227 1036 385 1078 cuiquam
413 1040 547 1078 peritiae
576 1043 690 1072 cervix
722 1047 832 1081 tauta,
859 1044 959 1084 quive
990 1043 1154 1084 hydrops,
1185 1049 1223 1075 ut
1247 1045 1350 1075 etiam
1376 1044 1482 1085 tepida
1499 1049 1613 1075 vestra
1629 1053 1695 1074 non

225 1077 485 1113 ferventissimis
501 1083 655 1114 laudibus
674 1090 902 1126 persequatur
917 1086 939 1116 ?’
983 1087 1158 1117 Vocantur
1183 1092 1295 1118 auten]
1312 1088 1418 1128 tepida
1445 1088 1582 1118 Sidonio
1599 1087 1695 1117 dicta

226 1122 423 1161 mediocria,
440 1135 501 1156 nec
520 1127 636 1166 primae
654 1136 763 1166 notae;
798 1129 846 1158 ita
872 1129 925 1159 hic
956 1130 1031 1169 capi
1056 1140 1096 1159 ea
1126 1139 1193 1160 vox
1219 1134 1356 1170 potest:
1382 1135 1418 1161 ut
1433 1130 1475 1160 sit
1492 1130 1599 1161 audire
1615 1129 1694 1169 tepi-

225 1166 299 1195 dum
328 1167 470 1198 «lecenter
498 1169 585 1199 velle
614 1170 743 1201 laudari
769 1171 823 1201 vel
854 1171 989 1202 modica
1018 1173 1223 1204 laudatione.
1273 1172 1695 1213 Tepere,fervere,frigere,

227 1206 433 1247 frigefacere
448 1210 495 1241 sic
513 1221 603 1251 εει-μθ
618 1217 838 1254 usurpantur.
873 1215 1047 1246 Casaubon.
1079 1215 1247 1256 Equidem
1265 1217 1378 1246 malim
1389 1216 1545 1256 trepidum
1556 1216 1668 1255 legere
1684 1225 1693 1253 ;

228 1250 276 1281 ita
304 1255 341 1282 ut
367 1254 523 1293 trepidum
556 1256 699 1286 decenter
739 1256 910 1297 significet
934 1258 1203 1288 acclamationes
1238 1258 1409 1289 hominum
1438 1258 1695 1299 trepidantium,

228 1295 432 1336 patronique
461 1297 663 1337 orationem,
697 1299 739 1329 ad
770 1309 844 1330 suas
869 1309 966 1330 aures
993 1301 1230 1340 compositam,
1249 1311 1367 1340 parum
1385 1301 1603 1332 continenter
1618 1310 1695 1331 cum

229 1336 358 1367 laetitiae
376 1338 623 1378 significatione
639 1342 894 1382 excipientium.
942 1344 1208 1382 Koenigius.——-85
1234 1344 1352 1374 Malim
1371 1345 1488 1374 doctus.
1505 1343 1696 1383 JuvenaliS,

229 1381 238 1396 ⁶
255 1378 377 1411 doctus
417 1388 573 1422 spectare
600 1384 762 1416 lacunar!
803 1386 1084 1417 (amabam—57
1121 1386 1232 1417 bellum
1260 1387 1328 1427 hoc,
1357 1387 1411 1418 hoc
1442 1386 1576 1419 bellum?
1604 1386 1698 1418 Edit.

887 1445 1032 1476 NOTAE

271 1494 312 1523 84
338 1492 420 1527 Quin
437 1495 589 1535 tepidum]
628 1496 740 1527 Etiam
763 1507 839 1528 cum
856 1507 933 1528 reus
1032 1501 1074 1529 86
1096 1497 1223 1540 Liby-at]
1245 1499 1395 1530 Velutin
1413 1499 1584 1530 contrari-a
1598 1499 1696 1530 lance

228 1542 350 1583 capitis
367 1544 521 1584 periculo
543 1546 739 1577 liberandus
764 1547 934 1578 oratione·
988 1549 1133 1589 opponit
1160 1549 1454 1580 criminationibus
1478 1559 1544 1580 non
1574 1549 1699 1588 valida,

229 1602 293 1634 que
320 1594 426 1625 solida
450 1594 696 1637 defendendus,
720 1602 838 1637 captas
865 1599 934 1629 lau-
988 1604 1026 1630 ut
1041 1604 1226 1640 oporteret,
1254 1607 1468 1640 argumenta,
1498 1599 1556 1630 sed
1588 1608 1698 1630 meras

229 1644 306 1675 dem
324 1655 342 1675 e
359 1644 450 1676 futili
466 1647 648 1678 verborum
661 1649 817 1688 aucupio,
833 1659 934 1690 quam

227 1695 341 1735 potius
368 1706 448 1727 vera
479 1698 673 1739 eloquentia
700 1709 854 1740 quaerere
878 1700 935 1730 de-

228 1745 340 1777 bei-es.

271 1800 310 1828 85
336 1798 451 1839 Pedio]
486 1800 614 1832 Pedius
644 1802 765 1832 Blesus
792 1802 851 1833 sub
868 1802 936 1833 Ne-

229 1858 338 1880 ronea
353 1850 604 1890 Cyrenensibus
620 1857 801 1884 aecusatus
813 1857 866 1883 est
877 1855 934 1884 ex-

227 1899 351 1940 pilasse
372 1901 537 1942 templum
566 1903 762 1944 AEsculapii.
797 1904 932 1935 Cornel.

227 1951 341 1984 Tacit.
358 1952 482 1985 Annal.
499 1954 521 1985 l.
536 1964 610 1986 xlv.
635 1955 881 1997 damnatusque
899 1960 935 1987 et

227 2003 357 2035 Senatu
386 2009 500 2036 motus
532 2010 596 2036 est.
635 2006 782 2037 Ponitur
798 2007 852 2038 hie
873 2017 934 2047 pro

229 2054 382 2094 quolibet
409 2055 556 2088 Romani
583 2057 648 2088 fori
665 2063 801 2090 oratore
817 2062 852 2089 et
875 2068 934 2099 pa-

229 2108 340 2136 trono.

271 2155 389 2186 Pedius
403 2156 492 2196 quid]
531 2157 574 2187 Id
599 2161 661 2195 est,
689 2157 770 2199 quid
796 2167 934 2199 respon-

229 2204 300 2246 det,
317 2216 383 2248 qua
399 2209 530 2238 ratione
547 2213 701 2239 removet
722 2208 855 2240 illatum
870 2209 934 2240 sibi

228 2257 397 2297 sacrilegii
414 2258 562 2289 crimen?

272 2306 384 2347 Rasis]
408 2307 449 2338 Id
475 2313 539 2348 est,
557 2309 671 2350 politis
689 2314 724 2341 et
741 2310 936 2342 elaboratis.

230 2357 376 2389 Quintil.
393 2367 443 2388 lx.
460 2362 490 2389 3.
509 2359 542 2389 in
559 2360 633 2399 ipso
646 2360 724 2392 fine.
749 2361 757 2377 ‘
771 2361 838 2392 Ubi
855 2372 936 2393 vero

229 2407 425 2447 atrocitate,
452 2409 591 2449 invidia,
620 2411 837 2443 miseratione
855 2422 936 2453 pug-

229 2458 377 2489 nandum
399 2463 460 2499 est,
481 2460 554 2500 quis
572 2459 663 2490 ferat
679 2463 936 2502 contrapositi5‚

228 2513 266 2540 et
283 2508 409 2549 pariter
423 2509 681 2550 cadentibus,et
690 2511 935 2550 consimilibus,

229 2560 448 2600 irascentem,
463 2558 616 2599 flentem,
631 2562 828 2600 rogantem?
850 2562 935 2594 Cum

229 2610 263 2642 in
279 2608 330 2642 his
347 2620 430 2642 cura
443 2611 625 2642 verborum
647 2611 790 2652 deroget
810 2611 937 2643 affecti-

231 2661 292 2692 bus
305 2661 406 2692 fidem
422 2673 430 2701 ;
447 2666 483 2693 et
498 2661 700 2703 ubicumque
717 2672 770 2693 ars
790 2668 936 2695 ostenta-

232 2716 301 2754 tur,
318 2713 445 2747 veritas
461 2713 581 2749 abesse
598 2713 778 2746 videatur.'

989 1650 1170 1681 verborum
1203 1651 1441 1682 exornationes
1479 1655 1515 1682 et
1546 1650 1696 1690 figuras;

990 1700 1211 1740 periodorum
1251 1700 1429 1732 affectatos
1465 1711 1623 1732 numeros
1662 1706 1699 1733 et

990 1750 1087 1790 quasi
1120 1760 1301 1791 appensos,
1337 1752 1613 1791 homoeoteleuta,
1642 1752 1699 1782 ho-

989 1806 1190 1842 moeoptota,
1208 1802 1351 1841 Isocoia,
1369 1806 1434 1833 &a
1453 1801 1598 1833 fortasse
1621 1803 1700 1843 quia

991 1852 1056 1883 scit
1080 1853 1139 1883 hos
1156 1852 1314 1884 flosculus
1345 1864 1383 1885 ac
1416 1854 1591 1894 rhythmos
1610 1855 1699 1895 apud

989 1904 1163 1934 Neronem
1186 1904 1312 1943 valere,
1343 1904 1393 1935 his
1422 1914 1458 1935 se
1481 1909 1607 1936 tuetur.
1653 1905 1699 1935 D.

988 1953 1187 1995 Hieronym.
1229 1955 1341 1994 Epist.
1365 1954 1407 1985 ad
1433 1954 1699 1986 pammachium.

988 2004 997 2021 ⁴
1022 2005 1101 2036 Non
1119 2006 1225 2046 pudet
1248 2006 1460 2037 Christianos
1483 2010 1519 2036 et
1533 2005 1699 2036 Sacerdo-

989 2060 1041 2086 tes
1061 2056 1137 2095 Dei,
1160 2056 1255 2096 quasi
1270 2056 1311 2086 de
1327 2056 1427 2086 rebus
1454 2055 1593 2086 ludicris
1618 2065 1696 2096 aga-

989 2109 1057 2144 tur,
1074 2106 1186 2137 verbis
1200 2106 1308 2136 dubiis
1325 2106 1466 2142 haerere,
1478 2110 1511 2136 et
1523 2105 1697 2146 ambiguas

988 2155 1115 2186 librare
1131 2157 1328 2196 sententias,
1340 2156 1461 2197 quibus
1475 2157 1616 2198 loquens
1632 2166 1699 2188 ma-

990 2205 1041 2247 gis
1058 2216 1159 2247 quam
1178 2207 1318 2238 audiens
1330 2207 1528 2248 decipitur.'

1032 2258 1225 2300 Antithetis]
1270 2260 1402 2299 Latine,
1435 2259 1699 2300 Contrapositum,

993 2309 1120 2350 Figura
1138 2314 1191 2341 est
1208 2319 1270 2350 per
1294 2320 1394 2351 quam
1424 2309 1596 2340 contraria
1621 2318 1701 2339 con·

992 2361 1102 2391 trariis
1130 2361 1374 2402 respondentia
1397 2360 1431 2390 in
1460 2359 1614 2390 oratioue
1640 2368 1700 2399 po·

991 2418 1130 2442 nuutur.

1032 2462 1168 2501 Doctus]
1215 2463 1351 2502 Legunt
1388 2460 1456 2498 alii,
1495 2462 1627 2500 Doctus,
1664 2460 1698 2492 id

989 2516 1054 2550 est,
1081 2512 1211 2552 peritus
1241 2517 1276 2542 et
1297 2521 1420 2553 gnarus
1445 2511 1628 2543 adhibendi
1653 2517 1700 2543 ta·

989 2563 1040 2593 les
1058 2562 1184 2603 figuras
1215 2572 1235 2592 a
1260 2562 1388 2603 Gorgia
1417 2563 1566 2593 Rlietore
1582 2562 1698 2594 inven-

992 2616 1055 2644 tas.

1034 2665 1075 2694 87
1098 2664 1223 2694 Bellum
1245 2663 1315 2703 Ιιοε]
1350 2663 1516 2706 quuiunt
1542 2663 1619 2695 vani
1649 2663 1700 2695 illi

991 2714 1193 2757 scriptores,
1204 2715 1259 2746 vel
1271 2714 1478 2746 adulatores.
