1888 3032
307 96 394 141 130

306 204 489 247 Marcus
511 203 672 245 Darna.

309 339 489 381 Marcus
508 337 646 378 dixit:
679 336 742 378 ita
761 339 841 377 est.

815 101 859 134 A.
895 103 1058 135 PERsn
1094 105 1265 136 FLACCI

739 199 904 252 Papae!
937 197 1095 240 Marco
1115 199 1371 253 spondente,
1392 212 1572 242 recusas

307 272 493 314 Credere
514 275 561 312 tu
580 269 812 311 nummos?
846 265 1005 308 Marco
1028 267 1110 317 sub
1124 266 1275 321 judice
1296 268 1465 321 palles?

901 333 1113 387 Assigna,
1135 333 1303 384 Marce,
1324 336 1524 378 tabellas,

1715 267 1772 309 80

308 407 425 447 Haec
444 418 562 446 mera
577 406 754 446 libertas
773 418 782 445 :
813 404 896 445 hoc
917 403 1049 444 nobis
1070 403 1188 457 pilea
1208 401 1382 444 donant.

306 476 318 493 ‘
338 472 411 513 An
431 474 663 527 quisquam
682 476 748 513 est
768 472 882 513 alius
903 471 1027 521 liber,
1049 470 1137 511 nisi
1158 469 1317 510 ducere
1337 470 1475 510 vitam

306 607 430 649 Papoe!
466 609 576 640 Marco
596 610 783 649 satisdante,
798 613 833 641 tu
847 610 952 642 renuis
971 609 1164 641 committere
1175 606 1366 650 pecuniam?
1403 607 1504 639 Times
1517 606 1572 639 sub
1591 607 1699 638 Marco
1718 604 1771 645 ju-

305 649 399 683 dice?
432 653 560 683 Marcus
573 654 719 694 affirmat,
734 654 777 683 sic
792 663 823 684 se
838 663 887 684 res
902 653 990 684 habet
1003 665 1013 684 .·
1045 663 1065 684 o
1083 653 1204 690 BIarce,
1218 652 1333 683 tabulis
1351 650 1518 682 subscribe.
1564 651 1626 681 Illa
1640 653 1686 680 est
1700 658 1774 680 vera

306 694 453 726 libertas:
476 695 564 726 illam
579 696 665 727 nobis
681 697 820 727 concedit
834 697 944 737 pileuS.
987 697 1080 727 Estne
1095 695 1206 736 uliquis
1217 695 1298 726 alius
1312 694 1466 735 suijuris,
1479 696 1688 734 praeterquam
1705 692 1774 732 ille,

923 796 1038 808 oooooo

1042 796 1157 808 ‘‘‘‘‘

307 870 348 898 82
369 867 448 898 hanc
466 866 551 898 nobis
567 867 659 899 Edit.
676 868 796 909 Steph.
842 869 906 900 haec
923 868 1009 900 uobis
1025 869 1092 901 Ms.
1109 869 1150 900 R.
1195 867 1266 899 Hoc
1283 875 1398 900 omnes
1414 865 1533 905 scripti
1548 864 1688 904 habent,
1704 873 1771 895 non

306 911 392 940 hanc.
441 910 632 943 Casaubon.

967 1014 1106 1047 NOTAE

307 1097 391 1128 Cum
409 1097 555 1137 primum
579 1098 810 1139 apprehensus
836 1109 855 1130 a
878 1099 1014 1130 domino

308 1157 346 1178 ac
372 1151 503 1178 rotatus
523 1146 647 1179 fuerit:
684 1153 764 1188 post
781 1148 1016 1180 circumactio-

305 1206 381 1228 nem
400 1197 550 1238 aliosque
568 1198 652 1228 ritus
668 1198 852 1238 legitimos,
870 1202 1015 1238 repente

306 1247 345 1278 fit
362 1247 413 1278 sui
430 1247 735 1286 dominus‚hon0re
749 1248 871 1289 dignus
888 1252 924 1279 et
935 1247 1015 1288 fide,

306 1297 407 1328 immo
424 1301 460 1328 et
477 1307 651 1328 nnmerum
670 1308 792 1338 capax.

349 1350 392 1378 79
416 1347 526 1377 Marco
540 1347 718 1387 spondente]
764 1349 863 1388 Saepe
886 1348 1015 1387 repetit

305 1396 369 1427 hoc
406 1406 602 1437 praenomen
641 1397 820 1437 Satiricus,
856 1397 985 1429 ironice
1003 1409 1011 1429 2

306 1446 446 1488 quippe,
470 1451 508 1477 ut
532 1446 637 1477 habet
665 1447 788 1479 Horat.
823 1449 893 1481 Sat.
918 1457 958 1480 11.
981 1452 1013 1480 5.

306 1502 315 1515 ⁴
335 1497 464 1530 Quinte
493 1502 588 1538 puta,
617 1504 676 1530 aut
705 1499 821 1538 Publi,
847 1500 1015 1542 (gaudent

306 1547 514 1588 praenomine
527 1548 644 1579 molles
656 1548 874 1591 Auriculae).'
905 1551 1014 1582 Immo

306 1600 343 1627 et
366 1597 623 1628 admirationem
647 1599 811 1630 ironicam
831 1600 941 1639 addit,
957 1610 1014 1640 pa-

302 1645 376 1686 pae!
408 1647 491 1678 Tam
507 1647 594 1678 bono
617 1657 780 1688 sponsore
807 1659 846 1680 ac
873 1651 1013 1690 stipula-

306 1701 394 1735 tore‚
416 1706 457 1727 an
485 1707 618 1728 recusas
643 1699 821 1738 pecuniam
847 1699 1012 1731 credere?

306 1746 449 1778 Scilicet
461 1747 583 1778 Marco
596 1749 718 1779 Damae
734 1748 836 1780 fidem
853 1749 1008 1790 derogas!

308 1802 375 1828 acc.
880 1799 883 1802 ’

350 1850 392 1878 80
427 1848 539 1879 NIarco
561 1848 616 1879 sub
636 1847 747 1886 judice
767 1848 880 1889 palles]
929 1850 1014 1881 Cum

307 1897 352 1928 sit
369 1897 421 1929 vir
437 1899 577 1939 probus,
591 1904 626 1930 et
637 1899 752 1932 Judex
765 1899 1016 1941 integerrimus,

308 1953 346 1980 tu
361 1948 574 1980 nihilomiuus
596 1950 693 1980 times
719 1950 753 1980 in
773 1949 943 1990 judicium
958 1960 1015 1981 ve-

308 1999 405 2029 nire?
440 1999 565 2031 Obiter
592 1999 646 2031 hic
673 2000 858 2040 perstringi
873 2010 1012 2040 corrup-

308 2048 436 2080 tionem
473 2050 636 2081 Romanae
665 2050 890 2091 Reipublicae,
923 2051 1013 2090 apud

309 2109 409 2140 quarn
433 2099 563 2131 fiebant
585 2101 726 2133 Judices
752 2102 857 2132 etiam
882 2101 1013 2141 liberti,

307 2150 466 2182 observat
483 2151 712 2183 casaubonus.

351 2203 391 2232 81
417 2201 547 2232 Marcus
562 2201 662 2241 dixit]
697 2200 796 2233 Αὐτὸς
812 2199 883 2242 ἔφη,
907 2206 945 2234 ut
971 2202 1014 2234 de

308 2250 516 2291 Pythagora.

351 2301 501 2340 Assz'gua,
519 2303 638 2339 Marce,
655 2302 797 2343 tabellas]
828 2303 1015 2335 Subscribe

308 2352 343 2379 et
358 2349 454 2389 signa
474 2355 632 2391 tunquam
650 2353 747 2383 testis
761 2358 910 2394 rogatus.
946 2354 1015 2385 Sci-

308 2398 392 2430 licet
407 2400 498 2438 apud
514 2401 681 2432 Romanos
698 2402 815 2433 adesse
833 2408 1014 2434 testamen-

308 2448 354 2480 tis
372 2449 555 2489 oportebat
582 2454 618 2480 et
644 2451 857 2482 subscribere
885 2462 924 2482 ac
947 2453 1012 2491 sig-

309 2507 393 2530 nare
410 2505 514 2529 testes
535 2504 680 2539 septem,
702 2502 757 2540 qui
782 2501 873 2530 cives
897 2505 1013 2531 essent

312 2549 467 2590 Romani,
478 2554 513 2580 et
528 2550 688 2590 puberes.
734 2551 780 2580 Ut
796 2550 940 2581 liabetur
957 2551 1012 2582 lib.

312 2606 391 2630 xxx.
405 2599 607 2640 paragraph.
620 2603 648 2630 1.
662 2601 708 2630 D.
721 2599 764 2631 de
778 2601 1013 2632 Testamentis.

355 2654 397 2683 82
433 2652 515 2685 Hoec
543 2662 627 2685 mera
651 2652 793 2695 libertas]
842 2653 921 2686 Non
946 2655 1014 2686 alia

1068 1108 1149 1130 sane
1173 1102 1224 1130 est
1250 1098 1403 1138 libertas,
1419 1106 1519 1139 quam
1535 1105 1588 1135 ea,
1604 1104 1671 1136 qua
1692 1094 1776 1126 licet

1069 1159 1267 1190 praenomen
1294 1157 1476 1188 assumere,
1493 1157 1556 1188 pro
1580 1146 1645 1177 alio
1670 1145 1776 1185 stipu-

1068 1201 1142 1235 lari,
1154 1201 1393 1240 Magistratum
1411 1197 1568 1238 adipisci,
1579 1196 1678 1228 testis
1690 1204 1776 1235 esse,

1069 1255 1103 1281 et
1119 1250 1222 1281 fidem
1238 1250 1375 1290 habere,
1403 1260 1478 1290 quae
1494 1247 1606 1280 omnia
1622 1250 1701 1278 sunt
1717 1255 1775 1277 ne-

1070 1305 1147 1342 gata
1163 1301 1277 1331 servis.
1324 1300 1410 1331 Haec
1427 1299 1531 1330 etiam
1548 1297 1753 1329 Sarcastice.

1112 1352 1204 1382 Pilea
1217 1350 1349 1390 donant]
1388 1350 1484 1381 Servi
1500 1349 1590 1380 nudo
1607 1348 1721 1389 capite
1739 1353 1776 1379 et

1067 1402 1243 1443 promissis
1281 1401 1414 1442 capillis
1457 1399 1665 1431 incedebant
1682 1409 1691 1429 τ
1738 1402 1775 1431 at

1068 1462 1145 1484 cum
1179 1451 1518 1491 manumittebantur,
1540 1459 1617 1481 raso
1650 1448 1776 1489 capite,

1067 1503 1198 1543 insigne
1214 1502 1387 1534 libertatis
1412 1502 1538 1543 pileum
1559 1500 1776 1542 accipiebant

1067 1552 1103 1583 in
1118 1553 1261 1592 Templo
1277 1552 1430 1583 Feroniae
1460 1551 1646 1582 Libertatis
1673 1551 1773 1582 Deae.

1067 1604 1177 1643 Supra
1190 1603 1261 1634 Sat.
1279 1612 1335 1633 111.
1351 1605 1424 1634 106.
1446 1602 1454 1618 ‘
1473 1600 1636 1633 Hesterni
1657 1600 1774 1641 capite

1067 1653 1188 1684 induto
1203 1653 1337 1684 subiere
1349 1652 1524 1685 Quirites.’
1567 1652 1681 1683 Plaut.
1694 1651 1774 1683 Am-

1068 1704 1171 1743 phitr.
1198 1708 1263 1734 act.
1282 1713 1306 1733 ι.
1329 1713 1421 1734 scen.
1440 1706 1470 1733 1.
1499 1713 1545 1735 vs,
1560 1703 1622 1733 ult.
1645 1703 1654 1719 ‘
1670 1702 1774 1734 Faxit

1066 1753 1221 1794 Jupiter,
1261 1759 1300 1784 ut
1329 1763 1393 1793 ego
1421 1753 1521 1785 hodie
1551 1762 1629 1784 raso
1658 1753 1774 1793 capite

1065 1805 1182 1835 calvus
1208 1804 1339 1844 capiam
1364 1803 1515 1844 pileum.’
1560 1803 1644 1835 Coel.
1662 1802 1774 1835 Rhod.

1069 1863 1130 1885 xx.
1149 1857 1199 1886 12.
1224 1855 1273 1885 ait
1296 1864 1457 1885 excusam
1483 1864 1503 1885 a
1528 1855 1637 1885 Bruto
1661 1863 1775 1885 mone-

1068 1909 1149 1943 tam,
1173 1905 1205 1935 in
1230 1915 1296 1946 qua
1320 1905 1524 1945 pugionibus
1542 1904 1672 1936 duobus
1698 1908 1773 1936 erat

1067 1955 1244 1996 impositus
1260 1956 1389 1996 pileus:
1426 1955 1547 1996 quibus
1565 1954 1773 1995 significare-

1068 2010 1124 2036 tur
1152 2006 1325 2036 vindicata
1360 2005 1453 2036 ferro
1489 2005 1642 2037 libertas.
1703 2006 1772 2037 Tit.

1066 2056 1141 2086 Liv.
1168 2064 1300 2087 xxxiv.
1326 2058 1379 2087 52.
1413 2054 1692 2095 ‘Praebuerunt‚'
1720 2056 1772 2087 in·

1067 2106 1152 2146 quit,
1182 2106 1190 2122 ‘
1206 2105 1355 2145 speciem
1390 2105 1561 2145 triumpho
1599 2104 1771 2146 capitibus

1068 2155 1147 2186 rasis
1160 2155 1265 2186 secuti
1283 2155 1339 2196 qui
1355 2157 1522 2186 servitute
1548 2155 1677 2187 exemti
1700 2156 1771 2187 fue-

1067 2205 1166 2237 rant.'
1210 2206 1279 2237 Cur
1296 2209 1409 2236 autem
1422 2206 1702 2238 manumissorum
1719 2217 1772 2238 ca-

1068 2255 1141 2296 pita
1156 2255 1382 2286 raderentur?
1398 2257 1407 2272 ‘
1423 2256 1490 2288 Qui
1506 2256 1604 2287 liberi
1618 2255 1771 2296 fiebant,’

1067 2306 1176 2346 inquit
1191 2306 1336 2345 Nonius,
1358 2307 1366 2323 ‘
1384 2316 1426 2338 ea
1441 2317 1545 2338 causa.
1556 2307 1642 2339 calvi
1663 2312 1772 2348 erant,

1069 2356 1159 2397 quod
1197 2360 1438 2396 tempestatem
1473 2357 1648 2388 servitutis
1675 2356 1770 2388 vide-

1069 2406 1191 2437 bantur
1205 2405 1370 2448 effugere,
1386 2410 1422 2437 ut
1438 2405 1617 2446 naufragio
1632 2406 1770 2439 liberati

1065 2456 1201 2487 solent.'
1681 2476 1686 2480 Δ

1109 2508 1150 2536 83
1172 2507 1224 2536 An
1249 2505 1406 2545 quisquam
1426 2509 1471 2536 est
1496 2506 1575 2536 alius
1595 2506 1682 2546 liber,
1697 2506 1769 2547 ξω]

1067 2555 1179 2586 Etiam
1195 2556 1422 2595 argumentari
1438 2556 1540 2588 audet
1552 2557 1690 2589 Marcus
1704 2558 1770 2588 Da-

1067 2615 1134 2644 ma,
1151 2610 1188 2636 et
1201 2605 1394 2646 syllogismo
1410 2606 1556 2646 probare
1578 2608 1669 2650 quod
1681 2606 1769 2639 affir-

1066 2655 1171 2686 mavit
1186 2665 1193 2693 ;
1217 2656 1282 2687 hoec
1297 2665 1381 2686 nzera
1394 2655 1533 2689 libertus.
