1888 3032
739 142 922 181 SA'HRA
955 143 1019 172 VI.

1525 132 1607 174 167

151 238 397 281 Maeonides
419 237 608 290 Quintus
628 251 801 294 pavone
821 254 876 282 cx
901 240 1192 296 Pythagoreo,

152 307 243 348 Hic
265 320 344 360 ego
365 320 542 348 securus
562 308 696 361 vulgi,
716 313 758 348 et
777 308 882 362 quid
906 310 1126 361 praeparet
1146 306 1306 348 Auster

152 405 355 447 Pythagorae.
401 407 472 447 Ego
491 407 631 438 Persius
649 407 741 437 isthic
766 408 844 446 dego
871 417 930 438 non
956 407 1070 437 anxius
1096 416 1286 438 sermonum
1307 404 1406 446 plebis
1413 414 1425 442 ;
1448 408 1476 436 et
1501 415 1611 445 parum

812 492 951 524 NOTAE

151 555 270 596 Persio
288 561 407 588 notant
422 562 555 588 veteres
573 557 714 588 Glossae.

197 607 296 648 Enni]
331 607 463 643 Ennium,
487 607 614 647 Epicus
637 607 748 638 Po'e'ta
764 606 855 638 inter

151 657 293 688 Latinos
321 664 397 697 post
428 657 501 688 Liv.
535 656 768 688 Andronicum
800 667 855 688 ve-

151 708 369 745 tustissimus,
397 706 546 738 Annales
574 708 697 748 Populi
714 709 853 739 Romani

150 758 297 798 scripsit,
334 764 368 788 et
407 759 472 788 alia
509 759 676 799 quaedam,
713 768 853 799 quorum

150 806 345 848 fragmenta
369 807 538 838 duntaxat
562 814 756 848 supersunt.
814 809 854 840 In

151 857 261 888 Ennio
285 857 444 888 elucebat
468 858 642 897 ingenium
667 868 757 898 acre,
781 869 856 890 eru·

152 906 238 937 ditio
275 908 468 948 multiplex,
516 909 640 947 cultus,
677 909 855 946 modestia,

151 957 306 997 comitas,
323 957 485 999 probitas,
499 957 597 997 fides,
613 961 676 990 Sec.
717 960 761 990 Et
779 969 855 990 cum

152 1007 325 1046 triplicem
343 1006 489 1047 linguam
514 1009 667 1048 calleret,
685 1008 856 1048 Graecam,

153 1057 289 1097 Oscam,
306 1058 470 1098 Latinam,
497 1059 612 1089 dicere
637 1058 755 1089 solitus
782 1065 855 1090 erat

152 1108 219 1139 tria
237 1119 272 1140 se
294 1108 398 1140 corda
413 1109 550 1140 habere.
597 1110 758 1149 Crinitus,
775 1110 855 1140 Gel-

152 1157 228 1197 Ιίιιε,
258 1166 350 1190 xvn.
376 1161 428 1189 17.
454 1159 526 1189 Cic.
553 1159 655 1190 Tuse.
680 1160 810 1191 Qua-st.
834 1169 855 1191 1.

153 1219 245 1240 num.
263 1212 315 1241 34.
340 1210 560 1250 Epitaphium
590 1211 689 1241 Ennii
715 1211 757 1241 ab
784 1211 856 1251 ipso

152 1261 317 1301 scriptum
343 1260 466 1292 refert:
492 1261 684 1302 ‘Aspicite‚
710 1272 728 1292 ο
753 1262 858 1301 cives,

154 1311 244 1342 senis
275 1312 374 1343 Ennii
405 1312 554 1352 imagini’
583 1311 736 1343 formam.
790 1312 857 1342 Hic

154 1366 304 1392 vestrum
343 1362 462 1402 panxit
494 1363 641 1393 maxima
670 1362 763 1393 f'acta
800 1372 857 1402 pa-

154 1417 255 1442 trum.
302 1412 411 1442 Nemo
439 1421 490 1442 me
517 1412 676 1451 lacrymis
707 1412 858 1448 decoret,

154 1470 217 1492 nec
235 1460 355 1492 funera
381 1459 465 1491 fletu
490 1461 603 1500 Faxit,
628 1461 719 1491 Cur?
743 1461 857 1491 Volito

156 1512 246 1544 vivu'
270 1523 330 1553 per
348 1522 404 1543 ora
422 1511 551 1543 virum.’
599 1512 724 1542 Horat.
747 1512 856 1551 Epist.

152 1573 194 1595 11.
214 1567 243 1594 l.
264 1565 272 1580 ‘
286 1564 412 1594 Ennius
428 1568 464 1594 et
485 1563 630 1603 sapiens,
648 1568 682 1593 et
698 1562 808 1603 fortis,
824 1568 859 1593 et

154 1614 243 1645 alter
280 1614 461 1652 Homerus,
498 1613 547 1644 Ut
578 1612 691 1643 critici
728 1613 859 1652 dicunt,

154 1664 278 1696 leviter
294 1674 414 1696 curare
433 1663 569 1695 videtur
592 1664 668 1696 Quo
695 1665 861 1705 promissa

155 1715 290 1754 cadant,
308 1720 343 1746 et
360 1715 488 1746 somnia
504 1714 746 1755 Pythagorea!

202 1767 369 1806 Postquam
384 1766 563 1805 destertuit,
578 1764 647 1805 ξω]
692 1766 778 1796 Tum
795 1765 860 1796 hoc

153 1816 269 1857 jubet,
299 1826 375 1848 cum
408 1816 497 1856 sapit
526 1815 685 1854 maxime,
714 1819 749 1845 et
787 1825 862 1846 cum

157 1875 239 1897 vere
272 1871 325 1897 est
355 1867 503 1898 Quintus
536 1865 678 1904 Ennius,
703 1875 767 1896 nec
788 1866 862 1905 jam

159 1915 305 1947 somniat
331 1925 403 1946 esse
432 1924 467 1945 se
497 1915 695 1951 Homerum,
723 1923 782 1945 seu
807 1915 863 1945 ha-

158 1965 243 1996 bere
260 1975 295 1996 se
313 1965 458 1996 animam
476 1964 630 1995 Homeri.
674 1965 739 1995 Vel
761 1969 799 1995 ut
815 1964 865 1996 ait

157 2016 349 2055 Mamilius,
362 2015 472 2046 Persii
487 2025 580 2046 mens
597 2020 667 2046 est:
685 2019 863 2057 postquam

158 2065 341 2096 Annalium
358 2065 454 2096 initio
472 2065 602 2096 Ennius
615 2066 765 2096 narravit
782 2075 866 2097 som-

160 2115 253 2146 nium
271 2126 366 2146 suum
383 2117 425 2146 de
442 2120 632 2156 apparente
654 2116 718 2147 sibi
741 2117 866 2147 Home-

161 2173 210 2205 ro,
227 2170 262 2196 et
284 2165 475 2196 affirmante
499 2175 591 2196 suam
616 2167 695 2197 olim
721 2167 865 2197 animam

153 2216 226 2255 jam
243 2216 341 2246 Ennii
360 2225 448 2254 esse,
461 2217 526 2245 ἃς.
542 2219 612 2246 tum
629 2220 747 2255 portus
762 2217 865 2247 Lunae

162 2265 425 2306 descriptionem
443 2273 620 2305 aggressus
638 2264 739 2305 jubet
756 2270 867 2296 atten-

162 2315 257 2354 dere,
271 2316 332 2346 boc
347 2315 531 2354 versiculo,
547 2318 592 2346 est
607 2325 709 2355 operae
719 2317 868 2356 pretium,

160 2367 214 2405 ἔμ’.
239 2370 278 2397 ut
299 2375 414 2406 supra.
460 2365 539 2396 Huc
556 2366 708 2405 pertinet
726 2367 815 2407 quod
833 2366 867 2397 in

161 2416 311 2456 Prologo
328 2415 463 2456 scripsit
480 2415 631 2455 Persius,
647 2426 696 2447 vs.
712 2419 744 2447 2.

206 2469 247 2497 11
271 2465 458 2507 Moevnides]
498 2466 554 2497 Ita
569 2465 683 2497 dictus
700 2467 867 2498 Homerus

164 2516 220 2547 vel
237 2526 258 2550 a
280 2516 430 2547 Maeonia
453 2517 576 2557 patria,
600 2518 653 2548 vel
668 2517 760 2560 quod
776 2523 868 2550 esset

164 2565 308 2597 Maeonis
324 2566 425 2598 filius.

211 2614 361 2657 Quintus]
378 2616 476 2648 Ennii
489 2627 686 2659 praenomen
700 2622 765 2659 est,
777 2618 870 2660 quic-

167 2661 249 2708 quid
265 2665 382 2706 nugati
398 2665 465 2698 sint
491 2667 594 2710 aliqui
621 2668 664 2700 de
692 2668 811 2711 quinta
826 2669 869 2701 ab

910 557 1059 588 Homero
1081 557 1377 598 metempsychosi.
1409 557 1511 588 Turn.
1525 564 1613 586 xxx.

907 612 937 640 7.
954 609 1099 641 Casaub.
1116 609 1181 640 alii.

953 660 1078 690 parone
1093 670 1132 690 ex
1149 658 1365 700 Pythagoreo]
1383 659 1422 689 td
1437 662 1500 699 est,
1512 658 1614 689 Post-

910 721 1008 752 quam
1040 712 1169 742 Ennius
1208 710 1337 751 fingere
1376 710 1478 741 desiit
1508 709 1614 740 immi-

909 770 1024 801 grasse
1042 761 1075 791 in
1098 771 1133 792 se
1151 761 1296 792 animam
1323 761 1479 799 Homeri,
1505 771 1523 790 a
1549 769 1613 800 quo

909 812 964 843 illa
981 812 1013 842 in
1033 822 1212 853 pavonem,
1228 822 1267 842 ac
1284 812 1406 842 deinde
1424 812 1456 842 in
1487 812 1616 851 Pytha-

910 872 1044 903 goram3
1064 867 1183 902 postea
1201 872 1280 893 vero
1298 862 1330 892 in
1345 863 1490 893 Ennium
1505 866 1615 892 trans-

909 913 1011 943 iisset.
1076 913 1179 952 Diog.
1220 912 1334 943 Laert.
1379 913 1402 942 l.
1435 921 1515 942 vm.
1556 911 1616 951 ait,

911 963 1144 1003 Pythagoram
1173 962 1286 993 dicere
1313 961 1447 992 solitum
1473 961 1616 992 animam

911 1022 1004 1043 suam
1033 1012 1178 1053 primum
1205 1010 1309 1042 fuisse
1340 1011 1530 1048 AEthalidis,
1560 1011 1617 1052 qui

913 1063 1076 1094 Mercurii
1093 1062 1179 1093 filius
1193 1062 1327 1093 habitus
1345 1067 1407 1101 est,
1423 1061 1465 1092 ab
1490 1061 1618 1092 Eutha-

911 1113 978 1143 lide
1004 1114 1037 1144 in
1061 1112 1295 1153 Euphorbum,
1315 1112 1357 1142 ab
1381 1112 1445 1142 hoc
1469 1112 1503 1141 in
1530 1112 1617 1142 Her-

911 1163 1120 1202 mothimum,
1147 1167 1224 1202 post
1242 1162 1273 1192 in
1292 1161 1462 1201 Pyrrhum
1483 1162 1618 1192 Delium

912 1214 1127 1253 piscatorem,
1152 1212 1299 1253 denique
1326 1212 1359 1242 in
1388 1212 1617 1252 Pythagoram

913 1264 1184 1304 transmigrasse.
1246 1262 1348 1294 ovid.
1379 1263 1464 1293 Met.
1496 1271 1557 1293 xv.
1589 1265 1619 1293 3.

912 1314 1143 1354 Pythagoram
1175 1314 1223 1344 ita
1247 1314 1442 1354 loquentem
1473 1313 1617 1344 inducit.

912 1366 921 1381 ‘
945 1365 1025 1405 Ipse
1064 1375 1126 1406 ego
1162 1366 1255 1404 (nam
1293 1362 1445 1404 memini)
1480 1362 1620 1404 Trojani

914 1421 1069 1456 tempore
1093 1416 1173 1447 belli
1191 1414 1402 1447 Panthoides
1417 1414 1621 1455 Euphorbus

912 1466 1027 1505 eram,'
1045 1468 1111 1496 «Sco.
1136 1466 1274 1496 Persius
1290 1465 1344 1495 hic
1361 1465 1497 1495 deridet
1513 1465 1619 1494 aniles

913 1516 986 1546 illas
1002 1517 1177 1556 opiniones
1192 1516 1233 1546 de
1250 1514 1538 1555 metempsychosi
1552 1514 1622 1554 Py-

913 1567 1100 1607 thagorica.
1161 1565 1263 1599 Quod
1295 1570 1330 1596 et
1365 1564 1451 1596 fecit
1479 1564 1622 1596 Tertull.

915 1617 992 1647 Lib.
1011 1617 1052 1647 de
1072 1617 1207 1655 Anima,
1234 1625 1312 1656 cap.
1328 1617 1381 1646 24.
1404 1619 1525 1654 etseq.
1544 1624 1622 1654 cap.

917 1675 995 1696 vero
1012 1669 1064 1696 33.
1091 1666 1138 1696 sic
1164 1665 1286 1696 habet:
1313 1666 1321 1681 ‘
1339 1674 1462 1704 pavum
1489 1673 1524 1694 se
1553 1673 1623 1694 me·

915 1717 1013 1747 minit
1031 1716 1201 1747 Homerus
1216 1715 1325 1746 Ennio
1339 1715 1547 1745 somniante:
1563 1713 1623 1745 sed

917 1767 1036 1798 Po'e'tis
1060 1777 1122 1798 nec
1139 1766 1359 1807 vigilantibus
1382 1765 1542 1804 credams
1558 1766 1623 1795 διε.

918 1818 963 1848 Et
989 1827 1066 1858 cap.
1088 1820 1141 1848 34.
1166 1817 1229 1847 ‘In
1261 1824 1392 1856 pavone
1423 1814 1625 1845 tunderetur

919 1869 1103 1907 Homerus,
1118 1868 1205 1899 sicut
1220 1868 1253 1898 in
1267 1867 1461 1908 Pythagora
1473 1866 1626 1906 Euphor-

917 1918 1004 1949 bus!
1064 1919 1161 1949 Idem
1199 1917 1443 1953 Tertullianus,
1473 1915 1551 1947 Lib.
1583 1915 1625 1946 de

919 1968 1116 2000 Resurrect.
1131 1968 1253 2005 carnis,
1269 1977 1343 2007 cap.
1358 1969 1388 1997 1.
1407 1975 1497 1996 uum.
1514 1968 1545 1996 7.
1562 1967 1571 1984 ‘
1588 1970 1626 1996 ut

919 2020 953 2050 in
975 2019 1206 2060 Pythagoram
1221 2018 1437 2060 Euphorbus,
1455 2016 1625 2049 Homerus

919 2070 952 2100 in
974 2080 1095 2110 pavum
1114 2061 1380 2101 recenseantur!
1427 2067 1567 2098 Pariter
1588 2068 1624 2099 S.

921 2121 1062 2153 Hieron.
1077 2121 1189 2161 Apoll.
1202 2129 1257 2151 111.
1273 2119 1430 2150 adversus
1443 2116 1626 2156 Ruffinum,

921 2171 1021 2211 paulo
1057 2175 1135 2202 ante
1166 2170 1278 2201 finem.
1339 2170 1385 2200 Et
1424 2167 1625 2199 Lactantius

920 2221 1120 2259 Firmianus,
1134 2230 1190 2252 111.
1209 2223 1260 2251 18.
1285 2224 1321 2250 et
1336 2228 1404 2250 vn.
1422 2221 1475 2250 23.
1500 2217 1558 2248 ubi
1579 2217 1626 2249 sic

920 2270 986 2301 ait:
1012 2271 1021 2287 ‘
1036 2270 1250 2310 Pythagoras
1272 2269 1417 2299 transire
1441 2268 1568 2298 animas
1593 2267 1628 2298 in

921 2329 1008 2350 nova
1031 2329 1175 2360 corpora
1197 2318 1396 2360 disputavit,
1411 2317 1469 2349 sed
1486 2317 1624 2358 inepte:

920 2374 999 2400 —et
1024 2370 1170 2410 seipsum
1193 2379 1235 2400 ex
1251 2368 1436 2410 Euphorbo
1453 2367 1559 2400 fuisse
1574 2378 1624 2400 rc-

921 2419 1100 2461 paratum!

965 2474 1005 2502 12
1026 2471 1092 2502 Hic
1105 2470 1178 2511 ego]
1202 2470 1243 2502 Iu
1260 2474 1362 2512 portu
1378 2470 1484 2501 Lunae
1500 2477 1628 2508 versor,

921 2526 960 2553 ut
968 2521 1041 2562 jam
1058 2521 1200 2554 dictum.
1245 2520 1380 2552 Securus
1393 2519 1490 2559 vulgi,
1506 2527 1626 2558 parum

923 2582 1046 2603 curans
1070 2581 1222 2603 rumores
1247 2570 1449 2612 populares;
1473 2566 1627 2607 procula

923 2623 1056 2664 vulgari
1073 2623 1233 2663 strepitu,
1252 2625 1288 2652 et
1304 2619 1497 2650 ambitione.

968 2673 1015 2705 Et
1030 2672 1106 2715 quid
1119 2673 1277 2713 praeparet
1290 2666 1423 2708 Auster]
1439 2665 1528 2699 Quid
1542 2674 1626 2697 mor-
