1888 3032
732 147 912 178 SATIRA
944 149 990 178 V.

1495 139 1580 180 153

126 241 335 294 Cognatis
349 242 368 281 't
401 253 455 281 an
474 253 562 282 rem
581 242 768 295 patriam
788 256 958 284 rumore
976 242 1152 285 sinistro

124 308 273 349 Limen
293 308 349 348 ad
369 309 625 350 obscoenum
643 310 848 363 stangam,
866 312 969 352 dum
989 310 1217 365 Chrysidis
1236 310 1346 352 udas

1493 312 1578 353 165

121 374 280 416 Ebrius
301 380 398 416 ante
418 376 539 416 fores
554 377 750 418 extincta
770 390 870 417 cum
888 378 984 418 face
1006 379 1162 419 canto?

117 518 352 557 consanguineis
364 519 439 550 meis
452 516 586 550 sobriis?
624 519 782 559 Numquid
792 519 1013 559 patrimonium
1026 520 1137 550 elidam
1151 521 1190 550 ad
1204 523 1324 560 portam
1338 520 1503 562 impuram,
1515 531 1579 551 ma·

116 559 254 601 Iasama,
272 563 389 601 quando
411 572 466 601 ego
486 563 668 593 temulentus
688 572 764 592 cano
788 566 859 592 ante
880 562 1037 592 humidam
1062 563 1228 604 Chrysidis
1247 564 1392 604 januam,
1415 565 1498 594 toeda
1525 573 1579 596 ex·

733 644 848 656 eeeeee

851 645 966 656 oooooo

120 700 178 729 165
217 698 311 734 odas;
343 697 403 729 sed
426 697 509 729 Mss.
534 698 663 730 habent
688 701 764 730 udas
798 709 860 741 pro
893 710 923 732 v.
951 701 974 732 l.
993 711 1069 732 cum
1095 702 1196 742 gloss.
1223 702 1378 734 inunctas.
1417 702 1484 733 ΜΞ.
1502 700 1580 732 Gal.

783 785 924 818 NOTAE

115 847 205 878 siccis
237 848 360 888 posuit,
390 858 453 889 pro
490 849 603 881 sobriis
632 855 668 882 et
693 850 821 890 jejunis.

116 898 244 930 Tullius
262 899 391 939 pariter
406 900 562 931 horridam
579 904 610 932 et
625 900 747 932 aridam
765 910 822 932 vo-

118 953 173 980 cat
191 949 294 980 vitam
310 950 454 981 hominis
469 950 609 991 frugalis
623 963 631 990 ;
645 961 706 992 pro
719 952 824 984 Quin-

119 1000 178 1040 tio,
194 1009 283 1032 num.
296 1004 350 1032 93.
374 1001 464 1033 Item
479 1002 577 1034 Sexti
593 1003 706 1034 Roscii
723 1002 824 1034 Ame—

117 1050 181 1080 rini
196 1050 319 1091 probat
334 1051 576 1093 innocentiam,
592 1062 610 1083 e
625 1052 708 1083 victu
720 1053 820 1084 arido.

120 1110 152 1132 n.
168 1103 223 1133 75.

162 1153 223 1182 164
248 1151 328 1183 Rem
351 1153 490 1193 patriam
508 1153 677 1193 frangam]
709 1154 824 1185 Patri-

118 1201 265 1232 monium
295 1202 477 1243 dilapidem
509 1211 545 1235 et
584 1202 755 1236 effundam
791 1206 824 1236 in

115 1251 328 1283 meretricios
345 1263 486 1286 amores.
515 1254 616 1288 Quod
642 1259 823 1295 expatrare,

117 1301 284 1333 vocabulo
313 1313 393 1335 sane
422 1304 744 1345 significantissimo,
772 1316 828 1337 vo-

119 1357 174 1384 cat
191 1353 343 1385 Catullus
360 1355 531 1396 Epigram.
548 1364 637 1387 xxx.
654 1356 687 1386 in
714 1357 826 1388 Caesa·

119 1412 201 1434 rem.
224 1404 233 1420 ‘
248 1403 303 1435 An
317 1405 389 1435 liaec
406 1406 544 1436 sinistra
562 1406 746 1437 liberalitas
762 1408 827 1437 Pa-

120 1462 193 1483 rum
209 1455 427 1494 expatravit?
452 1455 507 1486 An
520 1464 639 1495 parum
657 1456 826 1487 helluatus

120 1503 175 1534 es?
214 1504 363 1536 Paterna
394 1506 539 1546 primum
563 1507 734 1537 lancinata
749 1511 828 1538 sunt

120 1554 231 1594 bona‚'
256 1557 321 1587 &m
359 1555 444 1586 Hor.
464 1557 536 1588 Sat.
564 1567 588 1588 1.
606 1560 636 1588 2.
668 1559 677 1574 ‘
696 1558 827 1589 Bonam

120 1604 310 1645 deperdere
335 1604 469 1645 famam,
500 1607 587 1638 Rem
614 1607 721 1648 patris
746 1608 829 1639 obli-

120 1664 212 1687 mare
227 1656 350 1687 malum
366 1656 440 1695 est,'
455 1659 520 1688 διε.

163 1704 300 1736 Rumore
329 1706 473 1746 sinistro]
509 1706 577 1739 Qui
602 1707 674 1747 jam
702 1707 743 1739 de
773 1717 826 1739 me

119 1755 290 1795 spargitur
305 1760 342 1787 et
359 1757 449 1788 volat
463 1767 470 1787 :
496 1766 700 1798 quanquam,
716 1763 754 1788 ut
770 1758 826 1789 ha-

121 1805 179 1836 bet
196 1805 351 1845 Ovidius,
374 1808 383 1824 ‘
399 1808 524 1848 Turpis
541 1818 635 1839 amor
648 1809 758 1840 surdis
773 1819 829 1840 au-

121 1854 210 1885 ribus
225 1864 300 1886 esse
314 1855 428 1888 solet.'

167 1906 227 1935 165
250 1905 362 1936 Limen
376 1907 416 1936 ad
440 1906 624 1947 obscoenum]
662 1906 753 1938 Ante
778 1907 828 1939 fo-

123 1963 187 1994 res,
204 1955 257 1986 vel
273 1955 306 1986 in
323 1955 420 1987 domo
437 1956 578 1997 impurae
599 1961 634 1988 et
648 1955 827 1998 flagitiosae

121 2005 283 2046 mulieris,
301 2006 343 2038 ad
361 2017 462 2048 quam
480 2008 573 2038 velut
587 2008 629 2038 ad
653 2009 829 2049 scopulum

123 2055 262 2096 frangor
293 2061 329 2087 et
355 2057 490 2095 illid0r3
527 2062 562 2088 et
592 2068 668 2088 mea
696 2068 829 2089 mecum

125 2104 359 2145 deperduntur
389 2107 490 2147 bona,
527 2106 690 2148 fortunae,
730 2107 831 2150 fama,

126 2160 192 2186 &c-

171 2205 366 2246 Obscoenum]
399 2207 477 2237 Vox
504 2216 523 2238 a
548 2218 631 2239 coeno
657 2208 762 2249 facta,
793 2215 831 2241 ut

125 2256 242 2287 volunt
259 2257 383 2298 aliqui:
417 2262 454 2288 at
468 2257 578 2288 Varro
605 2267 625 2288 a
649 2268 750 2298 scena,
774 2259 833 2290 ubi

125 2307 241 2347 turpia
263 2308 389 2348 quaevis
417 2307 590 2348 dicuntur,
615 2308 717 2339 trahit
735 2309 834 2349 origi-

121 2368 200 2389 nem
219 2369 226 2390 :
258 2359 315 2390 alii
332 2359 373 2390 ab
391 2359 491 2390 Oscis
519 2359 654 2399 populis
672 2359 780 2390 Italiae
799 2359 832 2389 in

126 2408 324 2448 Campania,
341 2409 433 2449 turpi
450 2407 590 2439 libidine
607 2413 642 2439 et
667 2409 833 2450 spurcitia

125 2456 274 2489 famosis.

173 2508 350 2549 Chrysidis]
385 2509 567 2540 Famosum
581 2513 656 2539 erat
671 2515 832 2549 scortum,

127 2558 225 2598 cujus
238 2564 292 2590 est
306 2559 436 2590 mentio
452 2559 543 2600 apud
562 2559 686 2592 Athen.
700 2569 782 2592 xnl.
798 2564 830 2593 3.

127 2606 236 2638 Porro
249 2617 371 2640 nomen
396 2609 439 2640 ab
461 2619 554 2649 auro,
569 2608 659 2641 forte.
675 2611 718 2641 ob
731 2611 830 2651 posci-

127 2657 266 2686 nummia
292 2659 395 2689 oscula
423 2660 651 2700 meretricum,
667 2661 757 2702 quod
781 2661 830 2693 ait

129 2706 294 2746 Apuleius
313 2708 335 2740 l.
351 2716 387 2739 x.
410 2709 453 2740 de
466 2709 570 2741 Asino
586 2719 699 2742 aureo.

921 853 983 881 166
1006 850 1137 890 Ebrius]
1178 850 1390 881 Comessatio
1428 850 1584 890 sequitur

877 901 1016 940 epulas;
1058 901 1217 932 Cererem
1246 905 1282 931 et
1311 900 1485 931 Bacchum
1517 900 1585 931 Ve-

877 960 952 981 nus.

925 1001 1012 1031 Udas
1026 1004 1100 1032 ante
1115 1001 1218 1040 fores]
1244 1001 1310 1032 Seu
1325 1000 1485 1040 lacrymis
1499 1011 1507 1037 3
1524 1009 1583 1030 seu

878 1056 1066 1092 unguento,
1083 1062 1125 1083 ex
1142 1062 1235 1083 more
1253 1052 1456 1083 amantium:
1476 1057 1515 1083 ut
1528 1061 1587 1081 no.

879 1106 931 1132 tat
962 1106 1060 1132 vetus
1089 1102 1201 1133 Schol.
1226 1102 1281 1132 vel
1311 1101 1413 1132 etiam
1437 1101 1526 1141 vino,
1548 1105 1586 1132 ut

880 1152 1014 1183 abunde
1031 1153 1156 1193 probat
1180 1152 1296 1183 Plaut.
1325 1152 1460 1184 Curcul.
1488 1160 1535 1182 sc.
1553 1155 1585 1183 1.

881 1207 916 1233 et
932 1205 962 1233 2.
982 1202 1039 1233 ubi
1053 1203 1138 1234 lenae
1155 1201 1245 1233 fores
1262 1201 1339 1232 vino
1362 1206 1492 1232 amator
1508 1210 1586 1232 con·

881 1252 1024 1293 spergit,
1054 1257 1090 1284 et
1121 1252 1224 1283 odore
1249 1252 1317 1282 vini
1334 1252 1449 1283 illecta
1465 1252 1523 1282 illa
1533 1252 1586 1292 ja·

879 1311 980 1332 nuam
1003 1302 1134 1342 pandit,
1157 1307 1189 1333 et
1216 1302 1331 1342 prodit
1353 1300 1456 1341 foras,
1474 1311 1588 1332 aman-

880 1353 973 1393 tique
985 1352 1214 1384 abblanditur.
1260 1352 1438 1392 interpres
1451 1361 1586 1393 quoqne

881 1402 1122 1443 Aristophanis
1147 1403 1181 1433 in
1212 1403 1365 1442 Plutum,
1385 1403 1432 1433 ait
1448 1402 1586 1434 Laidem

883 1463 902 1483 a
929 1454 1045 1484 multis
1086 1454 1280 1485 adamatam
1315 1454 1493 1494 Thessalis,
1529 1454 1586 1495 qui

882 1512 952 1542 prae
970 1513 1083 1533 amore
1101 1503 1303 1534 vestibulum
1321 1504 1395 1543 ejus
1411 1504 1489 1534 vino
1512 1503 1589 1534 irri-

882 1552 1018 1592 gabant.
1066 1554 1194 1584 Parum
1211 1553 1252 1583 ad
1270 1563 1342 1584 rem
1359 1557 1412 1583 est
1433 1553 1521 1594 quod
1537 1552 1587 1584 af-

882 1601 951 1633 fert
980 1612 1162 1642 nonnemo,
1193 1603 1308 1634 solitos
1325 1613 1412 1644 aqua
1429 1602 1588 1643 perfundi

877 1652 991 1692 januae
1009 1653 1162 1684 cardines
1178 1663 1197 1684 a
1221 1654 1428 1693 mulieribus,
1457 1653 1498 1684 ad
1526 1653 1586 1684 fal-

881 1702 996 1733 lendos
1018 1703 1178 1741 maritos;
1209 1703 1346 1744 Chrysis
1363 1704 1449 1734 enin»
1468 1704 1588 1734 marita

881 1763 947 1784 non
962 1759 1047 1785 erat.
1093 1754 1219 1785 Melius
1233 1752 1390 1793 fortasse,
1405 1764 1447 1785 ne
1464 1754 1588 1794 strepi-

884 1808 954 1833 tum
970 1803 1089 1834 ederet
1105 1808 1226 1843 aperta
1238 1805 1358 1844 Janua‚
1381 1811 1416 1835 et
1433 1814 1452 1834 a
1466 1805 1589 1835 vicinis

883 1853 1070 1884 audiretur.
1116 1854 1206 1885 Nam
1241 1853 1332 1893 apud
1359 1853 1474 1885 Plaut.
1510 1854 1587 1885 loco

882 1914 961 1934 mox
977 1904 1083 1935 citato
1105 1904 1304 1934 adolescens
1332 1903 1448 1935 laudat
1470 1906 1479 1920 ‘
1496 1903 1587 1934 aedes

883 1952 1099 1984 festivissime
1134 1953 1292 1994 apertas,'
1327 1953 1448 1994 quibus
1487 1956 1496 1971 ‘
1523 1963 1588 1985 nec

883 2005 984 2035 mutit
1019 2004 1121 2035 cardo
1143 2004 1164 2035 :'
1199 2004 1278 2034 dein
1317 2003 1420 2043 jubet
1462 2013 1586 2035 servo:

883 2054 892 2070 ‘
909 2058 1004 2092 tace3
1030 2055 1240 2085 occultemus
1257 2054 1370 2084 lumen
1394 2057 1429 2084 et
1444 2052 1588 2084 vocem.’

928 2104 1082 2134 Extincto
1097 2114 1166 2134 cum
1177 2103 1251 2142 face
1268 2103 1372 2143 canto]
1404 2103 1489 2134 Cum
1514 2113 1590 2144 per·

883 2158 1048 2185 venerant
1075 2159 1243 2184 amatores
1275 2153 1317 2183 ad
1346 2152 1436 2183 aedes
1468 2154 1589 2184 amica-

884 2214 970 2243 rum,
994 2203 1105 2235 facem
1129 2203 1387 2244 extinguebant,
1411 2213 1453 2233 ne
1470 2211 1592 2243 agnos-

885 2259 1068 2290 cerentur3
1111 2258 1147 2284 et
1186 2258 1264 2283 ante
1297 2253 1451 2292 januam,
1487 2258 1591 2284 nocte

885 2314 976 2344 saepe
989 2304 1134 2343 integra,
1161 2302 1324 2333 amatoria
1351 2302 1501 2333 carmina
1512 2312 1591 2334 can-

887 2354 1017 2385 tabant.
1063 2353 1308 2391 PlautuS,loco
1321 2352 1438 2384 citato.
1464 2352 1589 2385 Horat.

885 2405 956 2436 Sat.
971 2414 995 2435 1.
1013 2407 1046 2436 4.
1091 2405 1100 2421 ‘
1117 2404 1249 2442 Ebrius,
1264 2407 1298 2434 et
1312 2402 1484 2444 (magnum
1501 2403 1590 2444 quod

886 2454 1052 2496 dedecus)
1077 2453 1226 2485 ambulet
1241 2458 1320 2483 ante
1338 2453 1496 2491 Noctem,
1512 2462 1589 2482 cum

884 2504 1039 2536 facibus.'
1083 2504 1183 2537 Quod
1211 2513 1293 2534 vero
1328 2503 1503 2534 Marcilius
1533 2511 1590 2532 ex-

885 2555 1028 2586 tinctam
1057 2553 1168 2585 facem
1194 2554 1267 2584 vult
1291 2563 1364 2583 esse
1384 2553 1514 2592 signum
1531 2560 1590 2582 ex-

885 2604 1058 2643 clusionis,
1074 2604 1212 2634 videtur
1232 2603 1286 2633 hic
1311 2611 1376 2631 non
1401 2601 1525 2630 habere
1543 2600 1593 2630 lo«

883 2665 973 2694 cum,
998 2659 1037 2685 ut
1058 2654 1086 2684 si
1116 2653 1227 2684 facem
1254 2651 1441 2691 projectam
1457 2655 1517 2680 aut
1533 2650 1590 2690 ja-

883 2710 1017 2735 centem
1033 2703 1172 2734 Persius
1197 2701 1352 2738 dixisset,
1374 2698 1589 2739 quemadmo-
