1888 3032
262 116 343 157 150

768 129 813 157 A.
848 129 1010 158 PERSH
1046 130 1217 162 FLACCI

320 219 385 259 En
406 221 509 273 quid
529 222 622 273 agis
637 223 655 260 Ί
689 221 855 276 duplici
877 223 921 264 in
941 223 1161 266 diversum
1183 228 1391 271 scinderis
1412 231 1564 271 hamo:

261 285 493 328 Hunccine
516 301 569 328 an
590 289 701 329 hunc
723 292 952 344 sequeris?
986 294 1148 334 subeas
1171 295 1363 336 alternus
1386 302 1560 351 oportet

1632 298 1717 339 155

259 352 454 406 Ancipiti
476 354 691 408 obsequio
711 355 909 398 dominos
927 371 938 410 3
970 360 1160 401 alternus
1183 362 1373 405 oberres,

258 509 342 537 quor,
358 501 468 532 exinde
483 505 540 533 cst.
589 504 667 535 Ecce
681 506 754 546 quid
768 506 879 544 facis?
902 509 1006 540 Hamo
1030 511 1153 548 gemino
1176 511 1361 542 distraheris
1383 512 1414 542 in
1438 513 1574 543 diversas
1590 517 1716 553 partes·

257 543 306 572 ,1η
323 542 408 574 illum
421 545 600 587 sectaberis,
616 558 655 578 an
672 548 764 579 istum
776 548 791 581 ζ)
825 551 956 582 Necesse
981 556 1026 583 est
1045 558 1081 584 ut
1104 554 1258 591 subjaceas
1274 555 1405 585 duobus
1423 556 1553 586 (luminis
1569 556 1715 595 ricissim,

868 645 983 655 oooooo

987 646 1102 658 ‘‘‘‘‘‘

756 728 815 756 155
842 727 982 759 Haecine
1001 729 1092 760 Edit,
1112 730 1230 770 steph.

916 815 947 845 N
954 815 1055 846 OTAE

298 869 379 909 Hoc,
395 873 472 911 quud
487 873 602 914 loquor,
618 874 689 905 imle
704 875 764 916 est]
781 877 957 917 Temporis

255 925 287 949 et
307 921 385 951 vitae
409 921 570 962 fugientis
593 930 723 964 partem
741 927 843 958 etiam
861 928 958 959 absu-

253 981 308 1001 mo
325 972 470 1012 aliquam
488 974 657 1014 loquendo
676 981 798 1009 tecum.
832 978 955 1009 Horat.

255 1020 323 1051 Od.
353 1031 376 1053 1.
405 1025 456 1053 11.
482 1024 593 1055 ‘Dum
622 1026 802 1067 loquimur,
829 1027 956 1068 fugerit

253 1070 368 1101 invida
397 1072 511 1104 AEras:
552 1085 654 1115 carpe
685 1076 797 1107 diem!
854 1080 955 1109 Laeva

253 1121 389 1158 paulum
407 1132 501 1153 mens
519 1130 593 1155 erat
610 1126 784 1165 Turnebo,
801 1138 874 1158 cum
893 1138 954 1160 xx.

258 1174 283 1200 1.
318 1171 405 1203 hunc
436 1174 547 1206 locum
579 1176 627 1207 sic
664 1178 849 1218 intellexit3
885 1181 955 1220 quia

253 1222 334 1260 perit
359 1224 467 1255 sensim
486 1226 563 1265 rita,
580 1227 650 1258 inde
674 1228 732 1259 tibi
748 1230 854 1269 loquor
875 1234 909 1261 ut
926 1234 956 1261 te

254 1282 391 1304 moneam
408 1275 593 1317 ιῘιιῖηῑαηημιε
609 1289 732 1319 carpere
748 1281 878 1321 gaudia,
902 1292 955 1312 ‹m-

250 1327 371 1362 teqzmm
391 1326 451 1356 tibi
466 1332 606 1366 pereant.
652 1330 765 1360 Multo
791 1331 902 1369 aliter,
921 1336 956 1362 et

251 1383 327 1404 cum
344 1376 429 1416 aliis,
456 1379 630 1419 magisque
657 1380 699 1410 ad
728 1391 860 1411 sensum
885 1382 954 1412 Ho-

252 1424 329 1454 ratii
355 1426 534 1468 Persiique
562 1430 607 1460 D.
634 1429 831 1471 Hieronym.
857 1432 955 1462 Com-

252 1478 354 1505 uient.
391 1475 426 1506 in
465 1478 575 1517 Epist.
607 1480 648 1510 ad
681 1481 800 1512 Galat.
831 1491 887 1513 111.
919 1486 950 1513 6.

248 1527 256 1538 ⁶
271 1524 382 1555 Breve
400 1526 473 1566 cst‚’
497 1528 618 1569 inquit,
641 1532 649 1546 ‘
664 1530 734 1561 vita
757 1531 854 1562 istius
879 1542 952 1563 cur-

250 1574 409 1607 riculum:
448 1578 511 1609 hoc
550 1579 660 1619 ipsum
696 1582 785 1621 quod
822 1583 952 1623 loquor,

250 1624 339 1663 quod
355 1626 478 1665 scribo,
494 1629 581 1667 quod
597 1630 722 1669 releg0‚
735 1631 777 1661 de
797 1636 951 1671 tempore

248 1684 335 1713 meo,
352 1675 433 1705 mihi
450 1682 509 1707 aut
525 1679 663 1718 crescit,
682 1685 739 1710 ant
757 1681 914 1720 deperit?

294 1728 353 1755 154
369 1726 419 1756 En
436 1728 507 1767 quid
523 1730 607 1769 agis]
656 1731 833 1763 Hactenus
852 1733 953 1764 Pros-

248 1776 405 1815 opopoeia
430 1777 488 1807 illa
505 1784 540 1808 et
565 1779 717 1820 dialogus
741 1782 951 1823 perelegans.

247 1825 326 1856 Jam
355 1836 435 1857 vero
465 1829 598 1860 Stoicus
626 1830 667 1861 ad
700 1832 866 1864 Damam:
901 1834 952 1864 En

246 1875 352 1916 igitur
378 1877 419 1907 ad
447 1878 581 1909 diversa
613 1883 854 1924 contrariaque
885 1888 951 1915 tra-

246 1926 348 1966 heris,
363 1929 428 1959 huc
455 1930 497 1960 ad
525 1932 672 1971 quietem
698 1941 733 1964 et
757 1936 951 1975 voluptates

246 1986 265 2006 a
280 1978 424 2018 luxuria,
442 1980 520 2011 illuc
539 1982 580 2012 ad
599 1983 727 2014 lucrum
744 1990 778 2016 et
801 1986 951 2018 laborem

247 2026 289 2057 ab
314 2029 468 2069 avaritia,
493 2031 572 2070 quid
599 2033 702 2073 igitur
725 2034 849 2066 facies?
875 2038 951 2069 Quo

247 2081 281 2107 te
306 2081 505 2110 convertes?
528 2081 650 2113 ,Iamne
672 2085 777 2115 sentis
804 2090 839 2116 et
866 2085 951 2117 fate-

247 2126 336 2158 beris
362 2132 397 2159 te
426 2140 499 2163 esse
524 2142 669 2173 servum,
693 2140 728 2165 et
753 2135 869 2167 duram
887 2137 949 2168 sub

246 2178 339 2220 duris
355 2179 499 2211 dominis
518 2184 644 2213 servire
660 2186 878 2217 servitutem?

288 2229 417 2269 Duplici
437 2231 471 2261 in
497 2233 651 2265 diversum
673 2236 822 2266 scinderis
845 2237 949 2277 humo]

245 2279 349 2309 Varia
375 2280 518 2321 duplicis
541 2284 716 2316 servitutis
741 2288 949 2319 necessitate

244 2337 421 2368 oppressus
439 2333 531 2371 quasi
549 2334 761 2369 discinderis.

288 2378 408 2418 Hamo]
445 2381 588 2413 Prorsus
613 2386 655 2415 ad
683 2396 753 2417 rein
776 2393 828 2418 est
857 2390 947 2429 quod

243 2428 340 2460 initio
356 2430 450 2460 Libri
467 2432 509 2462 de
526 2433 653 2465 invidia
670 2442 703 2467 et
720 2439 796 2469 odio
814 2440 948 2471 Plutar-

244 2480 325 2511 chus
340 2480 408 2519 ait;
444 2482 555 2512 vitium
578 2484 677 2515 hamis
693 2497 754 2516 esse
769 2489 857 2526 quasi
879 2490 947 2528 plu-

242 2529 329 2560 ribus
350 2530 537 2562 instructum
553 2536 581 2563 et
598 2539 763 2575 armatum,
780 2536 948 2576 πολυάγκι-

244 2590 357 2621 στρονῑ
394 2586 489 2613 certe
517 2592 601 2622 pura
618 2584 725 2616 virtus
751 2596 828 2617 rara
852 2589 945 2618 avis:

242 2630 299 2670 qni
315 2631 458 2663 luxuriae
475 2633 590 2664 sordes
606 2633 777 2674 effugerit,
799 2641 834 2666 et
857 2636 947 2668 foeda

244 2682 454 2721 voluptatum
479 2683 616 2716 cavebit
641 2685 823 2728 lenocinia,
837 2687 864 2718 is
889 2688 946 2719 ha-

1011 889 1064 909 ino
1095 880 1250 920 capietur
1279 879 1456 918 avaritiae3
1503 881 1558 911 vol
1587 885 1718 913 eontra,

1012 929 1219 969 Metaphora
1243 935 1296 961 est
1319 941 1337 961 a
1366 931 1566 972 piscatione,
1591 932 1623 962 in
1652 942 1717 973 qua

1011 980 1121 1019 pisces
1139 981 1236 1011 hamo
1254 991 1312 1012 seu
1328 991 1406 1012 esca
1423 982 1560 1012 diversa
1583 986 1618 1013 et
1633 983 1718 1013 mul-

1012 1029 1121 1069 tiplici
1148 1032 1351 1073 quandoque
1378 1033 1585 1073 inescantur,
1611 1037 1649 1063 ut
1666 1042 1720 1063 ca-

1010 1080 1149 1120 piantur
1165 1082 1339 1114 alterutro.

1055 1133 1113 1161 155
1145 1132 1306 1163 Hunccine
1319 1144 1359 1164 cm
1373 1134 1452 1164 hunc
1467 1133 1617 1173 sequeris]
1659 1133 1715 1164 An

1010 1182 1200 1221 avaritiam,
1228 1193 1267 1213 an
1297 1185 1486 1215 luxuriam?
1526 1185 1644 1224 otium,
1673 1193 1715 1215 an

1011 1232 1175 1263 sudores?
1198 1234 1342 1272 lucrum,
1359 1244 1400 1264 an
1418 1233 1635 1274 voluptates?

1055 1281 1171 1312 subeas
1186 1284 1322 1313 alternus
1338 1283 1472 1323 oportet]
1491 1283 1580 1315 Quid
1596 1283 1620 1313 si
1634 1283 1717 1314 utri-

1012 1341 1076 1371 que
1103 1332 1335 1363 serviendum?
1375 1333 1475 1363 modo
1502 1332 1594 1371 huic,
1618 1333 1717 1363 modo

1010 1380 1058 1410 illi
1075 1381 1325 1421 obtemperans,
1342 1391 1440 1422 quam
1469 1381 1589 1413 miser!
1625 1381 1716 1412 haud

1011 1430 1167 1470 profecto
1185 1432 1380 1471 simpliciter
1396 1431 1520 1462 fueris!

1050 1483 1111 1511 156
1136 1481 1278 1521 Ancipiti
1305 1481 1443 1522 obsequio
1464 1482 1617 1522 dominos]
1655 1483 1712 1513 Bi-

1007 1541 1066 1561 nas
1098 1532 1338 1564 doininatrices
1370 1534 1516 1564 vicissim
1557 1544 1714 1575 sequens,

1008 1583 1131 1613 dubius
1162 1584 1310 1623 interim,
1338 1584 1406 1614 utri
1437 1584 1651 1624 potissimum
1679 1589 1714 1615 te

1009 1633 1155 1664 addicas.

1054 1682 1221 1723 Obsequio]
1259 1684 1485 1715 Reconditum
1502 1685 1535 1715 in
1552 1685 1613 1717 hac
1632 1695 1715 1717 voce

1008 1741 1141 1763 sensum
1174 1735 1294 1774 vulgus
1325 1735 1411 1765 haud
1435 1736 1617 1776 expiscari,
1646 1747 1714 1767 mo-

1008 1787 1091 1813 nent
1107 1783 1299 1815 doctiores:
1330 1795 1398 1816 non
1427 1790 1479 1817 est
1506 1786 1715 1827 obsequium,

1007 1837 1045 1863 ut
1062 1838 1196 1873 putant,
1212 1833 1407 1874 famulatus,
1422 1837 1477 1866 vel
1490 1846 1595 1876 opera
1612 1837 1714 1869 alicui

1007 1888 1128 1914 navata
1146 1895 1154 1922 ;
1189 1885 1247 1915 sed
1265 1886 1431 1926 patientia
1453 1891 1488 1917 et
1502 1887 1714 1928 indulgentia

1007 1943 1086 1973 erga
1104 1934 1184 1965 alios
1201 1934 1315 1975 nimia,
1332 1946 1398 1977 qua
1411 1946 1525 1967 eornm
1541 1938 1712 1969 voluntati

1006 1988 1042 2014 et
1066 1984 1196 2015 libidini
1223 1986 1298 2025 plus
1322 1997 1419 2026 aequo
1446 1987 1712 2029 obsecundatur,

1007 2035 1107 2064 etiam
1126 2040 1246 2065 contra
1262 2035 1312 2066 fas
1330 2041 1364 2067 ct
1384 2037 1561 2077 rationem,
1578 2043 1616 2069 ut
1640 2040 1712 2070 vul-

1006 2094 1047 2123 go
1064 2083 1192 2114 faciunt
1208 2090 1449 2117 assentatores.
1487 2088 1663 2119 Terentius
1677 2088 1712 2119 in

1004 2133 1148 2172 Andria,
1176 2135 1349 2175 obsequium
1388 2138 1532 2178 opponit
1572 2138 1711 2179 veritati,

1005 2194 1071 2224 qua
1087 2185 1138 2214 vel
1156 2185 1254 2216 amici
1284 2196 1520 2228 nonnunquam
1538 2187 1712 2220 offendun-

1006 2239 1072 2273 tur,
1103 2231 1188 2266 adeo
1219 2237 1340 2266 nolunt
1376 2238 1526 2268 homines
1557 2239 1709 2279 proprios

1004 2294 1119 2316 naevos
1137 2290 1171 2316 et
1188 2295 1319 2317 errores
1347 2287 1474 2327 videre,
1499 2288 1551 2318 vei
1577 2288 1707 2319 audire.

1005 2335 1013 2351 ‘
1033 2334 1242 2375 Obsequium
1274 2336 1412 2375 amicos,
1439 2337 1563 2368 veritas
1594 2337 1708 2368 odium

1005 2385 1114 2425 parit.’
1161 2387 1271 2418 Quem
1299 2387 1409 2417 locuni
1441 2392 1475 2417 et
1504 2387 1708 2418 sententiam

1003 2436 1152 2466 illustrat
1183 2437 1304 2467 Cicero
1332 2437 1364 2466 in
1392 2437 1508 2472 Laelio,
1536 2446 1626 2467 num.
1655 2440 1706 2469 91.

1002 2485 1011 2500 ‘
1028 2485 1199 2523 Molesta,'
1216 2486 1338 2525 inquit,
1362 2488 1370 2502 ‘
1385 2486 1507 2516 veritas
1524 2490 1588 2524 est,
1606 2487 1707 2527 siqui-

1001 2535 1077 2564 dem
1095 2544 1137 2564 ex
1163 2544 1203 2565 ea
1226 2535 1378 2565 nascitur
1394 2535 1521 2571 odium,
1539 2537 1628 2577 quod
1653 2542 1706 2569 est

1003 2593 1167 2614 venenum
1195 2584 1376 2614 amicitiae:
1414 2585 1473 2615 sed
1504 2585 1705 2627 obsequium

1000 2635 1106 2664 inulto
1123 2634 1306 2674 molestius,
1321 2635 1409 2675 quod
1428 2637 1579 2674 peccatis
1596 2637 1703 2667 indul-

999 2694 1081 2725 gens
1097 2685 1312 2725 praecipitem
1334 2685 1478 2716 amicum
1502 2685 1583 2717 ferri
1599 2687 1704 2720 sinit?
