1888 3032
249 129 336 173 116

764 136 810 168 A.
843 133 1005 166 PERSII
1039 133 1213 166 FLAccr

250 235 329 287 Ut,
353 238 565 290 quantum
581 229 688 274 mihi
707 233 748 272 te
763 230 942 273 sinuoso
962 231 1007 272 in
1023 235 1200 286 pectore
1220 230 1315 283 fixi,

248 304 378 347 Voce.
397 305 558 345 traham
582 314 706 355 pura,
726 304 948 356 totumque
969 299 1053 342 hoc
1075 302 1210 343 verba
1230 302 1464 355 resignent,

249 367 385 424 Quod
407 372 509 411 latet
532 382 694 410 arcana
712 382 798 410 non
821 370 1059 410 enarrabile
1077 369 1198 410 fibra.

306 438 418 479 Cum
439 439 626 491 primum
646 436 809 491 pavido
831 441 981 478 custos
1002 437 1105 479 mihi
1128 449 1319 491 purpura
1339 436 1487 488 cessit,

1655 436 1712 478 30

248 505 464 559 Bullaque
479 505 717 546 succinctis
739 504 904 545 laribus
922 503 1082 545 donata
1103 504 1338 558 pependit3

244 643 342 674 nucleo
356 645 501 683 exoptare
515 646 635 673 centnm
649 652 745 682 voces,
759 646 793 674 ut
808 642 909 674 verbis
924 643 1051 673 sinceris
1075 652 1265 682 expromam,
1290 651 1381 682 quam
1395 641 1464 672 alte
1479 634 1572 681 infixi
1589 642 1621 670 te
1637 638 1715 671 mihi

242 686 279 716 in
293 685 403 717 zntimo
415 687 523 722 corde,-

545 689 575 717 et
592 695 689 716 sermo
704 686 825 726 aperiat
841 686 918 717 illud
932 696 1018 716 omne
1033 687 1112 725 quod
1132 686 1324 716 reconditum
1339 687 1383 715 est
1398 685 1432 715 in
1446 683 1571 714 secretis
1581 692 1716 723 praecor-

243 729 317 768 diis,
331 738 522 770 quanquam
537 729 592 759 vix
608 729 762 768 ετρῑίεανὶ
780 731 893 769 potest.
939 728 1059 759 Statim
1074 731 1167 767 atque
1182 728 1320 767 deposita
1344 731 1387 758 cst
1403 737 1422 757 α
1439 736 1486 758 me
1509 726 1620 756 timido
1632 735 1713 773 praf-

243 774 332 803 texta
343 772 512 812 servatrix,
528 774 558 802 et
573 781 705 812 appensa
721 774 767 802 est
783 772 864 802 bulla
889 772 964 802 data
975 770 1154 811 praecz'nctz's
1170 770 1247 801 Diis
1266 770 1462 807 domesticis;
1495 770 1614 810 quando
1637 767 1712 799 socii

866 867 982 878 eeeeee

985 867 1101 879 ““““

244 931 406 973 positum,
421 935 459 964 ut
474 941 564 973 saepe
581 932 671 974 apud
688 932 821 974 poetas.
847 932 1110 965 casaubon.-2s
1133 936 1291 974 tecumque
1306 932 1373 965 Ms.
1390 932 1469 965 Gal.

904 1017 1049 1050 NOTAE

243 1082 349 1123 magis
363 1092 402 1114 ac
416 1083 523 1124 magis
538 1083 763 1124 probandum.
788 1083 865 1116 Quo
878 1083 950 1124 qui-

243 1132 363 1164 demin
375 1133 501 1173 studio,
515 1133 605 1173 quod
616 1133 746 1163 Tullius
758 1133 868 1174 Epist.
883 1136 950 1164 1.1.

243 1183 391 1214 Lentulo
408 1182 592 1222 scribebat,
610 1182 643 1213 id
661 1182 795 1213 videtur
811 1182 949 1214 Persius

242 1233 397 1265 indicare
414 1234 514 1273 velle,
525 1233 696 1273 nimirum,
713 1235 722 1250 ⁶
734 1233 824 1264 omni
836 1232 948 1264 officio

241 1293 280 1316 ac
297 1285 410 1325 potius
425 1285 556 1324 pietate
581 1293 661 1325 erga
677 1284 865 1315 Cornutum
882 1284 949 1314 etsi

240 1336 314 1366 aliis
347 1333 561 1365 satisfaceret
584 1334 749 1373 omnibus,
776 1338 811 1365 at
837 1334 949 1374 ipsum

241 1386 305 1417 sibi
321 1395 489 1426 nunquam
506 1384 731 1416 satisfacere!

284 1440 325 1468 27
355 1437 398 1467 Ut
413 1439 559 1476 quantum
580 1436 658 1467 mihi
675 1439 718 1475 te,
740 1436 807 1476 tta]
843 1437 947 1477 Egre-

240 1489 329 1530 giam
344 1488 484 1519 adverte
501 1488 620 1529 prioris
645 1489 825 1520 sententiae
843 1498 948 1529 expo-

239 1540 404 1570 litionem.

284 1589 416 1620 sinuoso
431 1590 464 1620 in
486 1592 610 1629 pectore
625 1589 709 1630 firi]
744 1589 785 1620 In
806 1589 948 1621 latebris

239 1639 343 1671 animi
363 1639 641 1670 reconditissimis
669 1640 755 1670 adeo
781 1645 814 1671 te
840 1640 947 1681 infixi,

240 1696 277 1722 ut
294 1695 387 1723 totus
404 1691 439 1721 in
454 1701 507 1722 me
525 1691 582 1730 sis,
599 1695 633 1721 et
648 1695 740 1722 totus
756 1691 818 1721 sini
835 1696 924 1723 tuus.

281 1744 323 1772 28
352 1740 453 1773 Verba
480 1741 656 1781 resignent]
702 1741 820 1782 Rupto
850 1742 946 1774 velut

239 1792 350 1833 sigillo
378 1792 539 1831 revelem,
580 1801 717 1823 carmen
751 1797 786 1823 et
817 1793 945 1834 scripta

240 1844 354 1884 palam
385 1842 561 1882 proferant
601 1852 749 1874 amorem
787 1852 869 1882 erga
910 1847 944 1875 te

237 1904 363 1933 meum,
376 1894 499 1924 merita
514 1893 547 1923 iu
565 1903 617 1924 me
633 1898 692 1924 tua
706 1904 714 1932 ;
740 1903 814 1934 quae
831 1898 944 1924 tamen

238 1944 305 1975 duo
319 1948 413 1976 certe
425 1944 572 1974 maxima
581 1943 670 1974 haud
685 1944 767 1975 satis
784 1943 945 1976 exhibeat

238 1999 385 2026 centena
398 1994 503 2025 etiam
519 2004 596 2025 vox.

281 2047 323 2075 29
347 2044 459 2084 Fibra]
485 2045 621 2076 Fibram
642 2046 722 2085 poni
738 2055 801 2087 pro
817 2045 944 2077 intimis

238 2095 406 2126 viscerum
424 2099 459 2126 et
474 2095 588 2127 cordis
614 2097 760 2128 maxime
778 2097 945 2137 partibus,

238 2144 308 2176 dixi
325 2145 397 2176 Sat.
415 2154 439 2176 1.

281 2198 323 2226 30
349 2195 427 2225 Cum
439 2195 577 2235 primum
595 2196 720 2236 paz-ido,
745 2197 814 2237 δμκ]
854 2197 945 2230 Hac-

238 2250 338 2276 tenus
363 2246 562 2285 prooemium
578 2256 617 2277 ac
633 2248 782 2287 prolusio
799 2247 943 2279 duntax-

238 2301 296 2327 at:
321 2296 482 2338 deinceps
503 2303 617 2329 autem
633 2304 790 2330 recenset
806 2300 942 2331 Persius

238 2345 320 2386 quid
351 2351 385 2376 et
423 2353 584 2387 quantum
624 2348 748 2380 debeat
790 2350 943 2382 Cornuto

239 2396 454 2436 Praeceptori
485 2407 544 2436 pro
571 2398 689 2429 sedula
712 2400 783 2439 ejus
808 2400 943 2431 institu-

237 2445 342 2477 tione.

283 2494 419 2534 Pavido]
454 2495 494 2525 Id
511 2501 574 2535 est,
597 2496 804 2537 pudibundo,
826 2499 879 2529 vel
904 2499 944 2529 ti-

239 2546 345 2577 menti
369 2546 582 2577 imminentes
598 2546 839 2579 adolescentiae
856 2547 941 2579 diffi-

241 2597 399 2636 cultateS,
415 2601 451 2626 et
478 2597 611 2628 virtutis
629 2597 664 2628 iu
688 2607 730 2628 ea
753 2603 857 2630 aetate
882 2599 940 2630 im-

241 2647 449 2689 pedimenta.

286 2699 395 2729 Custos
411 2698 565 2739 purpura]
602 2698 644 2730 Id
674 2702 737 2739 est,
769 2703 857 2740 toga,
888 2701 942 2732 cui

1005 1086 1180 1122 praetexta
1195 1086 1269 1113 erat
1292 1091 1454 1123 purpura,
1482 1085 1521 1113 ut
1541 1080 1649 1123 (quod
1665 1080 1713 1112 ait

1004 1132 1221 1171 Macrobius)
1243 1133 1251 1150 ‘
1269 1143 1312 1164 ex
1336 1134 1409 1174 ejus
1433 1132 1557 1164 rubore
1573 1133 1714 1173 ingenu-

1003 1182 1097 1213 itatis
1114 1183 1244 1224 pudore
1262 1187 1461 1224 tegerentur
1479 1183 1596 1223 pueri!
1622 1183 1713 1213 Hinc

1005 1243 1024 1263 a
1040 1233 1160 1264 Persio
1177 1238 1320 1265 vocatur
1334 1237 1446 1274 custos,
1474 1234 1605 1265 scilicet
1620 1234 1714 1265 inno-

1004 1285 1126 1321 centiae
1149 1284 1192 1315 ob
1221 1286 1369 1315 colorem
1400 1294 1622 1325 purpureum,
1654 1285 1713 1326 qui

1004 1335 1196 1375 symbolum
1219 1340 1271 1367 est
1296 1335 1446 1376 pudoris.
1492 1335 1593 1367 Adde
1618 1334 1711 1377 quod

1004 1390 1176 1426 praetexta
1192 1386 1298 1417 veluti
1314 1396 1427 1417 sacros
1451 1384 1548 1425 facit,
1575 1396 1657 1426 quos
1676 1392 1713 1419 et

1003 1437 1132 1467 violare
1149 1437 1193 1467 sit
1206 1436 1314 1468 nefas.
1359 1435 1460 1468 Unde
1482 1437 1571 1468 Plin.
1589 1445 1640 1468 1x.
1658 1439 1712 1470 36.

1004 1487 1052 1518 ait
1067 1497 1252 1528 purpuram
1275 1489 1284 1505 ‘
1299 1487 1456 1528 pueritiae
1473 1497 1546 1519 esse
1564 1498 1626 1529 pro
1641 1498 1711 1523 mae

998 1538 1153 1578 jestate,'
1184 1538 1219 1569 id
1250 1542 1315 1577 est,
1338 1538 1532 1570 sanctitate.
1579 1539 1624 1570 Et
1649 1539 1710 1569 Fa-

1004 1588 1078 1619 bius
1095 1589 1290 1619 Declamat.
1312 1588 1373 1627 ait,
1398 1591 1406 1605 ‘
1425 1592 1596 1628 praetexta
1620 1589 1710 1620 infir-

1001 1638 1157 1669 mitatem
1181 1638 1339 1679 pueritiae
1357 1648 1488 1670 sacram
1505 1637 1578 1669 fieri
1597 1643 1632 1671 et
1655 1649 1710 1671 ve-

1000 1689 1201 1729 nerabilem,
1226 1698 1293 1720 non
1317 1698 1414 1720 secus
1440 1699 1480 1721 ac
1502 1689 1709 1722 Sacerdotes

999 1738 1150 1770 vestibus
1182 1739 1274 1771 suis.'
1331 1739 1396 1770 Vel
1431 1743 1532 1771 custos
1568 1744 1710 1771 vocatur

999 1793 1180 1829 praetexta,
1210 1788 1289 1830 quia
1333 1793 1487 1829 tempore
1515 1790 1708 1830 pubertatis

999 1839 1098 1879 pueri
1114 1843 1191 1870 sunt
1206 1839 1266 1870 sub
1284 1840 1392 1870 tutela
1417 1840 1568 1880 alterius,
1583 1850 1708 1882 nempe

999 1889 1160 1920 Custodis
1188 1899 1249 1920 seu
1279 1890 1479 1932 Paedagogi.
1532 1891 1655 1923 Horat.
1673 1891 1708 1924 in

998 1938 1096 1979 Arte,
1120 1940 1128 1956 ‘
1146 1939 1461 1980 Imberbisjuvenis
1477 1940 1616 1973 tandem
1633 1951 1707 1974 cus-

999 1989 1081 2021 tode
1098 1990 1253 2021 remoto.'

1044 2042 1161 2082 Cessit]
1197 2042 1282 2073 Cum
1308 2042 1381 2082 jam
1410 2046 1580 2082 praetexta
1606 2042 1706 2076 dedit

997 2094 1237 2135 concessitque
1263 2094 1373 2125 locum
1399 2098 1487 2134 togae
1514 2095 1613 2135 virili,
1628 2105 1705 2137 quae

999 2144 1198 2176 sumebatur
1211 2149 1289 2186 post
1300 2145 1530 2185 pubertatem,
1543 2155 1603 2177 seu
1615 2156 1704 2178 anno

1000 2196 1112 2227 aetatis
1129 2196 1262 2231 decimo
1279 2200 1390 2227 sexto.

1041 2251 1081 2279 31
1105 2248 1277 2289 Bullaquc]
1312 2248 1403 2279 Hinc
1421 2248 1530 2279 Persii
1546 2247 1703 2280 nobilita-

998 2304 1067 2331 tem
1079 2310 1175 2341 artrui
1193 2301 1362 2331 diximus
1356 2310 1389 2330 111
1408 2300 1568 2340 Prologo,
1583 2305 1703 2332 contra

997 2351 1187 2382 nonnullos.
1248 2351 1415 2382 Nimirum
1447 2351 1545 2391 pueri
1571 2350 1701 2382 nobiles

997 2406 1075 2432 ante
1108 2407 1229 2441 pectus
1259 2410 1395 2431 auream
1434 2400 1559 2431 bullam
1590 2400 1701 2431 cordis

997 2451 1107 2491 effigie
1148 2451 1331 2491 gestabant
1367 2451 1454 2481 collo
1493 2459 1697 2490 appensam:

995 2501 1004 2516 ‘
1020 2501 1129 2532 Quam
1146 2499 1379 2540 inspicientes'
1405 2500 1529 2540 (inquit
1544 2500 1700 2532 Macrob.

995 2551 1166 2581 Satnrnal.
1184 2560 1208 2580 1.
1226 2550 1274 2589 6.)
1292 2550 1301 2566 ‘
1318 2550 1367 2580 ita
1383 2549 1515 2580 demum
1536 2558 1571 2580 se
1596 2550 1700 2581 homi-

995 2610 1055 2631 nes
1074 2602 1276 2639 cogitarent,
1294 2600 1321 2630 si
1344 2600 1446 2630 corde
1467 2600 1699 2640 praestarent?

995 2650 1074 2682 Juv.
1109 2651 1182 2682 Sat.
1217 2659 1251 2681 v.
1289 2650 1332 2680 ad
1373 2649 1485 2690 finem,
1529 2651 1698 2683 Etruscum

994 2711 1106 2733 am'um
1122 2705 1233 2741 vocat,
1259 2701 1354 2742 quasi
1377 2700 1419 2733 ab
1445 2701 1599 2734 Etruscis
1620 2711 1697 2744 pro-
