1888 3032
690 145 874 177 SArmA
908 146 952 175 v.
1475 134 1560 175 109

99 245 160 275 bus
177 252 283 275 vacuo
299 251 338 273 ac
364 242 475 274 soluto
501 251 542 273 ne
566 241 708 283 cogitari
726 241 863 283 quidem
879 249 992 281 posse.
1015 242 1090 272 118.
1137 239 1215 271 Non
1233 248 1332 279 posse
1347 237 1433 279 fieri,
1449 242 1485 270 ut
1501 239 1560 269 ali-

99 297 175 339 quis
194 296 327 337 sapiens
351 295 510 337 idemque
534 296 658 340 stultus
676 295 732 334 sit,
750 296 810 326 sed
826 295 879 325 vel
897 294 1032 325 omnino
1047 293 1181 335 sapiens
1196 292 1251 325 vel
1267 292 1403 324 omnino
1420 292 1559 324 stultus.

99 353 171 381 123.
208 350 256 381 Ut
272 348 396 380 domini
410 349 444 379 in
462 358 589 388 servos,
605 349 651 380 sic
669 348 896 389 cupiditatum
924 348 956 378 in
982 348 1074 388 ipsos
1101 347 1250 379 dominos
1277 356 1350 377 esse
1378 346 1558 386 imperium

99 412 194 444 arque
211 412 377 434 severum.
404 405 477 434 131.
524 401 625 435 Quod
652 407 689 433 nt
712 401 857 441 amplius
874 400 1066 439 confirmet,
1083 401 1240 441 exemplo
1258 401 1381 438 utitur,
1397 410 1415 430 a
1433 409 1562 430 merca-

100 456 184 489 toris
200 456 344 487 avaritia
362 455 482 496 petito,
498 455 540 487 ad
558 456 669 487 omnia
684 454 837 486 facinora
864 455 958 485 illum
985 455 1183 495 impellente
1215 457 1295 492 139;
1332 459 1453 485 contra
1479 462 1562 494 pug-

100 514 238 540 nantem
253 509 382 540 inducit
399 509 580 547 luxuriam,
594 508 792 539 mercatoris
810 508 957 538 animum
981 507 1013 537 in
1039 507 1174 539 diversa
1200 509 1390 539 trahentem
1408 509 1482 545 153,
1505 506 1563 546 qui

99 563 215 602 miser,
232 563 397 593 alterutro
412 561 493 593 vitio
510 561 695 601 declinato,
711 562 744 592 in
759 562 904 593 alterum
923 561 1137 602 praecipitem
1165 571 1200 592 se
1215 561 1406 592 necessario
1421 560 1562 591 daturus

101 616 155 647 sit.
174 618 248 647 160.
292 616 368 649 Jam
386 615 428 646 ad
445 615 543 646 aliam
560 615 816 647 similitudinem
836 615 974 655 transit,
991 615 1185 646 abamante
1202 615 1314 656 aliquo
1331 620 1489 653 suintam,
1505 613 1563 654 qui

101 669 290 701 valedicere
315 664 432 700 amicae
449 678 527 700 cum
544 669 635 710 apud
652 669 796 701 animum
811 669 983 709 statuerit,
1010 669 1100 700 illico
1116 668 1158 699 ad
1174 678 1248 699 eam
1264 668 1405 708 pristina
1420 667 1564 698 caritate

99 723 301 754 retrahatur.
327 724 400 754 169.
447 722 578 755 Quibus
595 723 696 755 rebus
714 729 881 755 monstrat
900 723 1042 763 Noster,
1071 732 1113 754 ne
1137 723 1230 753 illum
1257 722 1392 762 quidem
1420 721 1565 751 liberum

101 785 185 816 esse,
214 775 271 816 qui
296 775 473 816 imperium
490 776 522 807 in
541 776 623 808 vitia
638 777 680 808 ad
699 781 833 818 tempus
849 786 1013 808 exercere
1031 776 1138 817 possit
1162 778 1236 815 175,
1260 775 1366 806 multo
1380 774 1488 805 minus
1507 783 1565 804 eos

100 829 295 860 libertatem
323 833 440 859 nactos
469 829 658 861 censendos
675 840 760 868 esse,
789 840 871 871 quos
889 829 1072 861 ambitione
1088 827 1377 870 religionibusque
1396 836 1457 869 per
1473 826 1566 858 vices

101 882 270 916 exvitatos
287 882 509 925 turbatosque
527 892 662 924 semper
676 883 935 923 conspiciamus.

103 1144 348 1202 VA'rums
369 1159 440 1202 hic
458 1172 554 1201 mos
575 1163 654 1211 est,
676 1163 846 1201 centum
868 1159 954 1200 sibi
975 1171 1155 1213 poscere
1174 1170 1322 1206 voces,

103 1225 289 1268 Centum
316 1240 407 1278 ora,
441 1231 484 1269 et
514 1227 684 1281 linguas
704 1231 856 1281 optare
877 1229 921 1268 in
941 1227 1135 1268 carmina
1157 1228 1343 1274 centum,

148 1354 198 1384 Ea
211 1358 257 1385 est
272 1355 453 1386 consuetudo
467 1354 588 1394 Poetis,
601 1354 663 1385 sibi
683 1356 830 1394 exoptare
845 1356 988 1384 centenas
1013 1361 1111 1393 voces,
1136 1361 1190 1382 ora
1215 1352 1354 1389 centena,
1374 1351 1404 1379 et
1428 1351 1571 1379 centenas

104 1396 228 1435 linguas
240 1398 274 1428 in
285 1407 391 1429 versus
401 1406 583 1437 exposcere,·
603 1397 667 1428 sive
679 1400 877 1437 componatur
885 1396 923 1427 ab
935 1396 979 1427 eis
996 1395 1166 1436 Tragoedia
1182 1393 1220 1425 ab
1233 1392 1383 1425 histrione
1399 1392 1485 1423 tristi
1498 1401 1569 1431 pro-

722 1490 836 1501 eeeeee

840 1489 957 1502 οοοοοο

549 1558 569 1587 2
594 1554 753 1587 Carmine
771 1556 838 1587 Ms.
856 1555 896 1587 R.
913 1560 949 1587 et
964 1556 1031 1587 Ms.
1049 1554 1128 1587 Gal.

764 1651 913 1684 NOTAE

149 1727 166 1756 1
197 1723 342 1765 Vatibus]
385 1724 482 1756 Scita
494 1729 530 1757 et
544 1725 683 1766 elegans
696 1724 730 1756 in
742 1724 810 1765 pri-

108 1775 171 1807 mis
202 1775 276 1811 haec
303 1775 415 1807 Satira
440 1775 524 1807 duas
552 1776 657 1807 habet
682 1782 808 1816 partes.

107 1825 148 1857 In
172 1825 277 1866 priori
299 1825 379 1866 quid
405 1825 531 1857 debeat
552 1826 703 1857 Cornuto
726 1835 810 1865 prae-

109 1875 240 1915 ceptori
260 1875 454 1906 luculenter
478 1880 514 1906 et
537 1873 687 1906 officiose
710 1874 812 1915 profi-

108 1930 202 1957 tetur
218 1926 364 1957 Persius.
409 1925 451 1956 In
475 1926 597 1964 altera,
620 1925 776 1955 nimirum
793 1934 812 1955 a

109 1984 206 2007 versu
232 1978 286 2007 73.
310 1975 344 2006 in
372 1985 437 2016 quo
463 1985 543 2006 vera
571 1975 709 2006 libertas
733 1984 813 2005 con-

108 2026 218 2066 sistat,
247 2027 398 2068 graviter
427 2027 596 2067 explicat:
634 2032 738 2067 atque
770 2036 812 2057 ex

109 2077 237 2117 placito
261 2077 452 2108 Stoicorum
475 2078 614 2118 egregie
635 2077 755 2108 asserit
770 2087 816 2108 so-

109 2131 172 2160 lum
183 2130 353 2170 sapientem
366 2129 494 2160 liberum
509 2139 582 2161 esse.
628 2129 728 2161 Quod
742 2128 815 2161 fere

110 2180 202 2212 idem
231 2180 447 2210 asseverabat
474 2179 662 2220 Apostolus
687 2180 816 2211 Paulus

110 2240 185 2262 cum
203 2230 268 2261 ait:
302 2230 354 2270 qui
361 2229 446 2268 facit
458 2233 629 2270 peccat-um,
647 2239 752 2261 servus
773 2234 819 2262 est

107 2281 239 2321 peccati.

154 2330 221 2362 Hic
235 2340 299 2362 mos
314 2334 373 2370 est,
394 2330 466 2370 Bra]
523 2329 644 2361 Posstae
661 2329 818 2360 nimirum

52 2374 56 2378 ⁵
112 2379 224 2422 Epici,
241 2382 321 2423 quin
335 2385 372 2412 et
388 2381 551 2412 Oratores
566 2380 749 2420 interdum,
765 2389 817 2411 so-

110 2432 183 2464 lent
208 2442 249 2463 ea
277 2432 388 2474 figura
416 2433 480 2472 uti,
521 2432 652 2473 quoties
688 2431 816 2472 grande

114 2482 289 2523 quidpiam
312 2487 371 2514 aut
395 2483 536 2514 arduum
559 2483 678 2514 volunt
703 2482 813 2523 expri-

115 2543 219 2566 mere.

160 2584 289 2617 Centum
303 2586 363 2617 sibi
375 2595 502 2628 poscere
515 2595 613 2625 voces,
629 2583 699 2626 ξω]
745 2584 816 2616 Ho-

116 2643 226 2666 merus
242 2636 343 2667 Iliad.
369 2646 410 2668 11.
449 2636 512 2667 οὐδ’
531 2635 561 2667 εἴ
582 2647 633 2674 μοι
662 2633 736 2666 δέκα
760 2633 818 2672 μὲν

116 2685 271 2727 γλῶσσαι,
294 2684 423 2730 δέκαιδὶ
444 2684 579 2726 στόματ’
598 2685 669 2719 εἷεν.
716 2685 816 2718 Hunc

864 1730 999 1757 secutus
1024 1725 1167 1757 Hostius
1196 1721 1309 1754 Poeta
1331 1720 1390 1752 lib.
1414 1729 1453 1752 11.
1483 1720 1574 1752 Belli

862 1776 990 1816 Istrici,
1016 1775 1072 1817 (ut
1096 1774 1204 1806 refert
1232 1771 1441 1811 Macrobius,
1456 1770 1572 1802 Satur*

863 1827 930 1857 nal.
948 1827 1008 1857 lib.
1027 1836 1076 1857 vr.
1095 1835 1172 1865 cap.
1189 1821 1239 1863 3.)
1256 1822 1304 1854 sic
1319 1821 1444 1853 habet:
1470 1822 1478 1838 ‘
1493 1820 1572 1851 Non

864 1876 889 1906 si
905 1876 985 1907 mihi
997 1877 1120 1916 linguae
1137 1875 1281 1905 Centum
1293 1876 1396 1913 atque
1411 1881 1471 1902 ora
1484 1871 1572 1902 sient

866 1927 1022 1965 totidem,
1041 1935 1211 1967 vocesque
1233 1922 1398 1965 liquatae.'
1444 1923 1572 1954 Postea

865 1978 985 2018 Virgil.
999 1977 1160 2015 Georgic.
1187 1978 1218 2006 2.
1242 1974 1374 2015 pariter
1388 1976 1424 2003 et
1440 1971 1573 2004 AEneid.

868 2030 899 2059 6.
922 2028 1008 2059 hunc
1025 2028 1170 2058 eundem
1188 2035 1320 2056 versum
1336 2023 1453 2060 habet,
1475 2023 1574 2054 ‘Non

870 2079 951 2110 mihi
979 2079 1006 2110 si
1034 2083 1173 2110 centum
1200 2076 1326 2117 linguae
1344 2075 1424 2113 sint,
1447 2081 1574 2115 oraque

870 2128 1031 2160 centum.’
1078 2128 1151 2159 Hos
1167 2127 1224 2157 alii
1241 2125 1365 2166 passim
1381 2123 1517 2162 imitati,
1537 2127 1575 2154 ut

869 2180 928 2211 Sil.
943 2180 1023 2211 Ital.
1041 2179 1099 2211 lib.
1114 2188 1163 2209 ιν.
1209 2177 1310 2208 ‘Non
1323 2174 1403 2207 mihi
1418 2173 1576 2206 Maeoniae

871 2230 990 2262 redeat
1004 2230 1031 2261 si
1049 2229 1156 2271 gloria
1170 2228 1308 2268 linguae,
1335 2226 1576 2264 Centenasque

872 2285 972 2320 pater
999 2279 1059 2310 det
1084 2278 1236 2310 Phoebus
1262 2283 1420 2315 rumpere
1449 2271 1576 2304 voces?

872 2329 1075 2362 Claudianus
1105 2328 1139 2358 in
1167 2324 1385 2366 Panegyrico
1415 2321 1578 2354 Probini:

871 2381 968 2412 ‘Non
995 2379 1075 2410 mihi
1099 2377 1252 2410 centenis
1277 2377 1439 2407 resonent
1466 2373 1494 2405 si
1521 2383 1579 2405 vo-

871 2431 969 2462 cibus
1000 2427 1083 2461 ora.'
1127 2428 1185 2460 Sic
1212 2427 1315 2459 etiam
1334 2425 1514 2464 Oratores,
1539 2427 1578 2455 ut

873 2480 1017 2513 Quintil.
1042 2480 1077 2511 in
1099 2478 1165 2510 fine
1181 2478 1336 2508 Declam.
1353 2480 1384 2508 6.
1429 2476 1440 2495 ⁴
1453 2473 1577 2507 Omnia

871 2530 964 2562 licet’
993 2528 1138 2573 (inquit)
1161 2530 1246 2560 ‘huc
1272 2536 1469 2559 revocemus
1493 2534 1577 2565 prae-

873 2582 988 2621 terite,
1013 2585 1050 2612 et
1070 2580 1113 2611 ad
1130 2579 1298 2611 canendas
1324 2577 1422 2608 unius
1448 2573 1579 2612 laudes,

871 2634 1104 2664 universorum
1142 2631 1269 2662 Vatum
1305 2627 1578 2666 scriptorumque

872 2691 931 2715 ora
944 2680 1173 2720 consentiant,
1188 2678 1303 2710 vincet
1319 2679 1431 2707 tamen
1444 2682 1497 2704 res
1513 2671 1578 2703 ista
