1888 3032
289 103 348 145 96

799 114 845 142 A.
880 111 1041 141 PERSH
1077 112 1251 144 FLAcct

291 211 472 253 Scilicet
491 209 708 261 ingenium
728 209 771 246 et
790 219 929 246 rerum
948 206 1178 260 prudentia
1197 208 1329 249 velox

294 278 411 320 Anto
436 279 550 331 pilos
572 275 718 317 venit:
751 273 936 315 dicenda
959 275 1228 328 tacendaque
1249 276 1398 317 calles.
1731 293 1759 316 υ

296 346 411 399 Ergo
432 345 506 385 ubi
529 345 746 383 commota
761 342 898 382 fervet
917 343 1148 395 plebecula
1168 343 1272 393 bile,

297 414 333 454 F
334 418 397 454 ert
417 411 587 452 animus
608 409 767 450 calidae
790 409 947 451 fecisse
968 411 1141 452 silentia
1161 412 1300 452 turbae

288 522 442 558 Periclis3
465 520 552 561 quasi
567 530 638 551 vero
654 519 813 559 ingenium
828 522 858 550 et
885 530 1009 560 pra‘cosr
1024 531 1130 552 rerum.
1151 520 1278 551 solertia
1303 522 1377 550 ante
1405 519 1531 550 barbam
1558 518 1755 558 contingant.

290 566 385 596 Nosti
399 575 469 605 (μα’
484 563 547 595 dici
562 567 592 594 et
607 573 675 603 quae
689 562 786 593 taceri
801 566 954 603 oporteat.

908 658 1023 669 aeaeaeaeaeae

1002 564 1110 603 Igitur
1125 574 1196 594 cum
1217 562 1303 604 plebs
1317 564 1406 594 ardet
1429 563 1567 594 excitata
1583 562 1651 600 bili,
1674 571 1759 593 mens

1026 658 1143 669 ’’’’’’

287 725 396 767 probe
412 728 522 756 tusam
539 728 575 756 et
591 723 733 755 dilutam
752 723 981 764 propinabant
996 724 1026 754 iu
1044 724 1152 755 calice
1169 724 1269 755 modo
1286 724 1633 760 medIcamentorun13
1653 720 1756 762 idque

284 769 364 800 πίειν
392 767 553 809 φάρμακον
588 767 623 798 in
651 767 828 798 Phaedone
856 766 1012 797 Platonis
1038 765 1175 798 dicitur.

1224 767 1460 798 &muham—5
1494 766 1659 797 tacendave
1687 765 1756 795 MS.

950 874 1094 906 NOTAE

283 941 470 982 Imperium
484 950 601 980 regere
615 939 849 981 aggrediaris?

327 992 453 1032 Pupille
474 991 608 1032 Pericli]
648 991 678 1022 Ο
705 990 915 1030 Alcibiades,
932 990 989 1031 qui

283 1043 440 1084 gloriaris
461 1043 572 1073 tutela
588 1046 624 1073 et
640 1041 821 1081 disciplina
843 1039 988 1072 Periclis

283 1093 466 1134 propinqui
497 1092 558 1131 tui,
585 1092 640 1122 cui
666 1091 761 1121 fuisti
796 1090 941 1121 traditus
969 1100 989 1120 a

283 1143 391 1175 Clinia
410 1147 507 1183 patre
524 1142 635 1173 adhuc
648 1141 811 1182 pupillus.
857 1141 913 1171 De
925 1140 989 1171 hoc

282 1192 358 1224 fuse
375 1193 552 1224 Plutarch.
569 1192 602 1223 in
619 1191 694 1232 ejus
711 1192 800 1222 vita:
832 1191 919 1222 Haec
933 1200 989 1230 op-

282 1244 364 1275 time
403 1244 506 1274 etiam
541 1247 701 1274 contorta
734 1241 769 1272 in
803 1241 989 1280 Neronem,

281 1304 383 1335 quem
400 1294 554 1334 Poppaea
569 1293 724 1323 incusans
748 1301 811 1332 per
832 1290 988 1331 facetias,

281 1343 445 1384 pupillum
476 1342 633 1381 vocabat,
651 1341 757 1381 jussis
787 1341 905 1372 alienis
929 1341 987 1372 ob·-

280 1393 430 1431 noxium,
460 1402 525 1422 non
551 1391 652 1422 modo
687 1391 829 1431 Imperii
862 1391 921 1421 sed
951 1395 987 1422 et

277 1443 452 1474 libertatis
477 1442 709 1482 indigentem:
737 1446 774 1471 ut
796 1441 850 1471 cui
881 1441 986 1471 domi>-

279 1497 421 1524 naretur
440 1492 630 1533 Agrippina
647 1497 769 1531 mater,
781 1495 914 1522 tutores
929 1501 985 1521 au-

279 1549 350 1576 tem
366 1549 481 1575 essent
498 1542 650 1574 Buri-hus
677 1547 712 1572 et
733 1542 877 1572 Seneca.
904 1542 984 1573 Cor-

278 1594 345 1624 nel.
374 1593 485 1624 Tacit.
508 1592 630 1623 Annal.
657 1594 709 1622 14.
733 1591 768 1621 in
797 1591 870 1631 ipso
889 1591 985 1622 Libri

279 1643 460 1685 principio.
948 1685 952 1689 .

322 1692 436 1732 Magni
452 1691 584 1730 Pericli]
606 1690 736 1729 Pericli,
750 1700 823 1729 pro,
840 1691 985 1723 Periclis,

278 1744 360 1776 Fuit
389 1743 544 1774 Pericles
577 1741 718 1780 Orator,
744 1740 985 1781 Philosophus,

277 1800 312 1826 et
325 1795 519 1835 Imperator
529 1792 715 1832 Egregius3
729 1790 987 1822 Atheniensium

277 1844 537 1884 Rempublicam
558 1852 662 1872 annos
682 1841 907 1882 quadraginta
933 1837 979 1872 fe-

275 1895 391 1926 liciter
438 1893 696 1925 administravit.
764 1892 982 1932 Plutarchus,

276 1945 382 1977 Prob.
400 1945 471 1975 Cic.
489 1945 521 1974 in
536 1944 658 1974 Bruto.
706 1942 820 1973 Valet.
838 1943 979 1973 Maxim.

278 2004 358 2025 vm.
374 1998 405 2026 9.
430 1994 597 2031 Justinus,
612 1993 671 2023 lib.
695 1999 754 2022 111.
790 1992 869 2022 Non
882 2002 981 2023 nemo

276 2045 426 2086 argutias
451 2044 573 2084 quaerit
588 2043 622 2073 in
638 2052 720 2073 voce
739 2042 870 2081 Pericli,
888 2043 980 2083 quasi

278 2100 422 2135 ponatur
446 2104 508 2134 pro
536 2093 685 2133 periculi:
710 2099 742 2122 et
768 2093 909 2122 allusnm
938 2093 981 2122 sit

273 2145 316 2176 ad
334 2145 366 2175 id
384 2144 475 2185 quod
491 2142 689 2173 Alcibiades
703 2146 920 2181 comparatus
936 2142 980 2171 sit

273 2195 442 2232 leuncul'o,
459 2203 559 2234 quem
578 2197 635 2222 aut
658 2191 818 2223 occidere
845 2197 978 2230 oporte-

277 2249 340 2285 ret,
356 2249 415 2275 aut
438 2249 555 2285 postea
578 2243 738 2273 tolerare.
783 2242 851 2272 Sed
874 2252 979 2283 apage

275 2304 396 2334 nugas.

319 2347 340 2375 4
363 2345 491 2375 Scilicet
518 2343 692 2383 ingenium]
734 2343 871 2374 Ironice
895 2343 980 2383 haec,

276 2398 313 2426 et
330 2394 521 2435 sequentia.

323 2445 501 2485 Ingenium]
533 2445 719 2483 Sapientia,
734 2444 856 2484 judicii
874 2449 980 2474 matu-

274 2497 378 2528 ritas:
414 2497 497 2526 item
528 2500 619 2525 artes
648 2498 684 2524 et
713 2494 877 2524 scientiae.
924 2495 979 2524 Ita

276 2546 503 2578 Casaubonus.

331 2597 451 2627 Rerum
496 2594 679 2635 prudentia]
738 2593 976 2633 Experientia,

273 2657 366 2678 usus.

331 2696 444 2737 Velox]
475 2696 699 2735 Praematura,
727 2699 807 2725 ante
830 2697 978 2733 tempus,

1044 943 1125 970 ante
1154 938 1395 979 pubertatem;
1428 947 1503 979 quae
1535 935 1625 976 apud
1647 935 1756 968 Athe-

1044 989 1178 1020 nienses
1191 989 1390 1020 sumebatur
1411 988 1466 1030 (nt
1483 986 1593 1025 aiunt>
1606 986 1649 1017 ab
1663 996 1752 1018 anno

1045 1040 1156 1070 aetatis
1174 1039 1306 1071 decimo
1324 1044 1457 1071 octavo.
1483 1037 1687 1069 Philostrat.

1087 1093 1105 1119 5
1140 1090 1224 1120 Ante
1245 1089 1339 1129 pilos]
1367 1089 1526 1129 Adeptus
1558 1093 1611 1118 est
1639 1087 1751 1128 Impe-

1044 1140 1129 1170 rium
1154 1140 1248 1170 Nero
1265 1145 1344 1170 ante
1374 1149 1496 1170 annum
1525 1138 1638 1169 aetatis
1663 1138 1757 1170 deci-

1044 1200 1133 1220 mum
1150 1191 1343 1230 septimum.
1367 1190 1510 1221 Sueton.
1527 1189 1657 1220 Neron.
1675 1199 1752 1229 cap.

1043 1243 1074 1271 8.
1110 1241 1245 1271 Cornel.
1273 1240 1381 1271 Tacit.
1418 1240 1541 1270 Annal.
1572 1238 1632 1270 lib.
1666 1248 1751 1270 xm.

1042 1289 1163 1320 initio:
1182 1290 1239 1321 ubi
1264 1295 1299 1322 et
1328 1294 1469 1321 notatur
1494 1290 1589 1331 quasi
1613 1290 1752 1321 vixdum

1043 1340 1224 1380 pueritiam
1241 1350 1410 1380 egressus·

1089 1390 1232 1421 Dicenda
1251 1391 1440 1430 tacendaque
1463 1390 1570 1430 calles]
1615 1391 1752 1431 Ergone

1043 1445 1143 1480 putas
1166 1441 1295 1471 habere
1323 1445 1356 1470 te
1384 1444 1418 1470 et
1444 1439 1570 1470 callere
1596 1449 1650 1479 ea,
1675 1451 1751 1481 quae

1042 1491 1097 1521 vix
1112 1491 1272 1522 diuturno
1288 1500 1401 1521 rerum
1426 1499 1486 1520 usu
1507 1489 1630 1520 doctus
1648 1500 1753 1521 senex

1038 1542 1142 1573 habet
1157 1547 1191 1573 et
1217 1543 1341 1573 callet?
1383 1543 1488 1573 Certe
1505 1546 1542 1572 ut
1566 1542 1690 1573 callum
1717 1542 1750 1574 in

1039 1602 1196 1632 corpore,
1213 1593 1263 1624 ita
1275 1593 1308 1624 in
1326 1592 1437 1623 animo
1453 1590 1669 1632 prudentiam
1681 1601 1748 1622 nou

1039 1643 1130 1682 parit
1169 1643 1231 1673 nisi
1263 1644 1399 1683 longum
1441 1647 1588 1682 tempus.
1645 1643 1748 1676 Ovid.

1040 1694 1182 1723 Metam.
1216 1702 1264 1724 vt.
1305 1695 1314 1710 ‘
1332 1693 1425 1724 Seris
1456 1693 1550 1723 venit
1590 1703 1667 1723 usus
1706 1694 1749 1724 ab

1041 1743 1166 1774 annis:'
1195 1743 1239 1774 Et
1257 1744 1335 1774 alibi
1361 1744 1487 1774 Nestor
1510 1743 1558 1773 ita
1576 1743 1748 1784 loquitur:

1039 1795 1047 1810 ⁴
1067 1795 1204 1825 Etenim
1233 1794 1312 1824 mihi
1337 1794 1445 1824 multa
1472 1798 1623 1825 vetustas
1652 1794 1748 1827 Scire

1038 1844 1164 1874 dedit)

1079 1897 1100 1924 6
1126 1895 1211 1932 Ergo
1225 1893 1276 1924 ubi
1292 1896 1452 1932 commota,
1467 1892 1538 1933 ἅγιε]
1577 1892 1745 1931 Quoniam

1039 1949 1075 1975 tu
1097 1943 1161 1974 tibi
1190 1948 1321 1974 tantum
1339 1953 1491 1983 arrogas,
1517 1948 1553 1974 et
1584 1944 1696 1974 omnia
1713 1937 1747 1974 te

1038 2003 1138 2034 posse
1167 1992 1322 2032 confidis,
1360 1993 1551 2033 periculum
1575 1990 1745 2025 faciamus

1037 2049 1104 2075 tuae,
1122 2044 1282 2074 solertiae.
1414 2079 1416 2081 ,

1081 2095 1242 2124 Commota
1264 2093 1369 2130 ferret
1396 2094 1552 2133 plebecula
1583 2092 1657 2132 bile]
1704 2093 1743 2129 In

1036 2143 1239 2174 seditionem
1257 2152 1368 2182 versa,
1385 2147 1419 2173 et
1437 2143 1554 2173 turbas
1567 2143 1745 2180 miscente.

1079 2194 1201 2235 7<1Jert
1218 2192 1354 2233 animus]
1380 2192 1509 2233 Audes,
1526 2198 1561 2224 et
1577 2197 1742 2233 praestare

1038 2248 1071 2273 te
1091 2253 1189 2283 posse
1207 2253 1272 2273 non
1291 2243 1440 2282 dubitas,
1459 2253 1529 2283 prae
1547 2253 1668 2282 magua
1694 2241 1743 2273 tui

1036 2293 1173 2324 fiducia.
1231 2293 1427 2323 Ammianus
1468 2293 1525 2323 lib.
1558 2302 1662 2324 xxvi.
1696 2293 1744 2326 sic

1036 2343 1160 2374 habet:
1186 2344 1194 2359 ‘
1215 2343 1413 2373 lmmauiter
1440 2347 1618 2382 strepente.
1647 2351 1744 2373 exer-

1036 2394 1118 2431 citu,
1145 2404 1220 2424 cum
1249 2393 1331 2422 cieri
1363 2394 1526 2423 tumultus
1559 2392 1743 2422 violentior

1036 2447 1233 2482 appareret,
1254 2442 1528 2479 Valentinianus,
1552 2442 1643 2472 elata
1667 2451 1744 2481 pro-

1035 2502 1132 2531 spere
1149 2492 1285 2529 dextra,
1299 2496 1335 2521 ut
1349 2492 1515 2530 Princeps
1532 2491 1656 2521 fiducia
1671 2492 1741 2532 ple-

1034 2552 1109 2578 nus,
1124 2552 1223 2572 ausus
1239 2542 1417 2580 increpare
1441 2542 1602 2582 quosdam
1625 2547 1662 2572 ut
1687 2552 1738 2572 se-

1033 2593 1173 2623 ditiosos
1188 2596 1223 2621 et
1240 2591 1445 2630 pertinaces,
1469 2591 1619 2631 cogitatu
1637 2592 1738 2623 nullis

1032 2640 1329 2682 interpellantibus
1344 2640 1565 2672 absolvebat.'

1077 2692 1197 2723 Calidae
1223 2690 1339 2730 turbae]
1379 2691 1556 2731 saevienti,
1579 2690 1739 2723 efferves-
