1888 3032
665 164 826 196 PERSII
873 164 980 195 SA'r.
1014 164 1067 196 lt.

124 243 239 284 finnus]
297 242 365 275 Hic
393 242 436 274 de
463 246 571 274 mox-te
605 243 718 283 patrui
757 247 837 274 vota

132 294 272 333 faciens,
300 293 502 325 benevolum
539 298 653 325 tamen
691 294 837 324 animum

131 344 294 383 ostendit,
330 354 406 375 cum
452 344 616 375 defuncto
655 345 837 385 pollicetur

131 396 334 436 praeclarum
365 394 476 435 funus,
501 397 563 427 hoc
587 402 652 435 est,
677 405 835 436 magnum

128 445 256 477 funeris
269 451 373 487 atque
389 447 606 487 exequiarum
624 452 837 486 apparatum.

131 496 302 528 Casuubon.
348 497 411 527 Vel
434 498 630 536 proeclarum,
647 497 725 536 quia
750 505 834 536 prae-

127 546 253 578 claram
299 547 357 578 dat
404 547 652 578 haereditatem.
686 545 833 576 Turneb-

127 605 231 628 xxvr.
250 599 392 629 14.—Et
408 609 425 629 ο
438 598 481 637 si]
504 597 699 628 Secundum
718 602 834 628 votum

127 648 231 685 avari,
263 653 301 678 ut
332 648 525 679 thesaurum
553 647 641 678 inter
667 647 832 678 arandum

127 696 440 737 inveniat.—-Seria,
460 697 528 737 ἐγω]
552 697 751 737 Oblongum
775 696 832 728 fic-

126 746 184 777 tile
211 757 282 787 vas,
298 752 439 787 argento
464 748 615 788 plenum,
632 752 665 778 et
682 747 716 777 in
740 751 831 778 terra

125 795 310 828 defossum.
334 797 448 828 Lubin.

167 851 205 879 11
234 848 311 888 Sub,
327 848 395 889 ὁμὴ]
429 848 527 879 Inter
542 847 705 878 arandum
728 857 830 888 exop-

124 898 330 929 tatissimum
358 898 438 929 mihi
466 907 582 928 sonum
608 897 829 928 edat—Dex-

123 947 187 988 tro]
210 949 364 980 Hercule
381 947 519 980 favente
544 952 580 980 et
604 947 766 988 propitio,
790 951 829 978 ut

123 999 234 1029 omnia
250 999 374 1030 dextra
391 999 516 1038 felicia,
532 999 669 1030 sinistra
693 1004 727 1030 et
744 999 828 1030 laeva

123 1049 346 1090 inauspicata.
360 1049 477 1081 Lubin.
511 1049 639 1080 Dextro
655 1049 708 1080 hic
723 1051 826 1080 κοινῶς

122 1098 271 1138 positum
285 1109 345 1140 pro
357 1100 555 1137 Βοηθοῦντος.
580 1097 703 1139 ἕρμαιον
714 1100 826 1131 Groeci

123 1155 247 1182 vocant
270 1151 400 1182 lucrum
418 1155 547 1191 praeter
562 1159 656 1190 spem
674 1150 825 1182 oblatum

121 1204 225 1240 atque
242 1200 431 1232 inventum.
462 1200 595 1232 casaub.

163 1252 203 1281 12
227 1250 380 1291 Hercule]
415 1250 628 1292 Opertorum
653 1250 826 1282 thesauro-

119 1308 193 1331 rum
222 1301 367 1341 praeside
390 1301 446 1332 vel
464 1299 671 1341 πλουτοδότῃ,
701 1301 754 1331 cui
786 1311 826 1332 eo

118 1350 253 1383 nomine
276 1351 418 1383 decimae
443 1351 651 1392 penduntur.
686 1352 824 1383 Farnub.

119 1402 374 1443 ——Pupillumve,
409 1402 478 1442 δμη]
529 1402 682 1433 Tertium
710 1408 824 1434 votum

119 1452 221 1491 avari,
244 1457 283 1483 ut
305 1452 455 1492 pupillus
483 1452 664 1483 moriatur:
694 1452 823 1483 utinam

120 1502 281 1543 pupillus,
304 1503 357 1534 cui
380 1503 488 1533 haeres
515 1502 687 1542 proximus
713 1502 746 1532 in
772 1512 823 1533 se-

119 1553 231 1584 cunda
252 1563 332 1584 cera
355 1553 563 1584 constitutus
588 1563 674 1592 sum,
700 1553 823 1584 moria-

119 1608 186 1642 tur,
216 1608 251 1634 et
282 1607 488 1643 expunctus,
527 1602 637 1633 locum
668 1602 821 1642 proximo

116 1654 195 1684 mihi
227 1653 425 1684 succedenti
447 1653 629 1693 relinquat.
661 1652 822 1683 Lahiru.—

116 1702 298 1742 Proximus,
313 1702 382 1742 ἐγὼ]
416 1703 582 1734 Tractum
600 1713 618 1733 a
640 1703 820 1742 militibus,

116 1754 173 1794 qui
197 1754 361 1794 expuncti
379 1754 549 1792 dicuntur,
579 1754 659 1785 dum
683 1753 774 1785 fora<
802 1765 821 1785 a

114 1804 239 1835 militia
253 1805 468 1836 emittuntur.
515 1805 604 1834 Item
622 1804 821 1845 metaphora

116 1866 134 1887 a
158 1856 258 1895 bello,
274 1856 307 1886 in
332 1866 410 1896 quo,
434 1855 581 1886 cadente
610 1856 666 1897 qui
692 1856 820 1896 primus

116 1911 180 1946 est,
195 1907 469 1938 succenturiatui·
483 1907 579 1937 aliu-1.
608 1907 678 1938 Vet.
696 1907 770 1938 Sch.

158 1959 197 1988 13
222 1956 361 1997 Impe110‚
383 1956 452 1996 lya]
478 1957 605 1997 Impello
618 1956 716 1995 dicit,
741 1958 820 1998 quia

116 2016 190 2048 quae
207 2007 357 2046 obstant,
372 2007 590 2047 impellimus,
607 2013 645 2038 ut
669 2017 820 2038 remove-

116 2057 474 2098 amus.—-E.tpungam]
500 2058 570 2089 Per
594 2063 740 2089 mortem
763 2069 819 2089 ex-

114 2107 249 2139 trudam
287 2112 324 2139 et
359 2118 543 2141 amoveam.
601 2109 668 2139 Vel
715 2109 818 2140 etiam

115 2157 246 2188 deleam
271 2158 364 2188 illum
382 2167 400 2188 e
417 2158 544 2196 tabula,
568 2163 606 2189 ut
623 2168 698 2189 cum
715 2159 772 2189 ille
785 2159 818 2189 in

112 2207 315 2239 haereditate
343 2207 469 2248 primus
497 2208 553 2245 sit,
570 2209 601 2239 ei
625 2213 760 2240 mortuo
784 2214 819 2240 et

113 2262 286 2297 expuncto
317 2257 489 2297 proximus
521 2259 714 2290 succedam.
776 2259 818 2290 Id

112 2313 178 2347 est,
201 2309 248 2339 Ut
274 2309 320 2338 ita
338 2309 431 2339 illum
455 2309 667 2340 Testamenti
694 2309 818 2341 tabulis

112 2366 316 2398 expungam,
328 2362 365 2388 ut
379 2359 473 2390 miles
490 2368 533 2389 ex
552 2359 639 2390 bello
653 2361 817 2400 expungi·

111 2408 384 2448 tutu—Namque,
403 2409 473 2449 Era]
497 2408 601 2439 Ratio
618 2409 688 2439 voti
701 2419 743 2440 ex
761 2409 818 2440 ad-

105 2456 229 2497 juncta
258 2457 444 2498 facilitate5
478 2459 568 2500 quod
592 2458 696 2491 facile
729 2460 817 2491 mori

110 2507 230 2547 possit,
244 2518 320 2538 cum
337 2515 460 2540 natura
476 2510 743 2541 valetudinarius
760 2511 816 2551 sit,

110 2557 223 2589 scabie
239 2558 379 2599 obsitus,
394 2567 428 2590 et
457 2560 683 2592 bilesriffusus
707 2568 742 2593 et
767 2567 814 2593 tu-

109 2606 232 2639 midus.
248 2609 362 2642 Lubia-
409 2612 534 2643 Omnia
556 2613 647 2644 enim
672 2624 748 2655 quae
766 2614 813 2644 vi-

109 2658 329 2699 tuperabant,
358 2663 512 2694 scabiosa
539 2663 712 2695 dicebant.
752 2665 814 2695 Ca-

107 2707 372 2751 anathom—Acri]
385 2712 589 2744 vehementi
601 2719 638 2745 et
655 2723 812 2746 accensa.

1506 154 1593 196 223

887 243 1038 275 Turnel).
1056 252 1107 276 vr.
1120 246 1173 275 25.
1187 247 1224 275 et
1240 251 1344 275 xxvr.
1358 244 1410 275 14.

932 297 971 325 14
998 295 1108 334 Nerio,
1122 294 1191 335 ssa]
1208 294 1334 326 Nerius
1351 296 1460 325 morte
1474 293 1591 334 conju-

889 354 965 384 gum
983 345 1229 385 locupletatur,
1245 342 1430 376 foenerator
1454 347 1507 375 est
1521 343 1592 376 fac-

887 399 941 425 tus
972 395 1186 426 notissimus:
1227 394 1269 426 de
1303 405 1369 436 quo
1400 394 1590 426 Horatius:

884 446 892 460 ‘
909 445 1027 476 Scribe
1052 445 1170 476 decem
1199 444 1329 477 Nerio.’
1375 445 1448 476 Dos
1465 444 1555 475 enim
1571 453 1592 476 a

886 494 962 525 cive
986 496 1136 526 Romano
1159 495 1253 536 data,
1268 505 1332 526 non
1356 494 1470 536 patrio
1498 493 1591 526 dicta

885 544 1033 582 nomine,
1049 545 1076 575 si
1101 545 1281 586 repudium
1305 555 1370 576 uon
1395 545 1590 577 intervene-

885 595 940 635 rit,
957 601 1033 636 post
1057 602 1200 627 mortem
1225 597 1336 627 uxoris
1361 597 1402 627 ad.
1430 596 1590 628 maritum

884 649 1047 689 pertinet.
1070 649 1139 680 Vet.
1156 648 1384 688 Sch.——Nerio,
1396 648 1465 688 ssa]
1481 648 1590 681 Quar-

884 703 954 729 tum
982 703 1098 730 votum
1116 699 1222 738 avari,
1246 703 1285 729 ut
1313 707 1417 728 uxore
1442 702 1590 737 mortua,

883 751 947 781 alia
971 760 1047 781 curn
1073 760 1160 780 nova
1185 749 1266 780 dote
1292 748 1450 787 ducatur,
1476 752 1513 780 et
1542 748 1591 780 ita

883 801 1065 841 conjugum
1080 799 1217 831 dotibus
1231 799 1471 839 locupletetur.
1498 798 1591 831 Qua-

880 851 906 881 si
925 851 1042 881 dicat:
1068 850 1192 882 Nerius
1207 850 1265 880 ille
1287 848 1473 880 faenerator
1501 847 1588 879 adeo

881 899 975 941 felix,
995 905 1031 931 ut
1053 900 1125 941 jam
1154 899 1289 931 tertiam
1315 907 1453 929 uxorem
1479 897 1519 928 ad
1537 907 1588 929 se-

882 951 1051 991 pulturam
1076 950 1208 990 efferat,
1236 954 1272 981 et
1299 949 1442 980 retentis
1473 958 1589 980 earum

880 1000 1015 1032 dotibus
1043 1001 1140 1032 dives
1161 1006 1197 1032 et
1220 1000 1402 1041 opulentus
1425 998 1588 1030 evaserit.

878 1052 1094 1092 —Conditur]
1125 1051 1311 1092 Sepelitur,
1322 1048 1464 1081 effertur
1477 1048 1520 1079 ad
1537 1057 1590 1080 ro-

880 1112 968 1142 gum.
1018 1103 1160 1133 Ducitur
1193 1101 1275 1132 alias
1301 1099 1440 1142 legitur,
1464 1098 1588 1131 eodem

878 1151 949 1182 fere
968 1161 1079 1183 sensu.
1109 1151 1225 1183 Lubin.

922 1206 960 1234 15
987 1202 1163 1243 Haec,8sc.]
1190 1200 1307 1233 Verba
1335 1200 1455 1232 Poetae
1481 1201 1590 1232 stulta.

877 1263 1054 1285 avarorum
1084 1259 1164 1285 vota
1178 1252 1366 1284 irridentis.
1413 1251 1515 1286 Quod
1528 1251 1590 1283 im-

877 1304 925 1344 pii
951 1304 1055 1335 etiam
1080 1308 1198 1335 sancte
1222 1307 1342 1344 petere
1367 1302 1588 1334 studeant.—

877 1354 1007 1396 Sancte]
1032 1354 1110 1385 Rite
1128 1358 1165 1385 et
1180 1353 1312 1395 legibus
1328 1363 1367 1384 ac
1385 1353 1586 1384 ceremoniis

877 1405 1078 1444 observatis,
1096 1404 1218 1446 quibus
1245 1407 1380 1435 cautum
1398 1412 1441 1433 ne
1457 1403 1589 1434 hester-

876 1465 919 1486 na
949 1456 1085 1486 Venere
1114 1454 1282 1496 inquinati
1310 1455 1404 1485 Deos
1440 1452 1588 1493 adirent,

876 1505 934 1536 sed
953 1505 1045 1545 prius
1061 1515 1160 1536 mane
1182 1514 1267 1545 pure
1294 1505 1462 1542 lavarent,
1480 1503 1584 1545 idque

874 1555 951 1586 vivo
979 1554 1326 1586 flumine.--Tiberino
1356 1555 1401 1594 iu,
1429 1553 1499 1594 fisa]
1538 1553 1582 1585 In

874 1605 995 1636 Tiberi
1011 1605 1148 1637 flumine
1176 1605 1226 1636 bis
1253 1609 1349 1636 terve
1367 1609 1471 1645 caput
1488 1608 1584 1636 tuum

874 1655 994 1686 abluis.
1041 1656 1139 1687 Idem.

917 1709 957 1737 16
986 1707 1043 1747 Et,
1070 1706 1139 1747 ξω]
1175 1707 1391 1738 Nocturnum
1420 1704 1585 1737 concubi-

872 1760 956 1796 tum,
972 1757 1153 1789 illecebras
1166 1756 1324 1794 Veneris‚
1338 1755 1456 1787 sordes
1469 1765 1487 1786 e
1504 1765 1584 1794 noc*-

872 1811 973 1837 turna
995 1807 1132 1838 Venere
1163 1810 1372 1844 contractas,
1400 1814 1584 1846 purgas.—

871 1857 948 1896 Bis]
971 1857 1129 1888 Binarius
1147 1866 1307 1887 numerus
1323 1856 1402 1887 olim
1419 1856 1454 1886 in
1480 1855 1582 1887 sacri-

870 1906 955 1937 ficiis
974 1907 1346 1947 usurpatus.-—Te1·que]
1382 1906 1450 1939 Qui
1466 1915 1582 1938 nume-

870 1965 924 1987 rus
941 1956 1127 1997 perfectus,
1142 1967 1207 1999 quo
1231 1957 1362 1998 impare
1382 1957 1478 1988 Deus
1501 1965 1580 1998 gau-

870 2007 942 2038 det.
986 2008 1099 2039 Lubin.

914 2060 953 2088 17
979 2058 1078 2098 Heus,
1093 2058 1161 2099 ἔξω]
1195 2057 1416 2098 Apostrophe
1441 2057 1484 2089 ad
1501 2067 1583 2089 ava-

870 2120 957 2149 rum,
970 2121 1069 2151 quem
1082 2111 1154 2151 jam
1169 2110 1212 2141 ad
1225 2110 1291 2141 sibi
1305 2109 1580 2150 respondendum

868 2160 991 2191 invitat
1022 2171 1065 2191 ex
1096 2161 1280 2201 adjunctis,
1305 2161 1395 2202 quod
1425 2160 1459 2191 id
1489 2160 1579 2200 quod

868 2217 1049 2251 rogaturus
1087 2212 1145 2250 sit,
1185 2212 1345 2252 exiguum
1383 2212 1438 2242 sit.
1484 2211 1576 2242 Heus

868 2260 984 2301 impie,
1009 2261 1144 2300 stolide,
1160 2261 1578 2306 flagitiosa—Minimum]

869 2310 1099 2342 Quasidicat:
1120 2311 1197 2342 Non
1215 2312 1273 2342 diu
1288 2317 1321 2343 te
1334 2312 1576 2352 interrogando

867 2359 1048 2399 detineb03
1097 2371 1240 2402 parvum
1273 2366 1337 2402 est,
1369 2361 1458 2402 quod
1490 2371 1510 2393 a
1541 2365 1577 2393 te

866 2411 953 2442 scire
968 2418 1106 2452 expeto.
1132 2411 1203 2443 Alii
1216 2412 1348 2452 legunt,
1364 2412 1494 2443 nimium
1507 2414 1567 2444 est.

866 2460 974 2493 Idem.

909 2515 949 2543 15
987 2513 1048 2551 De,
1075 2512 1145 2553 δῖα]
1184 2513 1419 2555 Dialogismus
1452 2511 1573 2544 Poe'tae

865 2571 943 2593 cum
956 2572 1075 2601 avaro,
1091 2562 1148 2593 ubi
1164 2562 1267 2594 docet
1283 2563 1385 2603 impia
1404 2561 1574 2592 hommum

864 2618 945 2645 vota
961 2613 1038 2644 Diis
1055 2614 1190 2655 ingrata
1205 2623 1290 2644 esse.
1336 2611 1574 2643 Lubim-—Ese-

862 2674 913 2704 ne,
928 2663 996 2704 asma]
1020 2664 1090 2695 Pro
1104 2673 1276 2705 pra-ponas.
1305 2663 1351 2693 Et
1365 2661 1574 2700 distinguen-

863 2715 943 2746 dum
960 2720 1040 2756 post
1056 2724 1174 2747 vocem
1191 2714 1285 2744 hunc.
1311 2710 1472 2744 Nondum
1489 2711 1574 2744 Per·
