<?xml version="1.0" encoding="UTF-8"?>
<!DOCTYPE html PUBLIC "-//W3C//DTD XHTML 1.0 Transitional//EN"
    "http://www.w3.org/TR/xhtml1/DTD/xhtml1-transitional.dtd">
<html xmlns="http://www.w3.org/1999/xhtml" xml:lang="en" lang="en">
 <head>
  <title>
</title>
<meta http-equiv="Content-Type" content="text/html;charset=utf-8" />
  <meta name='ocr-system' content='tesseract 3.04.00' />
  <meta name='ocr-capabilities' content='ocr_page ocr_carea ocr_par ocr_line ocrx_word'/>
</head>
<body>
  <div class='ocr_page' id='page_1' title='image "./operaomnia00persuoft_0050.png"; bbox 0 0 1888 3032; ppageno 0'>
   <div class='ocr_carea' id='block_1_1' title="bbox 234 167 292 209">
    <p class='ocr_par' dir='ltr' id='par_1_1' title="bbox 234 167 292 209">
     <span class='ocr_line' id='line_1_1' title="bbox 234 167 292 209; baseline 0.069 -3"><span class='ocrx_word' id='word_1_1' title='bbox 234 167 292 209; x_wconf 81' lang='lat'>:38</span> 
     </span>
    </p>
   </div>
   <div class='ocr_carea' id='block_1_2' title="bbox 743 174 1192 214">
    <p class='ocr_par' dir='ltr' id='par_1_2' title="bbox 743 174 1192 214">
     <span class='ocr_line' id='line_1_2' title="bbox 743 174 1192 214; baseline 0.004 -11"><span class='ocrx_word' id='word_1_2' title='bbox 743 174 787 203; x_wconf 81' lang='lat' dir='ltr'>A.</span> <span class='ocrx_word' id='word_1_3' title='bbox 821 175 1001 214; x_wconf 57' lang='lat' dir='ltr'>mansu,</span> <span class='ocrx_word' id='word_1_4' title='bbox 1019 174 1192 206; x_wconf 72' lang='lat' dir='ltr'>FLAcm</span> 
     </span>
    </p>
   </div>
   <div class='ocr_carea' id='block_1_3' title="bbox 236 270 1412 393">
    <p class='ocr_par' dir='ltr' id='par_1_3' title="bbox 236 270 1412 393">
     <span class='ocr_line' id='line_1_3' title="bbox 236 270 1372 324; baseline 0 -10"><span class='ocrx_word' id='word_1_5' title='bbox 236 272 364 314; x_wconf 88' lang='lat' dir='ltr'>Unde</span> <span class='ocrx_word' id='word_1_6' title='bbox 383 272 564 322; x_wconf 87' lang='lat' dir='ltr'>Remus,</span> <span class='ocrx_word' id='word_1_7' title='bbox 588 271 799 324; x_wconf 81' lang='lat' dir='ltr'>sulcoque</span> <span class='ocrx_word' id='word_1_8' title='bbox 821 273 958 311; x_wconf 84' lang='lat' dir='ltr'>terens</span> <span class='ocrx_word' id='word_1_9' title='bbox 980 270 1184 322; x_wconf 84' lang='lat' dir='ltr'>dentalia,</span> <span class='ocrx_word' id='word_1_10' title='bbox 1207 272 1372 323; x_wconf 79' lang='lat' dir='ltr'>Quinti,</span> 
     </span>
     <span class='ocr_line' id='line_1_4' title="bbox 238 338 1412 393; baseline 0 -11"><span class='ocrx_word' id='word_1_11' title='bbox 238 340 352 382; x_wconf 87' lang='lat' dir='ltr'>Cum</span> <span class='ocrx_word' id='word_1_12' title='bbox 372 339 542 393; x_wconf 81' lang='lat' dir='ltr'>trepida</span> <span class='ocrx_word' id='word_1_13' title='bbox 562 341 661 378; x_wconf 84' lang='lat' dir='ltr'>ante</span> <span class='ocrx_word' id='word_1_14' title='bbox 682 338 819 380; x_wconf 88' lang='lat' dir='ltr'>boves</span> <span class='ocrx_word' id='word_1_15' title='bbox 842 338 1096 379; x_wconf 80' lang='lat' dir='ltr'>dictatorem</span> <span class='ocrx_word' id='word_1_16' title='bbox 1127 340 1266 381; x_wconf 85' lang='lat' dir='ltr'>induit</span> <span class='ocrx_word' id='word_1_17' title='bbox 1285 355 1412 391; x_wconf 81' lang='lat' dir='ltr'>uxor,</span> 
     </span>
    </p>
   </div>
   <div class='ocr_carea' id='block_1_4' title="bbox 235 406 1338 462">
    <p class='ocr_par' dir='ltr' id='par_1_4' title="bbox 235 406 1338 462">
     <span class='ocr_line' id='line_1_5' title="bbox 235 406 1338 462; baseline -0.001 -12"><span class='ocrx_word' id='word_1_18' title='bbox 235 409 292 450; x_wconf 91' lang='lat' dir='ltr'>Et</span> <span class='ocrx_word' id='word_1_19' title='bbox 313 413 385 450; x_wconf 85' lang='lat' dir='ltr'>tua</span> <span class='ocrx_word' id='word_1_20' title='bbox 408 412 550 448; x_wconf 75' lang='lat' dir='ltr'>aratra</span> <span class='ocrx_word' id='word_1_21' title='bbox 566 406 743 446; x_wconf 84' lang='lat' dir='ltr'>domum</span> <span class='ocrx_word' id='word_1_22' title='bbox 762 407 890 448; x_wconf 80' lang='lat' dir='ltr'>lictor</span> <span class='ocrx_word' id='word_1_23' title='bbox 908 408 1004 448; x_wconf 76' lang='lat' dir='ltr'>tulit</span> <span class='ocrx_word' id='word_1_24' title='bbox 1021 422 1029 449; x_wconf 92' lang='lat'><strong>:</strong></span> <span class='ocrx_word' id='word_1_25' title='bbox 1054 422 1160 461; x_wconf 76' lang='lat' dir='ltr'>euge</span> <span class='ocrx_word' id='word_1_26' title='bbox 1179 408 1338 462; x_wconf 67' lang='lat' dir='ltr'>poeta!</span> 
     </span>
    </p>
   </div>
   <div class='ocr_carea' id='block_1_5' title="bbox 292 473 1354 527">
    <p class='ocr_par' dir='ltr' id='par_1_5' title="bbox 292 473 1354 527">
     <span class='ocr_line' id='line_1_6' title="bbox 292 473 1354 527; baseline 0 -10"><span class='ocrx_word' id='word_1_27' title='bbox 292 476 371 517; x_wconf 80' lang='lat' dir='ltr'>Est</span> <span class='ocrx_word' id='word_1_28' title='bbox 391 487 519 522; x_wconf 87' lang='lat' dir='ltr'>nunc,</span> <span class='ocrx_word' id='word_1_29' title='bbox 543 473 707 514; x_wconf 82' lang='lat' dir='ltr'>Briseis</span> <span class='ocrx_word' id='word_1_30' title='bbox 729 487 858 527; x_wconf 90' lang='lat' dir='ltr'>quem</span> <span class='ocrx_word' id='word_1_31' title='bbox 878 488 1071 515; x_wconf 73' lang='lat' dir='ltr'>venosus</span> <span class='ocrx_word' id='word_1_32' title='bbox 1090 476 1197 516; x_wconf 87' lang='lat' dir='ltr'>liber</span> <span class='ocrx_word' id='word_1_33' title='bbox 1224 475 1354 526; x_wconf 76' lang='lat' dir='ltr'>Acci,</span> 
     </span>
    </p>
   </div>
   <div class='ocr_carea' id='block_1_6' title="bbox 234 594 1703 678">
    <p class='ocr_par' dir='ltr' id='par_1_6' title="bbox 234 594 1703 678">
     <span class='ocr_line' id='line_1_7' title="bbox 236 594 1703 637; baseline 0.001 -11"><span class='ocrx_word' id='word_1_34' title='bbox 236 596 363 631; x_wconf 79' lang='lat' dir='ltr'>Remus,</span> <span class='ocrx_word' id='word_1_35' title='bbox 389 597 419 624; x_wconf 76' lang='lat' dir='ltr'>et</span> <span class='ocrx_word' id='word_1_36' title='bbox 436 598 471 624; x_wconf 81' lang='lat' dir='ltr'>tu</span> <span class='ocrx_word' id='word_1_37' title='bbox 490 603 636 634; x_wconf 71' lang='lat' dir='ltr'>quoque,</span> <span class='ocrx_word' id='word_1_38' title='bbox 665 604 684 624; x_wconf 93' lang='grc' dir='ltr'>ο</span> <span class='ocrx_word' id='word_1_39' title='bbox 703 594 826 634; x_wconf 78' lang='lat' dir='ltr'>Quinti,</span> <span class='ocrx_word' id='word_1_40' title='bbox 841 598 978 625; x_wconf 72' lang='lat' dir='ltr'>atterens</span> <span class='ocrx_word' id='word_1_41' title='bbox 999 598 1139 625; x_wconf 76' lang='lat' dir='ltr'><strong><em>aratrum</em></strong></span> <span class='ocrx_word' id='word_1_42' title='bbox 1154 596 1273 627; x_wconf 73' lang='lat' dir='ltr'>sulcata</span> <span class='ocrx_word' id='word_1_43' title='bbox 1287 597 1399 635; x_wconf 88' lang='lat' dir='ltr'>humo,</span> <span class='ocrx_word' id='word_1_44' title='bbox 1424 607 1511 637; x_wconf 80' lang='lat' dir='ltr'>quem</span> <span class='ocrx_word' id='word_1_45' title='bbox 1527 600 1597 628; x_wconf 76' lang='lat' dir='ltr'>ante</span> <span class='ocrx_word' id='word_1_46' title='bbox 1614 597 1703 629; x_wconf 72' lang='lat' dir='ltr'>boves</span> 
     </span>
     <span class='ocr_line' id='line_1_8' title="bbox 234 636 1703 678; baseline 0.003 -11"><span class='ocrx_word' id='word_1_47' title='bbox 234 639 343 675; x_wconf 64' lang='lat' dir='ltr'>conjux</span> <span class='ocrx_word' id='word_1_48' title='bbox 372 637 507 668; x_wconf 70' lang='lat' dir='ltr'>attonita</span> <span class='ocrx_word' id='word_1_49' title='bbox 534 636 659 666; x_wconf 68' lang='lat' dir='ltr'>restitit</span> <span class='ocrx_word' id='word_1_50' title='bbox 685 638 862 668; x_wconf 56' lang='lat' dir='ltr'>Dii-tutoris</span> <span class='ocrx_word' id='word_1_51' title='bbox 890 642 984 677; x_wconf 68' lang='lat' dir='ltr'>reste,</span> <span class='ocrx_word' id='word_1_52' title='bbox 1013 642 1043 668; x_wconf 78' lang='lat' dir='ltr'>et</span> <span class='ocrx_word' id='word_1_53' title='bbox 1072 639 1173 669; x_wconf 73' lang='lat' dir='ltr'>riatur</span> <span class='ocrx_word' id='word_1_54' title='bbox 1199 640 1369 678; x_wconf 64' lang='lat' dir='ltr'>reportarit</span> <span class='ocrx_word' id='word_1_55' title='bbox 1399 644 1539 671; x_wconf 56' lang='lat' dir='ltr'>matrum</span> <span class='ocrx_word' id='word_1_56' title='bbox 1570 645 1654 671; x_wconf 76' lang='lat' dir='ltr'>tuum</span> <span class='ocrx_word' id='word_1_57' title='bbox 1670 641 1703 671; x_wconf 75' lang='lat' dir='ltr'>in</span> 
     </span>
    </p>
   </div>
   <div class='ocr_carea' id='block_1_7' title="bbox 233 682 415 711">
    <p class='ocr_par' dir='ltr' id='par_1_7' title="bbox 233 682 415 711">
     <span class='ocr_line' id='line_1_9' title="bbox 233 682 415 711; baseline -0.011 0"><span class='ocrx_word' id='word_1_58' title='bbox 233 682 314 711; x_wconf 67' lang='lat' dir='ltr'>(edes</span> <span class='ocrx_word' id='word_1_59' title='bbox 329 685 415 711; x_wconf 83' lang='lat' dir='ltr'>tuas.</span> 
     </span>
    </p>
   </div>
   <div class='ocr_carea' id='block_1_8' title="bbox 845 775 962 786">
    <p class='ocr_par' dir='ltr' id='par_1_8' title="bbox 845 775 962 786">
     <span class='ocr_line' id='line_1_10' title="bbox 845 775 962 786; baseline -0.009 0"><span class='ocrx_word' id='word_1_60' title='bbox 845 775 962 786; x_wconf 61' lang='lat' dir='ltr'>aeaeaeaeaeae</span> 
     </span>
    </p>
   </div>
   <div class='ocr_carea' id='block_1_9' title="bbox 462 679 1704 724">
    <p class='ocr_par' dir='ltr' id='par_1_9' title="bbox 462 679 1704 724">
     <span class='ocr_line' id='line_1_11' title="bbox 462 679 1704 724; baseline 0.004 -15"><span class='ocrx_word' id='word_1_61' title='bbox 462 680 582 719; x_wconf 61' lang='lat' dir='ltr'>illuvie,</span> <span class='ocrx_word' id='word_1_62' title='bbox 609 690 625 709; x_wconf 89' lang='grc' dir='ltr'><em>ο</em></span> <span class='ocrx_word' id='word_1_63' title='bbox 648 679 740 710; x_wconf 73' lang='lat' dir='ltr'>Vates</span> <span class='ocrx_word' id='word_1_64' title='bbox 754 690 765 716; x_wconf 88' lang='lat'><em>;</em></span> <span class='ocrx_word' id='word_1_65' title='bbox 780 681 1009 720; x_wconf 75' lang='lat' dir='ltr'>reperilurjmn</span> <span class='ocrx_word' id='word_1_66' title='bbox 1036 682 1168 722; x_wconf 79' lang='lat' dir='ltr'>aliquis,</span> <span class='ocrx_word' id='word_1_67' title='bbox 1182 692 1268 722; x_wconf 77' lang='lat' dir='ltr'>quem</span> <span class='ocrx_word' id='word_1_68' title='bbox 1291 683 1467 714; x_wconf 77' lang='lat' dir='ltr'>delectent</span> <span class='ocrx_word' id='word_1_69' title='bbox 1496 683 1613 724; x_wconf 74' lang='lat' dir='ltr'>scripta</span> <span class='ocrx_word' id='word_1_70' title='bbox 1638 687 1704 713; x_wconf 76' lang='lat' dir='ltr'>tur-</span> 
     </span>
    </p>
   </div>
   <div class='ocr_carea' id='block_1_10' title="bbox 968 775 1079 787">
    <p class='ocr_par' dir='ltr' id='par_1_10' title="bbox 968 775 1079 787">
     <span class='ocr_line' id='line_1_12' title="bbox 968 775 1079 787; baseline 0.018 -2"><span class='ocrx_word' id='word_1_71' title='bbox 968 775 1079 787; x_wconf 67' lang='lat' dir='ltr'>aeaeaeaeaeae</span> 
     </span>
    </p>
   </div>
   <div class='ocr_carea' id='block_1_11' title="bbox 234 830 1701 916">
    <p class='ocr_par' dir='ltr' id='par_1_11' title="bbox 234 830 1701 916">
     <span class='ocr_line' id='line_1_13' title="bbox 234 830 1701 874; baseline 0.003 -15"><span class='ocrx_word' id='word_1_72' title='bbox 234 835 267 861; x_wconf 74' lang='lat' dir='ltr'>c=t</span> <span class='ocrx_word' id='word_1_73' title='bbox 282 830 464 862; x_wconf 85' lang='lat' dir='ltr'>humilibus</span> <span class='ocrx_word' id='word_1_74' title='bbox 481 831 604 871; x_wconf 75' lang='lat' dir='ltr'>stylum</span> <span class='ocrx_word' id='word_1_75' title='bbox 622 831 864 862; x_wconf 81' lang='lat' dir='ltr'>exercuissent.</span> <span class='ocrx_word' id='word_1_76' title='bbox 885 832 1144 864; x_wconf 58' lang='lat' dir='ltr'>mmmmm—72</span> <span class='ocrx_word' id='word_1_77' title='bbox 1161 834 1285 864; x_wconf 78' lang='lat' dir='ltr'>Parilia</span> <span class='ocrx_word' id='word_1_78' title='bbox 1296 833 1389 864; x_wconf 86' lang='lat' dir='ltr'>Edit.</span> <span class='ocrx_word' id='word_1_79' title='bbox 1403 834 1520 874; x_wconf 76' lang='lat' dir='ltr'>steph.</span> <span class='ocrx_word' id='word_1_80' title='bbox 1535 839 1568 865; x_wconf 89' lang='lat' dir='ltr'>et</span> <span class='ocrx_word' id='word_1_81' title='bbox 1585 834 1701 865; x_wconf 85' lang='lat' dir='ltr'>multae</span> 
     </span>
     <span class='ocr_line' id='line_1_14' title="bbox 234 874 1700 916; baseline 0.003 -13"><span class='ocrx_word' id='word_1_82' title='bbox 234 874 409 905; x_wconf 57' lang='lat' dir='ltr'>Eum—74</span> <span class='ocrx_word' id='word_1_83' title='bbox 436 874 534 908; x_wconf 77' lang='lat' dir='ltr'>Quem</span> <span class='ocrx_word' id='word_1_84' title='bbox 544 874 715 904; x_wconf 74' lang='lat' dir='ltr'>dictatura.</span> <span class='ocrx_word' id='word_1_85' title='bbox 740 875 806 905; x_wconf 83' lang='lat' dir='ltr'>Ms.</span> <span class='ocrx_word' id='word_1_86' title='bbox 825 875 991 906; x_wconf 57' lang='lat' dir='ltr'>Gar—76</span> <span class='ocrx_word' id='word_1_87' title='bbox 1014 876 1100 907; x_wconf 67' lang='lat' dir='ltr'>Attii</span> <span class='ocrx_word' id='word_1_88' title='bbox 1118 878 1184 908; x_wconf 76' lang='lat' dir='ltr'>Ms.</span> <span class='ocrx_word' id='word_1_89' title='bbox 1199 877 1242 908; x_wconf 82' lang='lat' dir='ltr'>R.</span> <span class='ocrx_word' id='word_1_90' title='bbox 1268 876 1375 907; x_wconf 82' lang='lat' dir='ltr'>Brisei</span> <span class='ocrx_word' id='word_1_91' title='bbox 1391 882 1489 907; x_wconf 85' lang='lat' dir='ltr'>vetus</span> <span class='ocrx_word' id='word_1_92' title='bbox 1507 877 1611 907; x_wconf 88' lang='lat' dir='ltr'>lectio</span> <span class='ocrx_word' id='word_1_93' title='bbox 1627 881 1700 916; x_wconf 82' lang='lat' dir='ltr'>est3</span> 
     </span>
    </p>
   </div>
   <div class='ocr_carea' id='block_1_12' title="bbox 233 916 1009 957">
    <p class='ocr_par' dir='ltr' id='par_1_12' title="bbox 233 916 1009 957">
     <span class='ocr_line' id='line_1_15' title="bbox 233 916 1009 957; baseline 0.003 -11"><span class='ocrx_word' id='word_1_94' title='bbox 233 916 354 947; x_wconf 70' lang='lat' dir='ltr'>etAcci</span> <span class='ocrx_word' id='word_1_95' title='bbox 370 926 381 952; x_wconf 88' lang='lat'><em>;</em></span> <span class='ocrx_word' id='word_1_96' title='bbox 396 926 462 947; x_wconf 89' lang='lat' dir='ltr'>non</span> <span class='ocrx_word' id='word_1_97' title='bbox 476 917 608 955; x_wconf 69' lang='lat' dir='ltr'>Brisa-i,</span> <span class='ocrx_word' id='word_1_98' title='bbox 634 926 744 957; x_wconf 87' lang='lat' dir='ltr'>neque</span> <span class='ocrx_word' id='word_1_99' title='bbox 766 917 842 948; x_wconf 77' lang='lat' dir='ltr'>Acti</span> <span class='ocrx_word' id='word_1_100' title='bbox 857 918 909 948; x_wconf 93' lang='lat' dir='ltr'>vel</span> <span class='ocrx_word' id='word_1_101' title='bbox 925 918 1009 949; x_wconf 72' lang='lat' dir='ltr'>Atti.</span> 
     </span>
    </p>
   </div>
   <div class='ocr_carea' id='block_1_13' title="bbox 1056 919 1701 960">
    <p class='ocr_par' dir='ltr' id='par_1_13' title="bbox 1056 919 1701 960">
     <span class='ocr_line' id='line_1_16' title="bbox 1056 919 1701 960; baseline 0.002 -11"><span class='ocrx_word' id='word_1_102' title='bbox 1056 920 1122 949; x_wconf 79' lang='lat' dir='ltr'>Sed</span> <span class='ocrx_word' id='word_1_103' title='bbox 1141 930 1202 960; x_wconf 83' lang='lat' dir='ltr'>pro</span> <span class='ocrx_word' id='word_1_104' title='bbox 1220 920 1327 950; x_wconf 62' lang='lat' dir='ltr'>Brisa·</span> <span class='ocrx_word' id='word_1_105' title='bbox 1345 922 1420 960; x_wconf 82' lang='lat' dir='ltr'>lego</span> <span class='ocrx_word' id='word_1_106' title='bbox 1441 921 1574 950; x_wconf 75' lang='lat' dir='ltr'>Briseis.-</span> <span class='ocrx_word' id='word_1_107' title='bbox 1598 919 1701 950; x_wconf 88' lang='lat' dir='ltr'>notis-</span> 
     </span>
    </p>
   </div>
   <div class='ocr_carea' id='block_1_14' title="bbox 232 958 1700 1003">
    <p class='ocr_par' dir='ltr' id='par_1_14' title="bbox 232 958 1700 1003">
     <span class='ocr_line' id='line_1_17' title="bbox 232 958 1700 1003; baseline 0.003 -14"><span class='ocrx_word' id='word_1_108' title='bbox 232 960 350 990; x_wconf 83' lang='lat' dir='ltr'>simum</span> <span class='ocrx_word' id='word_1_109' title='bbox 366 958 515 990; x_wconf 80' lang='lat' dir='ltr'>foeminae</span> <span class='ocrx_word' id='word_1_110' title='bbox 532 969 652 990; x_wconf 86' lang='lat' dir='ltr'>nomeu</span> <span class='ocrx_word' id='word_1_111' title='bbox 667 969 707 990; x_wconf 81' lang='lat' dir='ltr'>ex</span> <span class='ocrx_word' id='word_1_112' title='bbox 723 960 884 1001; x_wconf 81' lang='lat' dir='ltr'>Homero,</span> <span class='ocrx_word' id='word_1_113' title='bbox 899 965 934 992; x_wconf 89' lang='lat' dir='ltr'>et</span> <span class='ocrx_word' id='word_1_114' title='bbox 951 962 1024 992; x_wconf 90' lang='lat' dir='ltr'>aliis</span> <span class='ocrx_word' id='word_1_115' title='bbox 1042 962 1177 993; x_wconf 62' lang='lat' dir='ltr'>Poetis:</span> <span class='ocrx_word' id='word_1_116' title='bbox 1195 963 1267 1002; x_wconf 81' lang='lat' dir='ltr'>ejus</span> <span class='ocrx_word' id='word_1_117' title='bbox 1283 973 1380 994; x_wconf 85' lang='lat' dir='ltr'>casus</span> <span class='ocrx_word' id='word_1_118' title='bbox 1397 963 1586 1003; x_wconf 68' lang='lat' dir='ltr'>Tragoediae</span> <span class='ocrx_word' id='word_1_119' title='bbox 1602 971 1700 993; x_wconf 88' lang='lat' dir='ltr'>nemo</span> 
     </span>
    </p>
   </div>
   <div class='ocr_carea' id='block_1_15' title="bbox 894 1058 1034 1090">
    <p class='ocr_par' dir='ltr' id='par_1_15' title="bbox 894 1058 1034 1090">
     <span class='ocr_line' id='line_1_18' title="bbox 894 1058 1034 1090; baseline -0.007 0"><span class='ocrx_word' id='word_1_120' title='bbox 894 1059 924 1090; x_wconf 90' lang='lat' dir='ltr'>N</span> <span class='ocrx_word' id='word_1_121' title='bbox 933 1058 1034 1090; x_wconf 77' lang='lat' dir='ltr'>OTAE</span> 
     </span>
    </p>
   </div>
   <div class='ocr_carea' id='block_1_16' title="bbox 216 1133 935 2744">
    <p class='ocr_par' dir='ltr' id='par_1_16' title="bbox 225 1133 935 1420">
     <span class='ocr_line' id='line_1_19' title="bbox 228 1133 935 1176; baseline 0.003 -13"><span class='ocrx_word' id='word_1_122' title='bbox 228 1133 392 1174; x_wconf 84' lang='lat' dir='ltr'>vigesima</span> <span class='ocrx_word' id='word_1_123' title='bbox 408 1135 516 1175; x_wconf 81' lang='lat' dir='ltr'>prima</span> <span class='ocrx_word' id='word_1_124' title='bbox 537 1135 592 1166; x_wconf 86' lang='lat' dir='ltr'>die</span> <span class='ocrx_word' id='word_1_125' title='bbox 610 1134 748 1176; x_wconf 82' lang='lat' dir='ltr'>Aprilis.</span> <span class='ocrx_word' id='word_1_126' title='bbox 795 1135 935 1166; x_wconf 80' lang='lat' dir='ltr'>Festum</span> 
     </span>
     <span class='ocr_line' id='line_1_20' title="bbox 230 1184 934 1226; baseline 0.004 -13"><span class='ocrx_word' id='word_1_127' title='bbox 230 1184 379 1224; x_wconf 78' lang='lat' dir='ltr'>agebant</span> <span class='ocrx_word' id='word_1_128' title='bbox 395 1185 437 1215; x_wconf 87' lang='lat' dir='ltr'>ad</span> <span class='ocrx_word' id='word_1_129' title='bbox 454 1186 618 1216; x_wconf 85' lang='lat' dir='ltr'>arcendos</span> <span class='ocrx_word' id='word_1_130' title='bbox 636 1186 733 1226; x_wconf 90' lang='lat' dir='ltr'>lupos</span> <span class='ocrx_word' id='word_1_131' title='bbox 750 1189 783 1216; x_wconf 85' lang='lat' dir='ltr'>et</span> <span class='ocrx_word' id='word_1_132' title='bbox 800 1185 934 1216; x_wconf 84' lang='lat' dir='ltr'><strong>morbos</strong></span> 
     </span>
     <span class='ocr_line' id='line_1_21' title="bbox 231 1236 934 1274; baseline 0.004 -11"><span class='ocrx_word' id='word_1_133' title='bbox 231 1244 249 1263; x_wconf 85' lang='lat' dir='ltr'>a</span> <span class='ocrx_word' id='word_1_134' title='bbox 268 1244 415 1274; x_wconf 88' lang='lat' dir='ltr'>pecore:</span> <span class='ocrx_word' id='word_1_135' title='bbox 441 1236 495 1266; x_wconf 82' lang='lat' dir='ltr'>vel</span> <span class='ocrx_word' id='word_1_136' title='bbox 519 1241 556 1267; x_wconf 89' lang='lat' dir='ltr'>ut</span> <span class='ocrx_word' id='word_1_137' title='bbox 582 1236 665 1267; x_wconf 84' lang='lat' dir='ltr'>felix</span> <span class='ocrx_word' id='word_1_138' title='bbox 694 1244 786 1268; x_wconf 88' lang='lat' dir='ltr'>esset</span> <span class='ocrx_word' id='word_1_139' title='bbox 811 1242 846 1267; x_wconf 90' lang='lat' dir='ltr'>et</span> <span class='ocrx_word' id='word_1_140' title='bbox 873 1236 934 1266; x_wconf 83' lang='lat' dir='ltr'>foe-</span> 
     </span>
     <span class='ocr_line' id='line_1_22' title="bbox 227 1285 934 1327; baseline 0.003 -12"><span class='ocrx_word' id='word_1_141' title='bbox 227 1285 356 1316; x_wconf 84' lang='lat' dir='ltr'>cundus</span> <span class='ocrx_word' id='word_1_142' title='bbox 383 1287 517 1326; x_wconf 84' lang='lat' dir='ltr'>pecoris</span> <span class='ocrx_word' id='word_1_143' title='bbox 544 1292 682 1327; x_wconf 82' lang='lat' dir='ltr'>partus:</span> <span class='ocrx_word' id='word_1_144' title='bbox 709 1287 798 1318; x_wconf 87' lang='lat' dir='ltr'>unde</span> <span class='ocrx_word' id='word_1_145' title='bbox 816 1288 934 1327; x_wconf 81' lang='lat' dir='ltr'>legunt</span> 
     </span>
     <span class='ocr_line' id='line_1_23' title="bbox 227 1336 931 1377; baseline 0.003 -11"><span class='ocrx_word' id='word_1_146' title='bbox 227 1336 375 1377; x_wconf 81' lang='lat' dir='ltr'>quidam,</span> <span class='ocrx_word' id='word_1_147' title='bbox 398 1337 532 1368; x_wconf 78' lang='lat' dir='ltr'>Parilia.</span> <span class='ocrx_word' id='word_1_148' title='bbox 569 1337 656 1367; x_wconf 77' lang='lat' dir='ltr'>Vide</span> <span class='ocrx_word' id='word_1_149' title='bbox 675 1337 800 1370; x_wconf 80' lang='lat' dir='ltr'>Athen.</span> <span class='ocrx_word' id='word_1_150' title='bbox 815 1338 837 1368; x_wconf 92' lang='lat' dir='ltr'>l.</span> <span class='ocrx_word' id='word_1_151' title='bbox 851 1346 931 1368; x_wconf 82' lang='lat' dir='ltr'>vm.</span> 
     </span>
     <span class='ocr_line' id='line_1_24' title="bbox 225 1386 831 1420; baseline 0 -2"><span class='ocrx_word' id='word_1_152' title='bbox 225 1387 286 1418; x_wconf 79' lang='lat' dir='ltr'>snb</span> <span class='ocrx_word' id='word_1_153' title='bbox 301 1386 415 1418; x_wconf 86' lang='lat' dir='ltr'>finem.</span> <span class='ocrx_word' id='word_1_154' title='bbox 462 1387 630 1420; x_wconf 87' lang='lat' dir='ltr'>Ovid.1v.</span> <span class='ocrx_word' id='word_1_155' title='bbox 644 1388 831 1419; x_wconf 86' lang='lat' dir='ltr'>Fastorum.</span> 
     </span>
    </p>

    <p class='ocr_par' dir='ltr' id='par_1_17' title="bbox 221 1437 933 1923">
     <span class='ocr_line' id='line_1_25' title="bbox 269 1437 933 1478; baseline -0.002 -9"><span class='ocrx_word' id='word_1_156' title='bbox 269 1437 418 1477; x_wconf 81' lang='lat' dir='ltr'>Fumosa]</span> <span class='ocrx_word' id='word_1_157' title='bbox 464 1439 553 1470; x_wconf 81' lang='lat' dir='ltr'>Quia</span> <span class='ocrx_word' id='word_1_158' title='bbox 579 1439 748 1478; x_wconf 79' lang='lat' dir='ltr'>congestis</span> <span class='ocrx_word' id='word_1_159' title='bbox 776 1437 866 1468; x_wconf 81' lang='lat' dir='ltr'>foeno</span> <span class='ocrx_word' id='word_1_160' title='bbox 898 1443 933 1469; x_wconf 80' lang='lat' dir='ltr'>et</span> 
     </span>
     <span class='ocr_line' id='line_1_26' title="bbox 226 1487 932 1528; baseline 0.001 -11"><span class='ocrx_word' id='word_1_161' title='bbox 226 1487 353 1528; x_wconf 82' lang='lat' dir='ltr'>stipula</span> <span class='ocrx_word' id='word_1_162' title='bbox 383 1487 492 1527; x_wconf 82' lang='lat' dir='ltr'>ignem</span> <span class='ocrx_word' id='word_1_163' title='bbox 523 1488 757 1519; x_wconf 78' lang='lat' dir='ltr'>accendebant</span> <span class='ocrx_word' id='word_1_164' title='bbox 784 1488 932 1527; x_wconf 86' lang='lat' dir='ltr'>Rustici,</span> 
     </span>
     <span class='ocr_line' id='line_1_27' title="bbox 223 1537 931 1580; baseline 0.003 -12"><span class='ocrx_word' id='word_1_165' title='bbox 223 1538 257 1568; x_wconf 91' lang='lat' dir='ltr'>in</span> <span class='ocrx_word' id='word_1_166' title='bbox 275 1537 418 1578; x_wconf 79' lang='lat' dir='ltr'>Paliliis,</span> <span class='ocrx_word' id='word_1_167' title='bbox 435 1538 731 1580; x_wconf 76' lang='lat' dir='ltr'>transilientesque</span> <span class='ocrx_word' id='word_1_168' title='bbox 749 1537 879 1579; x_wconf 82' lang='lat' dir='ltr'>expiari</span> <span class='ocrx_word' id='word_1_169' title='bbox 896 1549 931 1570; x_wconf 82' lang='lat' dir='ltr'>se</span> 
     </span>
     <span class='ocr_line' id='line_1_28' title="bbox 225 1588 931 1620; baseline 0 -1"><span class='ocrx_word' id='word_1_170' title='bbox 225 1588 425 1619; x_wconf 82' lang='lat' dir='ltr'>credebant.</span> <span class='ocrx_word' id='word_1_171' title='bbox 484 1589 587 1620; x_wconf 89' lang='lat' dir='ltr'>Ovid.</span> <span class='ocrx_word' id='word_1_172' title='bbox 617 1590 709 1620; x_wconf 87' lang='lat' dir='ltr'>Fast.</span> <span class='ocrx_word' id='word_1_173' title='bbox 733 1599 783 1620; x_wconf 81' lang='lat' dir='ltr'>iv.</span> <span class='ocrx_word' id='word_1_174' title='bbox 808 1590 816 1605; x_wconf 93' lang='lat'>‘</span> <span class='ocrx_word' id='word_1_175' title='bbox 833 1590 931 1619; x_wconf 83' lang='lat' dir='ltr'>Mox-</span> 
     </span>
     <span class='ocr_line' id='line_1_29' title="bbox 223 1639 930 1680; baseline 0 -11"><span class='ocrx_word' id='word_1_176' title='bbox 223 1649 289 1680; x_wconf 89' lang='lat' dir='ltr'>que</span> <span class='ocrx_word' id='word_1_177' title='bbox 313 1649 374 1679; x_wconf 89' lang='lat' dir='ltr'>per</span> <span class='ocrx_word' id='word_1_178' title='bbox 398 1639 558 1669; x_wconf 82' lang='lat' dir='ltr'>ardentes</span> <span class='ocrx_word' id='word_1_179' title='bbox 575 1639 710 1679; x_wconf 79' lang='lat' dir='ltr'>stipulae</span> <span class='ocrx_word' id='word_1_180' title='bbox 729 1640 930 1679; x_wconf 85' lang='lat' dir='ltr'>crepitantis</span> 
     </span>
     <span class='ocr_line' id='line_1_30' title="bbox 221 1689 930 1729; baseline 0 -9"><span class='ocrx_word' id='word_1_181' title='bbox 221 1699 362 1721; x_wconf 80' lang='lat' dir='ltr'>acervos</span> <span class='ocrx_word' id='word_1_182' title='bbox 374 1689 537 1729; x_wconf 72' lang='lat' dir='ltr'>Ti&#39;ajicias</span> <span class='ocrx_word' id='word_1_183' title='bbox 554 1690 659 1721; x_wconf 87' lang='lat' dir='ltr'>celeri</span> <span class='ocrx_word' id='word_1_184' title='bbox 676 1694 814 1721; x_wconf 89' lang='lat' dir='ltr'>strenua</span> <span class='ocrx_word' id='word_1_185' title='bbox 828 1700 930 1721; x_wconf 79' lang='lat' dir='ltr'>mem-</span> 
     </span>
     <span class='ocr_line' id='line_1_31' title="bbox 224 1739 929 1782; baseline 0.003 -12"><span class='ocrx_word' id='word_1_186' title='bbox 224 1739 284 1771; x_wconf 86' lang='lat' dir='ltr'>bra</span> <span class='ocrx_word' id='word_1_187' title='bbox 312 1739 423 1780; x_wconf 88' lang='lat' dir='ltr'>pede.’</span> <span class='ocrx_word' id='word_1_188' title='bbox 470 1741 515 1771; x_wconf 83' lang='lat' dir='ltr'>Et</span> <span class='ocrx_word' id='word_1_189' title='bbox 544 1745 644 1781; x_wconf 76' lang='lat' dir='ltr'>post:</span> <span class='ocrx_word' id='word_1_190' title='bbox 667 1742 676 1757; x_wconf 87' lang='lat'>‘</span> <span class='ocrx_word' id='word_1_191' title='bbox 697 1741 823 1772; x_wconf 85' lang='lat' dir='ltr'>Omnia</span> <span class='ocrx_word' id='word_1_192' title='bbox 851 1752 929 1782; x_wconf 89' lang='lat' dir='ltr'>pur-</span> 
     </span>
     <span class='ocr_line' id='line_1_32' title="bbox 225 1790 929 1832; baseline 0.003 -12"><span class='ocrx_word' id='word_1_193' title='bbox 225 1796 283 1831; x_wconf 73' lang='lat' dir='ltr'>gat</span> <span class='ocrx_word' id='word_1_194' title='bbox 319 1790 408 1821; x_wconf 83' lang='lat' dir='ltr'>edax</span> <span class='ocrx_word' id='word_1_195' title='bbox 447 1791 546 1831; x_wconf 81' lang='lat' dir='ltr'>ignis,</span> <span class='ocrx_word' id='word_1_196' title='bbox 583 1791 770 1832; x_wconf 81' lang='lat' dir='ltr'>vitiumque</span> <span class='ocrx_word' id='word_1_197' title='bbox 800 1792 929 1822; x_wconf 85' lang='lat' dir='ltr'>metalli</span> 
     </span>
     <span class='ocr_line' id='line_1_33' title="bbox 222 1841 930 1884; baseline 0.004 -13"><span class='ocrx_word' id='word_1_198' title='bbox 222 1841 413 1883; x_wconf 68' lang='lat' dir='ltr'>lii-(coquit,</span> <span class='ocrx_word' id='word_1_199' title='bbox 437 1841 565 1873; x_wconf 88' lang='lat' dir='ltr'>idcirco</span> <span class='ocrx_word' id='word_1_200' title='bbox 592 1853 667 1873; x_wconf 91' lang='lat' dir='ltr'>cum</span> <span class='ocrx_word' id='word_1_201' title='bbox 695 1843 780 1874; x_wconf 86' lang='lat' dir='ltr'>duce</span> <span class='ocrx_word' id='word_1_202' title='bbox 806 1848 930 1884; x_wconf 81' lang='lat' dir='ltr'>purgat</span> 
     </span>
     <span class='ocr_line' id='line_1_34' title="bbox 223 1893 328 1923; baseline 0.01 -1"><span class='ocrx_word' id='word_1_203' title='bbox 223 1893 328 1923; x_wconf 59' lang='lat' dir='ltr'>oves?</span> 
     </span>
    </p>

    <p class='ocr_par' dir='ltr' id='par_1_18' title="bbox 219 1943 927 2129">
     <span class='ocr_line' id='line_1_35' title="bbox 264 1943 926 1985; baseline 0 -11"><span class='ocrx_word' id='word_1_204' title='bbox 264 1946 305 1974; x_wconf 76' lang='lat'>73</span> <span class='ocrx_word' id='word_1_205' title='bbox 335 1943 422 1975; x_wconf 80' lang='lat' dir='ltr'>Unde</span> <span class='ocrx_word' id='word_1_206' title='bbox 442 1944 573 1985; x_wconf 83' lang='lat' dir='ltr'>Remus]</span> <span class='ocrx_word' id='word_1_207' title='bbox 598 1945 674 1977; x_wconf 85' lang='lat' dir='ltr'>Quo</span> <span class='ocrx_word' id='word_1_208' title='bbox 692 1954 734 1975; x_wconf 86' lang='lat' dir='ltr'>ex</span> <span class='ocrx_word' id='word_1_209' title='bbox 752 1954 832 1985; x_wconf 85' lang='lat' dir='ltr'>agro</span> <span class='ocrx_word' id='word_1_210' title='bbox 850 1954 926 1985; x_wconf 87' lang='lat' dir='ltr'>pro-</span> 
     </span>
     <span class='ocr_line' id='line_1_36' title="bbox 222 1993 927 2026; baseline 0.003 -2"><span class='ocrx_word' id='word_1_211' title='bbox 222 1993 287 2024; x_wconf 88' lang='lat' dir='ltr'>diit</span> <span class='ocrx_word' id='word_1_212' title='bbox 301 1993 428 2025; x_wconf 87' lang='lat' dir='ltr'>Remus</span> <span class='ocrx_word' id='word_1_213' title='bbox 445 2005 520 2025; x_wconf 90' lang='lat' dir='ltr'>cum</span> <span class='ocrx_word' id='word_1_214' title='bbox 535 1995 642 2026; x_wconf 86' lang='lat' dir='ltr'>fratre</span> <span class='ocrx_word' id='word_1_215' title='bbox 660 1995 791 2026; x_wconf 83' lang='lat' dir='ltr'>scilicet</span> <span class='ocrx_word' id='word_1_216' title='bbox 806 1996 927 2026; x_wconf 86' lang='lat' dir='ltr'>Romu-</span> 
     </span>
     <span class='ocr_line' id='line_1_37' title="bbox 219 2045 927 2083; baseline 0.001 -8"><span class='ocrx_word' id='word_1_217' title='bbox 219 2045 277 2083; x_wconf 81' lang='lat'>103</span> <span class='ocrx_word' id='word_1_218' title='bbox 299 2048 334 2075; x_wconf 85' lang='lat' dir='ltr'>et</span> <span class='ocrx_word' id='word_1_219' title='bbox 355 2046 496 2076; x_wconf 88' lang='lat' dir='ltr'>Romam</span> <span class='ocrx_word' id='word_1_220' title='bbox 511 2046 736 2076; x_wconf 81' lang='lat' dir='ltr'>condiderunt</span> <span class='ocrx_word' id='word_1_221' title='bbox 753 2046 846 2077; x_wconf 87' lang='lat' dir='ltr'>circa</span> <span class='ocrx_word' id='word_1_222' title='bbox 862 2046 927 2076; x_wconf 92' lang='lat' dir='ltr'>Pa-</span> 
     </span>
     <span class='ocr_line' id='line_1_38' title="bbox 219 2096 783 2129; baseline 0 -2"><span class='ocrx_word' id='word_1_223' title='bbox 219 2096 367 2127; x_wconf 88' lang='lat' dir='ltr'>liliorum</span> <span class='ocrx_word' id='word_1_224' title='bbox 382 2097 484 2127; x_wconf 87' lang='lat' dir='ltr'>diem.</span> <span class='ocrx_word' id='word_1_225' title='bbox 509 2097 613 2128; x_wconf 88' lang='lat' dir='ltr'>Ovid.</span> <span class='ocrx_word' id='word_1_226' title='bbox 627 2099 783 2129; x_wconf 81' lang='lat' dir='ltr'>Fast.1v.</span> 
     </span>
    </p>

    <p class='ocr_par' dir='ltr' id='par_1_19' title="bbox 219 2147 925 2239">
     <span class='ocr_line' id='line_1_39' title="bbox 263 2147 925 2188; baseline -0.002 -10"><span class='ocrx_word' id='word_1_227' title='bbox 263 2147 428 2186; x_wconf 71' lang='lat' dir='ltr'>Dentalm]</span> <span class='ocrx_word' id='word_1_228' title='bbox 453 2149 602 2178; x_wconf 78' lang='lat' dir='ltr'>Dentale.</span> <span class='ocrx_word' id='word_1_229' title='bbox 631 2158 709 2188; x_wconf 87' lang='lat' dir='ltr'>pars</span> <span class='ocrx_word' id='word_1_230' title='bbox 737 2148 841 2178; x_wconf 80' lang='lat' dir='ltr'>aratri</span> <span class='ocrx_word' id='word_1_231' title='bbox 866 2147 925 2187; x_wconf 82' lang='lat' dir='ltr'>lig-</span> 
     </span>
     <span class='ocr_line' id='line_1_40' title="bbox 219 2198 700 2239; baseline 0.004 -11"><span class='ocrx_word' id='word_1_232' title='bbox 219 2207 286 2229; x_wconf 88' lang='lat' dir='ltr'>nea</span> <span class='ocrx_word' id='word_1_233' title='bbox 301 2198 355 2230; x_wconf 87' lang='lat' dir='ltr'>cui</span> <span class='ocrx_word' id='word_1_234' title='bbox 371 2198 558 2239; x_wconf 68' lang='lat' dir='ltr'>praefigitur</span> <span class='ocrx_word' id='word_1_235' title='bbox 573 2209 700 2230; x_wconf 89' lang='lat' dir='ltr'>vomer.</span> 
     </span>
    </p>

    <p class='ocr_par' dir='ltr' id='par_1_20' title="bbox 217 2248 925 2431">
     <span class='ocr_line' id='line_1_41' title="bbox 267 2248 925 2291; baseline 0.002 -12"><span class='ocrx_word' id='word_1_236' title='bbox 267 2248 395 2289; x_wconf 76' lang='lat' dir='ltr'>Quinti]</span> <span class='ocrx_word' id='word_1_237' title='bbox 420 2250 518 2280; x_wconf 81' lang='lat' dir='ltr'>Unde</span> <span class='ocrx_word' id='word_1_238' title='bbox 538 2255 572 2280; x_wconf 83' lang='lat' dir='ltr'>tu</span> <span class='ocrx_word' id='word_1_239' title='bbox 599 2260 731 2290; x_wconf 89' lang='lat' dir='ltr'>quoque</span> <span class='ocrx_word' id='word_1_240' title='bbox 759 2249 925 2291; x_wconf 85' lang='lat' dir='ltr'>prodiisti,</span> 
     </span>
     <span class='ocr_line' id='line_1_42' title="bbox 219 2300 925 2342; baseline 0.003 -12"><span class='ocrx_word' id='word_1_241' title='bbox 219 2310 238 2330; x_wconf 91' lang='lat' dir='ltr'>o</span> <span class='ocrx_word' id='word_1_242' title='bbox 266 2300 388 2333; x_wconf 83' lang='lat' dir='ltr'>Quinti</span> <span class='ocrx_word' id='word_1_243' title='bbox 412 2300 628 2339; x_wconf 84' lang='lat' dir='ltr'>Cincinnate,</span> <span class='ocrx_word' id='word_1_244' title='bbox 658 2300 714 2342; x_wconf 88' lang='lat' dir='ltr'>qui</span> <span class='ocrx_word' id='word_1_245' title='bbox 744 2311 786 2332; x_wconf 86' lang='lat' dir='ltr'>ex</span> <span class='ocrx_word' id='word_1_246' title='bbox 810 2306 925 2332; x_wconf 84' lang='lat' dir='ltr'>aratro</span> 
     </span>
     <span class='ocr_line' id='line_1_43' title="bbox 220 2349 924 2382; baseline 0.001 -2"><span class='ocrx_word' id='word_1_247' title='bbox 220 2350 261 2380; x_wconf 79' lang='lat' dir='ltr'>ad</span> <span class='ocrx_word' id='word_1_248' title='bbox 279 2349 494 2380; x_wconf 81' lang='lat' dir='ltr'>Dictaturam</span> <span class='ocrx_word' id='word_1_249' title='bbox 510 2361 544 2381; x_wconf 85' lang='lat' dir='ltr'>es</span> <span class='ocrx_word' id='word_1_250' title='bbox 559 2356 733 2382; x_wconf 83' lang='lat' dir='ltr'>evocatus.</span> <span class='ocrx_word' id='word_1_251' title='bbox 770 2351 836 2382; x_wconf 85' lang='lat' dir='ltr'>Tit.</span> <span class='ocrx_word' id='word_1_252' title='bbox 851 2351 924 2382; x_wconf 91' lang='lat' dir='ltr'>Liv.</span> 
     </span>
     <span class='ocr_line' id='line_1_44' title="bbox 217 2399 314 2431; baseline 0.021 -2"><span class='ocrx_word' id='word_1_253' title='bbox 217 2399 240 2431; x_wconf 91' lang='lat' dir='ltr'>l.</span> <span class='ocrx_word' id='word_1_254' title='bbox 257 2408 314 2431; x_wconf 85' lang='lat'>111.</span> 
     </span>
    </p>

    <p class='ocr_par' dir='ltr' id='par_1_21' title="bbox 216 2450 928 2744">
     <span class='ocr_line' id='line_1_45' title="bbox 262 2450 928 2491; baseline 0 -9"><span class='ocrx_word' id='word_1_255' title='bbox 262 2454 303 2482; x_wconf 87' lang='grc'>74</span> <span class='ocrx_word' id='word_1_256' title='bbox 331 2451 526 2482; x_wconf 72' lang='lat' dir='ltr'>Dictatorem</span> <span class='ocrx_word' id='word_1_257' title='bbox 563 2452 679 2491; x_wconf 78' lang='lat' dir='ltr'>induit]</span> <span class='ocrx_word' id='word_1_258' title='bbox 731 2450 928 2490; x_wconf 64' lang='lat' dir='ltr'>Dictatura,</span> 
     </span>
     <span class='ocr_line' id='line_1_46' title="bbox 219 2502 924 2541; baseline -0.001 -9"><span class='ocrx_word' id='word_1_259' title='bbox 219 2511 367 2532; x_wconf 88' lang='lat' dir='ltr'>summus</span> <span class='ocrx_word' id='word_1_260' title='bbox 381 2502 608 2531; x_wconf 83' lang='lat' dir='ltr'>Romanorum</span> <span class='ocrx_word' id='word_1_261' title='bbox 626 2502 848 2541; x_wconf 67' lang='lat' dir='ltr'>Magistratus</span> <span class='ocrx_word' id='word_1_262' title='bbox 866 2513 924 2531; x_wconf 72' lang='lat' dir='ltr'>sex</span> 
     </span>
     <span class='ocr_line' id='line_1_47' title="bbox 219 2552 923 2583; baseline -0.001 0"><span class='ocrx_word' id='word_1_263' title='bbox 219 2552 390 2583; x_wconf 84' lang='lat' dir='ltr'>mensibus</span> <span class='ocrx_word' id='word_1_264' title='bbox 405 2552 570 2582; x_wconf 83' lang='lat' dir='ltr'>durabat:</span> <span class='ocrx_word' id='word_1_265' title='bbox 586 2552 710 2582; x_wconf 55' lang='lat' dir='ltr'>lici-bat</span> <span class='ocrx_word' id='word_1_266' title='bbox 724 2557 833 2582; x_wconf 80' lang='lat' dir='ltr'>tamen</span> <span class='ocrx_word' id='word_1_267' title='bbox 845 2557 923 2583; x_wconf 83' lang='lat' dir='ltr'>ante</span> 
     </span>
     <span class='ocr_line' id='line_1_48' title="bbox 218 2601 922 2644; baseline -0.001 -10"><span class='ocrx_word' id='word_1_268' title='bbox 218 2607 354 2644; x_wconf 83' lang='lat' dir='ltr'>tempus</span> <span class='ocrx_word' id='word_1_269' title='bbox 368 2602 548 2633; x_wconf 87' lang='lat' dir='ltr'>abdicare:</span> <span class='ocrx_word' id='word_1_270' title='bbox 578 2602 666 2643; x_wconf 92' lang='lat' dir='ltr'>quod</span> <span class='ocrx_word' id='word_1_271' title='bbox 685 2601 769 2633; x_wconf 82' lang='lat' dir='ltr'>fecit</span> <span class='ocrx_word' id='word_1_272' title='bbox 800 2603 922 2633; x_wconf 81' lang='lat' dir='ltr'>Lucius</span> 
     </span>
     <span class='ocr_line' id='line_1_49' title="bbox 216 2652 923 2693; baseline -0.001 -10"><span class='ocrx_word' id='word_1_273' title='bbox 216 2652 272 2683; x_wconf 87' lang='lat' dir='ltr'>ille</span> <span class='ocrx_word' id='word_1_274' title='bbox 289 2653 463 2692; x_wconf 84' lang='lat' dir='ltr'>Quintius,</span> <span class='ocrx_word' id='word_1_275' title='bbox 491 2657 566 2693; x_wconf 88' lang='lat' dir='ltr'>post</span> <span class='ocrx_word' id='word_1_276' title='bbox 590 2652 660 2683; x_wconf 85' lang='lat' dir='ltr'>dies</span> <span class='ocrx_word' id='word_1_277' title='bbox 672 2652 857 2691; x_wconf 82' lang='lat' dir='ltr'>sexdecim,</span> <span class='ocrx_word' id='word_1_278' title='bbox 873 2662 923 2683; x_wconf 90' lang='lat' dir='ltr'>re-</span> 
     </span>
     <span class='ocr_line' id='line_1_50' title="bbox 219 2702 923 2744; baseline 0.003 -11"><span class='ocrx_word' id='word_1_279' title='bbox 219 2702 349 2744; x_wconf 87' lang='lat' dir='ltr'>diitque</span> <span class='ocrx_word' id='word_1_280' title='bbox 376 2703 419 2734; x_wconf 93' lang='lat' dir='ltr'>ad</span> <span class='ocrx_word' id='word_1_281' title='bbox 446 2712 529 2744; x_wconf 85' lang='lat' dir='ltr'>opus</span> <span class='ocrx_word' id='word_1_282' title='bbox 545 2702 720 2743; x_wconf 83' lang='lat' dir='ltr'>rusticum,</span> <span class='ocrx_word' id='word_1_283' title='bbox 743 2706 923 2743; x_wconf 84' lang='lat' dir='ltr'>postquam</span> 
     </span>
    </p>
   </div>
   <div class='ocr_carea' id='block_1_17' title="bbox 968 1133 1701 2742">
    <p class='ocr_par' dir='ltr' id='par_1_22' title="bbox 988 1133 1701 1378">
     <span class='ocr_line' id='line_1_51' title="bbox 990 1133 1701 1172; baseline -0.003 -7"><span class='ocrx_word' id='word_1_284' title='bbox 990 1145 1060 1165; x_wconf 85' lang='lat' dir='ltr'>rem</span> <span class='ocrx_word' id='word_1_285' title='bbox 1101 1135 1286 1166; x_wconf 86' lang='lat' dir='ltr'>Romanam</span> <span class='ocrx_word' id='word_1_286' title='bbox 1315 1134 1348 1164; x_wconf 93' lang='lat' dir='ltr'>in</span> <span class='ocrx_word' id='word_1_287' title='bbox 1380 1137 1456 1164; x_wconf 86' lang='lat' dir='ltr'>tuto</span> <span class='ocrx_word' id='word_1_288' title='bbox 1488 1133 1701 1172; x_wconf 81' lang='lat' dir='ltr'>collocasset,</span> 
     </span>
     <span class='ocr_line' id='line_1_52' title="bbox 989 1185 1697 1225; baseline -0.003 -9"><span class='ocrx_word' id='word_1_289' title='bbox 989 1186 1133 1217; x_wconf 80' lang='lat' dir='ltr'>liberato</span> <span class='ocrx_word' id='word_1_290' title='bbox 1158 1186 1303 1217; x_wconf 87' lang='lat' dir='ltr'>Consule</span> <span class='ocrx_word' id='word_1_291' title='bbox 1337 1186 1376 1215; x_wconf 91' lang='lat' dir='ltr'>L.</span> <span class='ocrx_word' id='word_1_292' title='bbox 1408 1185 1569 1223; x_wconf 85' lang='lat' dir='ltr'>Minutio,</span> <span class='ocrx_word' id='word_1_293' title='bbox 1597 1193 1697 1225; x_wconf 80' lang='lat' dir='ltr'>quem</span> 
     </span>
     <span class='ocr_line' id='line_1_53' title="bbox 989 1234 1698 1275; baseline -0.004 -8"><span class='ocrx_word' id='word_1_294' title='bbox 989 1236 1162 1267; x_wconf 81' lang='lat' dir='ltr'>obsessum</span> <span class='ocrx_word' id='word_1_295' title='bbox 1190 1236 1222 1266; x_wconf 88' lang='lat' dir='ltr'>iu</span> <span class='ocrx_word' id='word_1_296' title='bbox 1253 1234 1379 1275; x_wconf 82' lang='lat' dir='ltr'>Algido</span> <span class='ocrx_word' id='word_1_297' title='bbox 1395 1239 1509 1265; x_wconf 88' lang='lat' dir='ltr'>moute</span> <span class='ocrx_word' id='word_1_298' title='bbox 1529 1235 1599 1275; x_wconf 86' lang='lat' dir='ltr'>jam</span> <span class='ocrx_word' id='word_1_299' title='bbox 1625 1234 1698 1264; x_wconf 88' lang='lat' dir='ltr'>dies</span> 
     </span>
     <span class='ocr_line' id='line_1_54' title="bbox 989 1284 1701 1328; baseline -0.004 -11"><span class='ocrx_word' id='word_1_300' title='bbox 989 1287 1116 1328; x_wconf 84' lang='lat' dir='ltr'>aliquot</span> <span class='ocrx_word' id='word_1_301' title='bbox 1149 1286 1311 1317; x_wconf 82' lang='lat' dir='ltr'>tenebant</span> <span class='ocrx_word' id='word_1_302' title='bbox 1341 1285 1437 1326; x_wconf 79' lang='lat' dir='ltr'>AEqui</span> <span class='ocrx_word' id='word_1_303' title='bbox 1465 1285 1590 1315; x_wconf 80' lang='lat' dir='ltr'>hostes.</span> <span class='ocrx_word' id='word_1_304' title='bbox 1631 1284 1701 1315; x_wconf 84' lang='lat' dir='ltr'>Tit.</span> 
     </span>
     <span class='ocr_line' id='line_1_55' title="bbox 988 1337 1502 1378; baseline -0.002 -10"><span class='ocrx_word' id='word_1_305' title='bbox 988 1339 1061 1370; x_wconf 91' lang='lat' dir='ltr'>Liv.</span> <span class='ocrx_word' id='word_1_306' title='bbox 1080 1347 1134 1369; x_wconf 85' lang='lat'>111.</span> <span class='ocrx_word' id='word_1_307' title='bbox 1151 1341 1203 1369; x_wconf 82' lang='lat'>27.</span> <span class='ocrx_word' id='word_1_308' title='bbox 1222 1342 1257 1368; x_wconf 88' lang='lat' dir='ltr'>et</span> <span class='ocrx_word' id='word_1_309' title='bbox 1272 1337 1502 1378; x_wconf 78' lang='lat' dir='ltr'>sequentibus.</span> 
     </span>
    </p>

    <p class='ocr_par' dir='ltr' id='par_1_23' title="bbox 988 1388 1699 1570">
     <span class='ocr_line' id='line_1_56' title="bbox 1036 1388 1697 1429; baseline 0.002 -11"><span class='ocrx_word' id='word_1_310' title='bbox 1036 1389 1137 1429; x_wconf 69' lang='lat' dir='ltr'>Uxor]</span> <span class='ocrx_word' id='word_1_311' title='bbox 1161 1389 1310 1419; x_wconf 79' lang='lat' dir='ltr'>Racilia:</span> <span class='ocrx_word' id='word_1_312' title='bbox 1350 1388 1483 1428; x_wconf 80' lang='lat' dir='ltr'>trepida,</span> <span class='ocrx_word' id='word_1_313' title='bbox 1520 1388 1590 1418; x_wconf 80' lang='lat' dir='ltr'>sive</span> <span class='ocrx_word' id='word_1_314' title='bbox 1627 1397 1697 1428; x_wconf 85' lang='lat' dir='ltr'>prae</span> 
     </span>
     <span class='ocr_line' id='line_1_57' title="bbox 989 1438 1699 1479; baseline 0.003 -11"><span class='ocrx_word' id='word_1_315' title='bbox 989 1439 1126 1479; x_wconf 83' lang='lat' dir='ltr'>gaudio,</span> <span class='ocrx_word' id='word_1_316' title='bbox 1147 1440 1216 1469; x_wconf 90' lang='lat' dir='ltr'>sive</span> <span class='ocrx_word' id='word_1_317' title='bbox 1236 1449 1307 1479; x_wconf 84' lang='lat' dir='ltr'>prae</span> <span class='ocrx_word' id='word_1_318' title='bbox 1324 1443 1465 1478; x_wconf 81' lang='lat' dir='ltr'>stupore</span> <span class='ocrx_word' id='word_1_319' title='bbox 1483 1438 1524 1469; x_wconf 94' lang='lat' dir='ltr'>ob</span> <span class='ocrx_word' id='word_1_320' title='bbox 1540 1438 1699 1479; x_wconf 85' lang='lat' dir='ltr'>inexpec-</span> 
     </span>
     <span class='ocr_line' id='line_1_58' title="bbox 988 1489 1696 1529; baseline -0.001 -9"><span class='ocrx_word' id='word_1_321' title='bbox 988 1494 1093 1520; x_wconf 80' lang='lat' dir='ltr'>tatum</span> <span class='ocrx_word' id='word_1_322' title='bbox 1122 1490 1296 1529; x_wconf 86' lang='lat' dir='ltr'>honorem,</span> <span class='ocrx_word' id='word_1_323' title='bbox 1323 1493 1359 1520; x_wconf 89' lang='lat' dir='ltr'>et</span> <span class='ocrx_word' id='word_1_324' title='bbox 1384 1489 1566 1520; x_wconf 86' lang='lat' dir='ltr'>discrimen</span> <span class='ocrx_word' id='word_1_325' title='bbox 1584 1498 1696 1520; x_wconf 89' lang='lat' dir='ltr'>rerum</span> 
     </span>
     <span class='ocr_line' id='line_1_59' title="bbox 988 1540 1230 1570; baseline 0 0"><span class='ocrx_word' id='word_1_326' title='bbox 988 1540 1230 1570; x_wconf 88' lang='lat' dir='ltr'>Romanarum.</span> 
     </span>
    </p>

    <p class='ocr_par' dir='ltr' id='par_1_24' title="bbox 984 1588 1697 1772">
     <span class='ocr_line' id='line_1_60' title="bbox 1030 1588 1693 1629; baseline 0 -9"><span class='ocrx_word' id='word_1_327' title='bbox 1030 1592 1069 1620; x_wconf 87' lang='lat'>75</span> <span class='ocrx_word' id='word_1_328' title='bbox 1097 1591 1189 1629; x_wconf 79' lang='lat' dir='ltr'>Euge</span> <span class='ocrx_word' id='word_1_329' title='bbox 1210 1588 1327 1628; x_wconf 79' lang='lat' dir='ltr'>Po&#39;c&#39;ta]</span> <span class='ocrx_word' id='word_1_330' title='bbox 1354 1590 1450 1620; x_wconf 80' lang='lat' dir='ltr'>Bono</span> <span class='ocrx_word' id='word_1_331' title='bbox 1473 1593 1547 1619; x_wconf 84' lang='lat' dir='ltr'>esto</span> <span class='ocrx_word' id='word_1_332' title='bbox 1561 1589 1693 1620; x_wconf 89' lang='lat' dir='ltr'>animo:</span> 
     </span>
     <span class='ocr_line' id='line_1_61' title="bbox 987 1638 1697 1680; baseline -0.001 -10"><span class='ocrx_word' id='word_1_333' title='bbox 987 1649 1028 1670; x_wconf 85' lang='lat' dir='ltr'>en</span> <span class='ocrx_word' id='word_1_334' title='bbox 1046 1640 1101 1670; x_wconf 86' lang='lat' dir='ltr'>alii</span> <span class='ocrx_word' id='word_1_335' title='bbox 1127 1644 1240 1670; x_wconf 90' lang='lat' dir='ltr'>tecum</span> <span class='ocrx_word' id='word_1_336' title='bbox 1272 1644 1386 1670; x_wconf 82' lang='lat' dir='ltr'>amant</span> <span class='ocrx_word' id='word_1_337' title='bbox 1415 1638 1515 1669; x_wconf 82' lang='lat' dir='ltr'>etiam</span> <span class='ocrx_word' id='word_1_338' title='bbox 1544 1639 1697 1680; x_wconf 74' lang='lat' dir='ltr'>antiqua,</span> 
     </span>
     <span class='ocr_line' id='line_1_62' title="bbox 987 1689 1697 1730; baseline -0.001 -10"><span class='ocrx_word' id='word_1_339' title='bbox 987 1690 1151 1728; x_wconf 87' lang='lat' dir='ltr'>obsoleta,</span> <span class='ocrx_word' id='word_1_340' title='bbox 1176 1690 1323 1730; x_wconf 84' lang='lat' dir='ltr'>turgida.</span> <span class='ocrx_word' id='word_1_341' title='bbox 1378 1689 1525 1729; x_wconf 86' lang='lat' dir='ltr'>Irouice,</span> <span class='ocrx_word' id='word_1_342' title='bbox 1552 1695 1586 1720; x_wconf 86' lang='lat' dir='ltr'>et</span> <span class='ocrx_word' id='word_1_343' title='bbox 1619 1689 1697 1720; x_wconf 80' lang='lat' dir='ltr'>sati-</span> 
     </span>
     <span class='ocr_line' id='line_1_63' title="bbox 984 1741 1065 1772; baseline 0.012 -1"><span class='ocrx_word' id='word_1_344' title='bbox 984 1741 1065 1772; x_wconf 87' lang='lat' dir='ltr'>rice.</span> 
     </span>
    </p>

    <p class='ocr_par' dir='ltr' id='par_1_25' title="bbox 979 1791 1694 2336">
     <span class='ocr_line' id='line_1_64' title="bbox 1025 1791 1691 1832; baseline -0.003 -9"><span class='ocrx_word' id='word_1_345' title='bbox 1025 1795 1067 1823; x_wconf 79' lang='lat'>76</span> <span class='ocrx_word' id='word_1_346' title='bbox 1090 1792 1228 1832; x_wconf 75' lang='lat' dir='ltr'>Briseis]</span> <span class='ocrx_word' id='word_1_347' title='bbox 1261 1792 1317 1823; x_wconf 92' lang='lat' dir='ltr'>Sic</span> <span class='ocrx_word' id='word_1_348' title='bbox 1346 1791 1452 1832; x_wconf 85' lang='lat' dir='ltr'>magis</span> <span class='ocrx_word' id='word_1_349' title='bbox 1480 1791 1593 1832; x_wconf 83' lang='lat' dir='ltr'>placet</span> <span class='ocrx_word' id='word_1_350' title='bbox 1618 1800 1691 1822; x_wconf 86' lang='lat' dir='ltr'>cum</span> 
     </span>
     <span class='ocr_line' id='line_1_65' title="bbox 982 1841 1694 1883; baseline -0.003 -10"><span class='ocrx_word' id='word_1_351' title='bbox 982 1842 1054 1873; x_wconf 81' lang='lat' dir='ltr'>aliis</span> <span class='ocrx_word' id='word_1_352' title='bbox 1071 1843 1196 1883; x_wconf 82' lang='lat' dir='ltr'>legere,</span> <span class='ocrx_word' id='word_1_353' title='bbox 1213 1842 1347 1880; x_wconf 80' lang='lat' dir='ltr'>Briseis,</span> <span class='ocrx_word' id='word_1_354' title='bbox 1365 1841 1470 1882; x_wconf 84' lang='lat' dir='ltr'>(quod</span> <span class='ocrx_word' id='word_1_355' title='bbox 1496 1851 1615 1872; x_wconf 80' lang='lat' dir='ltr'>nomen</span> <span class='ocrx_word' id='word_1_356' title='bbox 1633 1851 1694 1882; x_wconf 88' lang='lat' dir='ltr'>pu-</span> 
     </span>
     <span class='ocr_line' id='line_1_66' title="bbox 984 1891 1694 1933; baseline -0.004 -9"><span class='ocrx_word' id='word_1_357' title='bbox 984 1894 1059 1924; x_wconf 73' lang='lat' dir='ltr'>ellae</span> <span class='ocrx_word' id='word_1_358' title='bbox 1078 1898 1141 1932; x_wconf 86' lang='lat' dir='ltr'>est,</span> <span class='ocrx_word' id='word_1_359' title='bbox 1173 1892 1215 1922; x_wconf 91' lang='lat' dir='ltr'>de</span> <span class='ocrx_word' id='word_1_360' title='bbox 1243 1902 1306 1933; x_wconf 83' lang='lat' dir='ltr'>qua</span> <span class='ocrx_word' id='word_1_361' title='bbox 1332 1892 1502 1922; x_wconf 86' lang='lat' dir='ltr'>Homerus</span> <span class='ocrx_word' id='word_1_362' title='bbox 1519 1891 1641 1932; x_wconf 80' lang='lat' dir='ltr'>passim</span> <span class='ocrx_word' id='word_1_363' title='bbox 1659 1891 1694 1921; x_wconf 93' lang='lat' dir='ltr'>in</span> 
     </span>
     <span class='ocr_line' id='line_1_67' title="bbox 983 1941 1692 1982; baseline -0.003 -9"><span class='ocrx_word' id='word_1_364' title='bbox 983 1943 1102 1982; x_wconf 87' lang='lat' dir='ltr'>Iliade,</span> <span class='ocrx_word' id='word_1_365' title='bbox 1115 1947 1149 1973; x_wconf 81' lang='lat' dir='ltr'>et</span> <span class='ocrx_word' id='word_1_366' title='bbox 1162 1942 1262 1974; x_wconf 82' lang='lat' dir='ltr'>Ovid.</span> <span class='ocrx_word' id='word_1_367' title='bbox 1275 1942 1384 1982; x_wconf 76' lang='lat' dir='ltr'>Epist.</span> <span class='ocrx_word' id='word_1_368' title='bbox 1398 1941 1445 1982; x_wconf 86' lang='lat'>3.)</span> <span class='ocrx_word' id='word_1_369' title='bbox 1462 1947 1499 1972; x_wconf 91' lang='lat' dir='ltr'>ut</span> <span class='ocrx_word' id='word_1_370' title='bbox 1514 1941 1558 1972; x_wconf 82' lang='lat' dir='ltr'>sit</span> <span class='ocrx_word' id='word_1_371' title='bbox 1574 1941 1692 1972; x_wconf 89' lang='lat' dir='ltr'>titulus</span> 
     </span>
     <span class='ocr_line' id='line_1_68' title="bbox 981 1991 1693 2033; baseline -0.006 -9"><span class='ocrx_word' id='word_1_372' title='bbox 981 1992 1171 2033; x_wconf 63' lang='lat' dir='ltr'>Tragoedias</span> <span class='ocrx_word' id='word_1_373' title='bbox 1198 1992 1238 2022; x_wconf 90' lang='lat' dir='ltr'>ab</span> <span class='ocrx_word' id='word_1_374' title='bbox 1262 1991 1372 2022; x_wconf 89' lang='lat' dir='ltr'>Accio</span> <span class='ocrx_word' id='word_1_375' title='bbox 1398 1992 1559 2031; x_wconf 76' lang='lat' dir='ltr'>s‹·riptae;</span> <span class='ocrx_word' id='word_1_376' title='bbox 1579 2000 1693 2031; x_wconf 87' lang='lat' dir='ltr'>quem-</span> 
     </span>
     <span class='ocr_line' id='line_1_69' title="bbox 982 2041 1692 2083; baseline -0.004 -9"><span class='ocrx_word' id='word_1_377' title='bbox 982 2044 1162 2074; x_wconf 88' lang='lat' dir='ltr'>admodum</span> <span class='ocrx_word' id='word_1_378' title='bbox 1188 2043 1327 2083; x_wconf 85' lang='lat' dir='ltr'>ponitur</span> <span class='ocrx_word' id='word_1_379' title='bbox 1352 2052 1430 2071; x_wconf 76' lang='lat' dir='ltr'>mox</span> <span class='ocrx_word' id='word_1_380' title='bbox 1459 2042 1611 2081; x_wconf 84' lang='lat' dir='ltr'>Antiopa</span> <span class='ocrx_word' id='word_1_381' title='bbox 1625 2041 1692 2071; x_wconf 91' lang='lat' dir='ltr'>Pa-</span> 
     </span>
     <span class='ocr_line' id='line_1_70' title="bbox 980 2092 1693 2133; baseline -0.003 -9"><span class='ocrx_word' id='word_1_382' title='bbox 980 2094 1067 2125; x_wconf 91' lang='lat' dir='ltr'>cuvii</span> <span class='ocrx_word' id='word_1_383' title='bbox 1083 2094 1273 2133; x_wconf 74' lang='lat' dir='ltr'>Tragoedia.</span> <span class='ocrx_word' id='word_1_384' title='bbox 1318 2092 1387 2123; x_wconf 86' lang='lat' dir='ltr'>Alii</span> <span class='ocrx_word' id='word_1_385' title='bbox 1414 2093 1546 2133; x_wconf 86' lang='lat' dir='ltr'>legunt,</span> <span class='ocrx_word' id='word_1_386' title='bbox 1563 2092 1693 2130; x_wconf 79' lang='lat' dir='ltr'>Brisei;</span> 
     </span>
     <span class='ocr_line' id='line_1_71' title="bbox 979 2141 1692 2186; baseline -0.003 -12"><span class='ocrx_word' id='word_1_387' title='bbox 979 2144 1070 2186; x_wconf 87' lang='lat' dir='ltr'>quod</span> <span class='ocrx_word' id='word_1_388' title='bbox 1093 2145 1221 2175; x_wconf 86' lang='lat' dir='ltr'>Bacchi</span> <span class='ocrx_word' id='word_1_389' title='bbox 1246 2153 1434 2184; x_wconf 79' lang='lat' dir='ltr'>cognomen</span> <span class='ocrx_word' id='word_1_390' title='bbox 1449 2142 1611 2173; x_wconf 85' lang='lat' dir='ltr'>tribuitur</span> <span class='ocrx_word' id='word_1_391' title='bbox 1627 2141 1692 2173; x_wconf 88' lang='lat' dir='ltr'>Ac-</span> 
     </span>
     <span class='ocr_line' id='line_1_72' title="bbox 980 2193 1692 2235; baseline -0.003 -10"><span class='ocrx_word' id='word_1_392' title='bbox 980 2194 1044 2233; x_wconf 89' lang='lat' dir='ltr'>cio,</span> <span class='ocrx_word' id='word_1_393' title='bbox 1060 2195 1113 2225; x_wconf 75' lang='lat' dir='ltr'>vel</span> <span class='ocrx_word' id='word_1_394' title='bbox 1130 2194 1218 2235; x_wconf 88' lang='lat' dir='ltr'>quod</span> <span class='ocrx_word' id='word_1_395' title='bbox 1233 2195 1266 2224; x_wconf 88' lang='lat' dir='ltr'>in</span> <span class='ocrx_word' id='word_1_396' title='bbox 1292 2193 1420 2224; x_wconf 85' lang='lat' dir='ltr'>Bacchi</span> <span class='ocrx_word' id='word_1_397' title='bbox 1439 2193 1597 2224; x_wconf 82' lang='lat' dir='ltr'>clientela</span> <span class='ocrx_word' id='word_1_398' title='bbox 1613 2196 1692 2224; x_wconf 87' lang='lat' dir='ltr'>sunt</span> 
     </span>
     <span class='ocr_line' id='line_1_73' title="bbox 980 2244 1690 2286; baseline -0.003 -10"><span class='ocrx_word' id='word_1_399' title='bbox 980 2245 1099 2276; x_wconf 65' lang='lat' dir='ltr'>Po‘etae</span> <span class='ocrx_word' id='word_1_400' title='bbox 1116 2245 1261 2285; x_wconf 78' lang='lat' dir='ltr'>Tragici,</span> <span class='ocrx_word' id='word_1_401' title='bbox 1273 2245 1327 2276; x_wconf 83' lang='lat' dir='ltr'>vel</span> <span class='ocrx_word' id='word_1_402' title='bbox 1342 2244 1431 2286; x_wconf 92' lang='lat' dir='ltr'>quod</span> <span class='ocrx_word' id='word_1_403' title='bbox 1444 2244 1593 2275; x_wconf 84' lang='lat' dir='ltr'>Bacchas</span> <span class='ocrx_word' id='word_1_404' title='bbox 1604 2245 1690 2274; x_wconf 89' lang='lat' dir='ltr'>Tra-</span> 
     </span>
     <span class='ocr_line' id='line_1_74' title="bbox 981 2296 1335 2336; baseline -0.003 -10"><span class='ocrx_word' id='word_1_405' title='bbox 981 2296 1126 2336; x_wconf 81' lang='lat' dir='ltr'>goediam</span> <span class='ocrx_word' id='word_1_406' title='bbox 1138 2296 1335 2335; x_wconf 77' lang='lat' dir='ltr'>scripserat.</span> 
     </span>
    </p>

    <p class='ocr_par' dir='ltr' id='par_1_26' title="bbox 968 2345 1688 2588">
     <span class='ocr_line' id='line_1_75' title="bbox 1030 2345 1688 2385; baseline -0.003 -8"><span class='ocrx_word' id='word_1_407' title='bbox 1030 2347 1164 2377; x_wconf 78' lang='lat' dir='ltr'>Venosus</span> <span class='ocrx_word' id='word_1_408' title='bbox 1191 2345 1284 2385; x_wconf 80' lang='lat' dir='ltr'>liber]</span> <span class='ocrx_word' id='word_1_409' title='bbox 1321 2345 1424 2378; x_wconf 81' lang='lat' dir='ltr'>Quasi</span> <span class='ocrx_word' id='word_1_410' title='bbox 1452 2345 1546 2375; x_wconf 84' lang='lat' dir='ltr'>venis</span> <span class='ocrx_word' id='word_1_411' title='bbox 1564 2345 1688 2385; x_wconf 83' lang='lat' dir='ltr'>promi-</span> 
     </span>
     <span class='ocr_line' id='line_1_76' title="bbox 981 2396 1687 2436; baseline 0 -10"><span class='ocrx_word' id='word_1_412' title='bbox 981 2397 1138 2426; x_wconf 83' lang='lat' dir='ltr'>nentibus</span> <span class='ocrx_word' id='word_1_413' title='bbox 1170 2401 1313 2427; x_wconf 78' lang='lat' dir='ltr'>tumens.</span> <span class='ocrx_word' id='word_1_414' title='bbox 1358 2396 1465 2426; x_wconf 87' lang='lat' dir='ltr'>Porro</span> <span class='ocrx_word' id='word_1_415' title='bbox 1492 2396 1572 2436; x_wconf 80' lang='lat' dir='ltr'>quid</span> <span class='ocrx_word' id='word_1_416' title='bbox 1602 2396 1687 2426; x_wconf 85' lang='lat' dir='ltr'>Tur-</span> 
     </span>
     <span class='ocr_line' id='line_1_77' title="bbox 968 2445 1688 2486; baseline -0.001 -8"><span class='ocrx_word' id='word_1_417' title='bbox 968 2448 1102 2478; x_wconf 67' lang='lat' dir='ltr'>-nebum</span> <span class='ocrx_word' id='word_1_418' title='bbox 1134 2447 1277 2477; x_wconf 71' lang='lat' dir='ltr'>moverit</span> <span class='ocrx_word' id='word_1_419' title='bbox 1308 2451 1345 2476; x_wconf 88' lang='lat' dir='ltr'>ut</span> <span class='ocrx_word' id='word_1_420' title='bbox 1379 2445 1560 2485; x_wconf 75' lang='lat' dir='ltr'>legendum</span> <span class='ocrx_word' id='word_1_421' title='bbox 1601 2455 1688 2486; x_wconf 83' lang='lat' dir='ltr'>esse,</span> 
     </span>
     <span class='ocr_line' id='line_1_78' title="bbox 980 2498 1684 2538; baseline 0 -10"><span class='ocrx_word' id='word_1_422' title='bbox 980 2509 1127 2537; x_wconf 77' lang='lat' dir='ltr'>merosus,</span> <span class='ocrx_word' id='word_1_423' title='bbox 1141 2499 1386 2538; x_wconf 80' lang='lat' dir='ltr'>suspicaretur,</span> <span class='ocrx_word' id='word_1_424' title='bbox 1409 2507 1472 2528; x_wconf 86' lang='lat' dir='ltr'>nec</span> <span class='ocrx_word' id='word_1_425' title='bbox 1494 2507 1556 2537; x_wconf 79' lang='lat' dir='ltr'>ego</span> <span class='ocrx_word' id='word_1_426' title='bbox 1576 2498 1684 2538; x_wconf 87' lang='lat' dir='ltr'>suspi-</span> 
     </span>
     <span class='ocr_line' id='line_1_79' title="bbox 978 2549 1213 2588; baseline 0 -9"><span class='ocrx_word' id='word_1_427' title='bbox 978 2549 1048 2579; x_wconf 87' lang='lat' dir='ltr'>cari</span> <span class='ocrx_word' id='word_1_428' title='bbox 1066 2558 1213 2588; x_wconf 79' lang='lat' dir='ltr'>possum.</span> 
     </span>
    </p>

    <p class='ocr_par' dir='ltr' id='par_1_27' title="bbox 977 2598 1684 2742">
     <span class='ocr_line' id='line_1_80' title="bbox 1021 2598 1684 2638; baseline 0.002 -9"><span class='ocrx_word' id='word_1_429' title='bbox 1021 2598 1110 2638; x_wconf 64' lang='lat' dir='ltr'>Acci]</span> <span class='ocrx_word' id='word_1_430' title='bbox 1134 2599 1225 2629; x_wconf 83' lang='lat' dir='ltr'>Cave</span> <span class='ocrx_word' id='word_1_431' title='bbox 1243 2599 1350 2638; x_wconf 73' lang='lat' dir='ltr'>legas,</span> <span class='ocrx_word' id='word_1_432' title='bbox 1366 2598 1464 2630; x_wconf 78' lang='lat' dir='ltr'>Actiz&#39;.</span> <span class='ocrx_word' id='word_1_433' title='bbox 1502 2599 1578 2630; x_wconf 86' lang='lat' dir='ltr'>Nec</span> <span class='ocrx_word' id='word_1_434' title='bbox 1596 2599 1684 2631; x_wconf 84' lang='lat' dir='ltr'>enim</span> 
     </span>
     <span class='ocr_line' id='line_1_81' title="bbox 978 2651 1683 2691; baseline 0.003 -10"><span class='ocrx_word' id='word_1_435' title='bbox 978 2651 1128 2691; x_wconf 89' lang='lat' dir='ltr'>loquitur</span> <span class='ocrx_word' id='word_1_436' title='bbox 1144 2651 1198 2682; x_wconf 86' lang='lat' dir='ltr'>hic</span> <span class='ocrx_word' id='word_1_437' title='bbox 1216 2651 1357 2681; x_wconf 85' lang='lat' dir='ltr'>Persius</span> <span class='ocrx_word' id='word_1_438' title='bbox 1374 2652 1415 2682; x_wconf 87' lang='lat' dir='ltr'>de</span> <span class='ocrx_word' id='word_1_439' title='bbox 1432 2651 1589 2682; x_wconf 85' lang='lat' dir='ltr'>Labeone</span> <span class='ocrx_word' id='word_1_440' title='bbox 1616 2651 1683 2683; x_wconf 88' lang='lat' dir='ltr'>Ac-</span> 
     </span>
     <span class='ocr_line' id='line_1_82' title="bbox 977 2700 1682 2742; baseline 0.001 -10"><span class='ocrx_word' id='word_1_441' title='bbox 977 2700 1037 2742; x_wconf 89' lang='lat' dir='ltr'>tio,</span> <span class='ocrx_word' id='word_1_442' title='bbox 1069 2700 1111 2733; x_wconf 88' lang='lat' dir='ltr'>de</span> <span class='ocrx_word' id='word_1_443' title='bbox 1135 2710 1201 2742; x_wconf 92' lang='lat' dir='ltr'>quo</span> <span class='ocrx_word' id='word_1_444' title='bbox 1222 2701 1294 2741; x_wconf 86' lang='lat' dir='ltr'>jam</span> <span class='ocrx_word' id='word_1_445' title='bbox 1319 2702 1410 2741; x_wconf 86' lang='lat' dir='ltr'>satis,</span> <span class='ocrx_word' id='word_1_446' title='bbox 1435 2702 1493 2733; x_wconf 79' lang='lat' dir='ltr'>sed</span> <span class='ocrx_word' id='word_1_447' title='bbox 1511 2702 1552 2733; x_wconf 81' lang='lat' dir='ltr'>de</span> <span class='ocrx_word' id='word_1_448' title='bbox 1577 2702 1682 2733; x_wconf 86' lang='lat' dir='ltr'>Lucio</span> 
     </span>
    </p>
   </div>
  </div>
 </body>
</html>
