1888 3032
243 144 329 185 240

244 246 450 278 valetudinis
465 245 572 283 boum,
584 243 746 283 grandem
760 244 857 285 panis
871 254 954 286 qna-

242 298 337 329 drani
355 306 452 337 posse
469 295 664 326 comedere.
692 295 866 327 Casaubon.

285 351 328 380 56
354 349 408 385 Et,
433 345 502 387 ξω]
551 346 629 378 Alia
668 357 771 379 causa
801 347 953 379 efficiens

243 397 445 437 cognitionis
463 396 609 437 honesti,
625 402 661 428 et
686 397 808 438 turpis,
824 397 954 438 Pytha-

243 449 372 490 gorica,
389 448 557 487 nimirum,
576 447 769 489 disciplina.
818 448 860 479 Id
887 453 955 487 est,

244 510 306 530 nec
323 499 377 529 via
400 498 550 538 virtum,
567 498 670 530 modo
697 509 772 530 eam
798 499 881 530 velis
905 499 954 530 in-

243 551 377 587 sistere,
401 550 461 579 tibi
479 549 605 590 ignota.
654 550 743 582 Nam
761 551 879 581 littera
895 551 954 581 illa

243 601 273 631 Y
292 600 498 640 Pythagorae
516 600 631 639 Samii,
645 610 719 642 quae
745 601 827 632 duos
845 610 953 632 ramos

242 650 277 680 in
308 654 492 691 utrumque
520 652 607 682 latus
635 650 785 690 diduxit,
814 651 953 682 virtutis

240 701 328 732 viam
357 701 481 731 dextro
512 701 621 732 limite
655 706 856 741 surgentem
889 701 953 732 tibi

240 752 445 783 monstravit
460 763 467 782 :
498 752 668 783 Vitiorum
685 751 787 791 viam,
805 751 952 783 sinistro.

240 801 423 842 -Samios]
459 802 516 833 Ob
544 802 777 843 Pythagoram
804 802 876 843 ejus
897 801 953 833 lit-

241 857 327 884 terae
356 852 585 890 inventorem,
617 853 676 893 qui
713 853 844 883 Samius
877 851 953 892 fuit,

241 903 627 943 dixit.-Didu.rit‚‹}·c.]
652 904 809 944 Metaph.
832 903 875 934 ab
899 913 952 934 ai·-

240 953 394 994 boribus,
409 954 444 984 id
462 962 528 995 est,
553 954 594 985 ab
618 958 763 995 utraque
778 958 878 995 parte
894 964 951 984 ex·

243 1004 377 1045 pandit.
732 999 738 1004 “

284 1058 324 1087 57
349 1055 550 1095 Surgentem]
587 1056 696 1094 Dixit,
723 1055 803 1097 qnia
827 1055 952 1087 dexter

240 1114 354 1137 ramus
370 1107 428 1146 qui
445 1106 583 1137 virtutis
599 1106 688 1136 viam
706 1107 758 1137 vel
778 1106 951 1137 tramitem

240 1152 396 1193 denotat,
411 1155 550 1195 arduus,
568 1155 734 1196 sublimis,
755 1162 792 1187 et
805 1155 951 1188 difficilis

240 1205 408 1246 adsurgit,
425 1211 459 1237 et
476 1216 512 1237 se
529 1207 670 1238 attollit.
695 1207 794 1238 Idem.

283 1260 326 1288 58
349 1257 470 1288 Stet—tis
522 1258 638 1298 adhuc]
702 1258 950 1299 Interrogatio.

242 1308 354 1341 Quem
371 1317 506 1349 oequnm
522 1314 596 1339 erat
610 1308 762 1348 vigilare,
778 1314 811 1339 et
828 1310 951 1340 insoni-

240 1367 319 1390 nem
337 1368 422 1398 esse,
435 1359 624 1390 Stoicorum
643 1360 812 1399 exemplo.
836 1359 949 1390 Lubin.

240 1409 320 1449 Vel,
359 1414 408 1448 tu,
447 1409 504 1450 qni
544 1409 774 1450 Philosophiae
817 1410 949 1450 pridem

239 1469 382 1499 operam
413 1459 486 1499 das,
517 1469 579 1491 cur
609 1459 850 1500 Philosophice
882 1469 948 1491 non

239 1509 347 1540 vivis?
385 1509 749 1551 Casaub.—Laxztmque
774 1510 883 1550 caput]
907 1510 950 1541 Id

238 1564 303 1600 est,
321 1564 475 1591 tutamen
503 1559 613 1592 adhuc
636 1560 797 1599 somnias,
818 1566 854 1592 et
883 1563 951 1592 lax-

239 1620 295 1642 um
324 1616 419 1642 tuum
445 1616 551 1651 caput
577 1611 619 1641 ad
645 1616 829 1652 utrumque
860 1612 948 1649 latus

239 1663 528 1694 somnolentorum
558 1671 651 1692 more
674 1662 884 1702 dependens,
913 1667 948 1693 et

239 1712 442 1744 dissolutum
473 1721 509 1743 se
540 1722 607 1743 non
639 1713 819 1751 sustinens,
850 1713 946 1753 quasi

239 1763 460 1804 compagibus
475 1763 561 1803 ejus,
584 1762 802 1802 etjuncturis
829 1761 948 1794 fractis

240 1818 276 1845 et
305 1813 658 1853 solutis.-Comp‹1ge]
704 1810 946 1853 Commiseura,

233 1865 400 1905 junctura
416 1864 583 1895 labrorum
609 1869 643 1894 et
664 1863 877 1894 maxillarum
896 1873 947 1894 so-

237 1916 324 1954 luta,
341 1920 377 1946 et
391 1914 552 1953 diducta3
585 1913 618 1944 id
638 1918 700 1954 est,
717 1923 752 1944 os
774 1913 807 1944 in
826 1914 947 1945 rictum

238 1970 426 2004 extensum,
457 1969 494 1997 et
524 1965 714 1996 diductum.
768 1965 947 1996 Describit

238 2021 353 2048 autem
370 2015 618 2047 oscitationem.
645 2015 759 2046 Lubin.

281 2070 324 2098 59
350 2068 571 2108 Oscit‹1t‚‹5·c.]
608 2067 649 2098 Id
668 2072 732 2105 est,
756 2066 799 2097 ob
815 2066 946 2098 hester-

238 2129 315 2150 nam
341 2121 528 2160 crapulam,
558 2121 709 2160 ignavus,
727 2119 894 2159 torpidus,
911 2124 946 2151 et

237 2169 408 2200 marcidus
425 2170 533 2201 adhuc
546 2181 638 2201 more
656 2171 947 2201 somnolentorum

237 2220 362 2251 oscitat
378 2231 386 2259 ς
423 2221 456 2251 id
482 2226 545 2261 est,
561 2222 752 2252 hesternam
770 2221 944 2261 crapulam

236 2270 414 2302 oscitando
432 2271 582 2311 exhalat,
598 2272 754 2310 edorum,
771 2276 947 2311 evaporat,

237 2320 415 2351 oscitando
453 2321 849 2362 concoquits—Dissutis,
875 2321 945 2362 Qu]

236 2368 278 2400 Id
296 2374 360 2409 est,
376 2371 519 2401 maxillis
537 2374 590 2401 vel
618 2373 713 2411 genis
740 2373 782 2403 ab
800 2379 945 2413 utraque

236 2424 335 2461 parte
351 2421 438 2450 male
462 2422 674 2461 conjunctis3
700 2424 767 2461 vel,
789 2423 877 2463 quod
897 2433 946 2453 os-

237 2471 383 2502 citantes
400 2470 543 2509 t'acinnt,
557 2472 643 2501 foede
663 2473 763 2504 labris
778 2473 944 2512 distortis,

236 2522 324 2553 etin
341 2522 460 2552 rictum
479 2521 637 2560 diductis,
654 2527 688 2552 et
714 2523 898 2553 distractis.

279 2575 321 2604 fio
346 2574 404 2603 Est
417 2572 552 2612 aliquid]
584 2572 636 2602 {ta
654 2573 853 2612 accipiendi
869 2573 941 2613 ejus

235 2623 478 2663 interrogatio:
505 2623 594 2655 Quid
608 2623 726 2653 mirum
741 2623 767 2653 si
779 2622 941 2654 dissolute

235 2673 345 2704 vivis?
381 2674 469 2714 qnod
498 2678 577 2704 ante
604 2673 716 2704 omnia
746 2672 940 2704 faciendum

236 2723 300 2756 tibi
317 2723 443 2764 fuerat,
460 2729 497 2756 ut
514 2723 555 2756 de
572 2733 700 2755 summo
725 2723 811 2755 bono
825 2723 941 2754 decer-

718 150 859 184 NQ'l‘tE
896 148 1160 179 x‘ARioRUM
1197 148 1249 178 IN

1005 252 1104 273 neres
1122 247 1157 273 et
1171 241 1274 273 finem
1300 246 1429 274 certum
1451 242 1515 274 tibi
1544 250 1711 283 propone-

1005 303 1071 333 res,
1083 294 1125 325 de
1137 303 1177 326 eo
1189 293 1335 325 necdum
1347 294 1518 335 cogitasti.
1537 293 1711 325 Casaubmae.

1003 346 1109 377 ——Est
1125 346 1254 387 aliquid,
1270 345 1338 387 ἀι]
1369 347 1473 380 Quasi
1492 347 1607 379 dicat:
1632 343 1712 377 Nori

1006 402 1054 439 tn,
1070 402 1109 428 ut
1125 398 1293 439 sagittarii
1321 403 1452 430 certum
1477 408 1615 438 scopum
1645 395 1712 428 sibi

1005 449 1236 489 praestituunt,
1263 453 1395 480 certum
1422 449 1502 480 vitae
1528 458 1632 489 genus
1650 447 1713 479 tibi

1005 499 1139 539 deligis,
1166 499 1226 531 sed
1255 510 1388 539 corvos,
1422 509 1493 530 rem
1522 509 1640 540 vagam
1676 502 1714 529 et

1004 550 1168 582 incertam
1196 551 1454 592 sequeris.—-Et
1476 550 1510 581 in
1528 550 1617 590 qnod,
1640 546 1712 589 Zea]

1004 600 1180 641 Allegoria
1193 612 1213 632 a
1229 601 1425 641 sagittariis.
1452 598 1713 640 Proposuistine

1004 652 1066 682 tibi
1082 652 1230 693 aliquam
1258 657 1398 690 metam,
1426 651 1478 682 vel
1501 658 1654 690 scopum,
1671 647 1713 679 ad

1005 711 1102 741 quem
1121 702 1283 743 collimes,
1299 703 1352 733 vel
1367 702 1400 732 in
1417 711 1516 743 quem
1534 709 1648 731 arcum
1665 699 1715 730 ‹ii-

1003 751 1091 791 rigas
1100 752 1115 782 ?-
1134 751 1249 783 Lubin.

1046 805 1085 837 61
1111 803 1175 841 An,
1190 802 1260 843 δῖα]
1294 803 1381 833 Eum
1409 811 1506 842 ergo,
1523 801 1580 842 qni
1603 801 1646 832 ita
1666 800 1713 831 v?-

1002 852 1064 892 vit,
1081 852 1221 883 similem
1240 853 1288 883 illi
1309 862 1382 883 esse
1409 852 1494 883 dicit
1520 851 1576 892 qui
1593 861 1712 882 corvos

1003 909 1038 934 et
1054 903 1086 934 id
1104 912 1210 944 genus
1226 912 1304 933 aves
1325 906 1489 941 sectetur,
1518 910 1712 942 capereque

1003 955 1173 994 intendat,
1190 965 1255 986 non
1273 964 1385 994 arcus,
1402 953 1462 984 sed
1493 957 1589 983 testae
1607 952 1712 983 lutive

998 1007 1210 1047 jaculatione
1228 1018 1234 1038 :
1275 1007 1364 1048 quod
1397 1006 1476 1047 qnia
1510 1015 1572 1046 per
1600 1014 1711 1034 rerum

1003 1062 1170 1096 naturam,
1192 1067 1256 1088 nec
1284 1057 1383 1095 solet,
1408 1066 1471 1087 nec
1496 1058 1611 1095 potest
1626 1053 1713 1092 fieri,

1005 1108 1062 1148 qni
1087 1108 1122 1138 id
1155 1111 1268 1139 tentat
1291 1107 1413 1138 Gracco
1442 1105 1625 1147 proverbio
1653 1114 1712 1136 no-

1004 1162 1096 1188 tatus
1115 1161 1181 1196 est,
1197 1156 1237 1188 τὰ
1249 1155 1405 1196 πετόμενα
1427 1155 1538 1187 διώκει·
1571 1154 1660 1197 quod
1677 1154 1712 1185 in

1004 1209 1126 1240 stultos
1153 1214 1188 1240 et
1208 1208 1337 1240 frustra
1361 1208 1556 1238 laborantes
1577 1205 1712 1237 dictita-

1004 1257 1096 1290 bant.
1137 1258 1449 1290 Casaub.—Testave
1479 1257 1594 1296 lucore]
1623 1254 1711 1286 ‘His

1004 1309 1130 1340 utimur
1144 1310 1277 1350 quoties
1294 1319 1359 1340 non
1388 1312 1484 1339 certo
1510 1307 1650 1339 consilio
1668 1307 1711 1337 ad

1002 1361 1186 1401 capiendas
1200 1371 1278 1391 aves
1294 1359 1490 1401 prodiimus,
1503 1359 1563 1389 sed
1581 1363 1710 1389 temere

1002 1421 1041 1449 ac
1060 1421 1120 1451 per
1137 1411 1311 1441 lasciviam
1336 1419 1415 1441 aves
1440 1409 1569 1449 obvias,
1592 1419 1632 1440 eo
1660 1419 1711 1440 ar-

1001 1465 1102 1501 repto
1118 1460 1209 1502 quod
1227 1461 1371 1501 primum
1384 1460 1418 1490 in
1434 1469 1551 1490 manus
1566 1453 1713 1499 venerit.

1002 1510 1162 1551 petimus.
1218 1509 1351 1541 Casanb.
1420 1509 1510 1540 Vide
1554 1510 1711 1550 proverb.

1000 1562 1008 1577 ‘
1029 1561 1132 1592 Nullo
1151 1571 1255 1601 scopo
1267 1560 1442 1601 jaculari'
1464 1561 1580 1592 Lubin.

1043 1614 1084 1642 62
1108 1611 1253 1651 Securus,
1269 1612 1339 1652 Sym]
1375 1612 1503 1649 Parum
1531 1609 1710 1651 sollicitus,

1000 1666 1118 1702 quote
1147 1661 1253 1702 pedes
1280 1661 1429 1693 ducant:
1466 1671 1541 1692 cuin
1570 1671 1708 1693 corvum

999 1712 1032 1742 in
1050 1712 1129 1742 aere
1146 1712 1315 1743 volantem
1336 1712 1488 1743 secteris.
1536 1712 1634 1743 More
1653 1705 1709 1743 eo-

999 1772 1084 1801 rum,
1101 1762 1157 1802 qni
1182 1762 1254 1793 sine
1281 1762 1458 1803 proposito
1486 1766 1709 1803 vagantur.—

997 1813 1113 1852 Atque,
1127 1812 1196 1852 ζα]
1220 1812 1260 1842 Id
1279 1816 1342 1851 est,
1357 1813 1391 1842 in
1408 1812 1509 1851 diem,
1527 1813 1600 1844 sine
1617 1813 1710 1844 omni

998 1861 1192 1894 futurorum
1232 1864 1460 1895 sollicitudine
1491 1864 1586 1896 vivis.
1630 1865 1709 1895 Sine

999 1914 1089 1945 omni
1106 1924 1200 1946 cura.
1237 1914 1443 1955 Hujusrnodi
1467 1915 1572 1945 vitain
1590 1914 1706 1946 Graeci

998 1963 1198 2005 καθημέρινον
1219 1964 1290 2000 βίον
1312 1970 1448 1996 vocant.
1471 1965 1584 1996 Lubin.
1630 1966 1708 2005 Vel,

998 2015 1256 2055 αὐτοσχεδιάζειν
1280 2015 1338 2052 τὴν
1361 2015 1441 2053 βίον,
1456 2015 1490 2046 id
1508 2021 1574 2055 est,
1594 2015 1706 2047 vivere

998 2067 1070 2098 sine
1100 2067 1273 2107 proposito
1291 2072 1325 2097 et
1354 2067 1471 2096 ultimo
1497 2065 1578 2106 fine,
1604 2070 1651 2106 et,
1671 2072 1707 2097 nt

998 2117 1147 2158 loquitur
1161 2117 1302 2156 Seneca,
1323 2117 1330 2132 ‘
1348 2117 1439 2147 aliud
1469 2117 1599 2157 agendo
1618 2117 1707 2148 vive-

997 2167 1058 2198 re!
1077 2167 1249 2199 Casaubon.
1269 2167 1357 2198 vide
1377 2168 1535 2208 proverb.
1550 2167 1602 2198 ‘In
1616 2167 1706 2199 diem

998 2217 1137 2248 virere.²
1174 2217 1275 2250 Quod
1292 2217 1417 2249 dicitur
1439 2219 1480 2248 tle
1497 2219 1576 2257 illis,
1591 2218 1645 2258 qni
1663 2228 1705 2249 ne

997 2269 1039 2299 de
1063 2269 1208 2301 crastino
1237 2269 1372 2310 quidem
1403 2270 1567 2309 cogitant.
1592 2268 1706 2301 Lubin.

1040 2321 1080 2349 63
1107 2319 1318 2354 Helleborum,
1357 2318 1426 2360 &eff
1479 2318 1704 2350 Quemadmo-

997 2369 1075 2399 dum
1095 2370 1219 2400 morbis
1236 2370 1389 2409 corporis
1407 2370 1439 2399 in
1471 2375 1623 2408 tempore
1651 2376 1704 2398 re-

996 2421 1106 2451 medio
1133 2420 1400 2451 subvenit-ndum
1430 2425 1492 2455 est,
1518 2419 1566 2449 sic
1600 2418 1703 2449 animi

995 2472 1120 2502 morbis
1140 2477 1176 2502 et
1194 2473 1296 2511 vitiis,
1320 2471 1354 2501 in
1380 2477 1532 2509 tempore
1550 2479 1704 2510 praeccp-

996 2521 1037 2551 tis
1066 2522 1245 2560 sapientiae
1276 2524 1533 2551 occurrendum.
1596 2520 1701 2552 Quasi

994 2569 1086 2600 (licat
1101 2581 1107 2599 :
1133 2571 1181 2600 Ut
1194 2580 1269 2600 cum
1284 2571 1355 2611 quis
1372 2571 1531 2611 hydropis
1548 2571 1701 2604 habitum

994 2621 1057 2650 sibi
1076 2622 1259 2659 contraxit,
1283 2621 1425 2661 jamque
1447 2621 1531 2652 cutis
1549 2631 1641 2662 aegra
1664 2627 1701 2654 et

994 2671 1164 2712 languida,
1180 2680 1267 2713 aqua
1283 2669 1433 2710 inflatur,
1446 2677 1480 2702 et
1494 2671 1701 2711 intumescit,

993 2722 1111 2763 etjam
1128 2721 1325 2753 incurabilis
1350 2721 1485 2753 reddita
1506 2728 1578 2760 θείς
1614 2720 1702 2752 frus-'-
