1888 3032
281 88 339 130 ’70
788 98 833 128 Α.
870 97 1031 128 PERsn
1067 99 1239 131 FLAccl

281 193 349 235 En
366 193 473 248 quid
495 194 589 247 agis
607 194 620 233 ?
650 193 795 234 siccas
811 193 967 234 insana
987 192 1198 236 Canicula
1218 209 1382 238 messes
1719 200 1748 241 5

280 261 311 304 J
315 275 385 303 am
406 262 567 302 dudum
589 261 751 313 coquit,
775 264 817 301 et
836 262 989 314 patula
1011 275 1149 315 pecus
1171 276 1296 304 omne
1318 266 1399 306 sub
1420 266 1540 307 ulmo
1562 271 1652 320 est3

281 328 407 371 Unus
428 330 487 368 ait
507 327 727 368 comitum.
789 329 801 347 ‘
818 327 1039 369 Verumnc
1059 329 1071 367 ?
1102 330 1248 370 itane?
1282 344 1418 385 ocyus
1442 333 1560 375 adsit

282 396 387 438 Huc
409 395 568 448 aliquis
586 394 595 434 ἱ
626 394 795 435 nemon'
810 394 843 436 'l’
873 395 1105 449 Turgescit
1125 397 1267 438 vitrea
1287 399 1389 440 bilis
1408 414 1418 441 :

284 463 482 505 Finditur
501 475 510 503 :
543 461 750 504 Arcadiae
769 464 976 517 pecuaria
997 464 1148 505 rudere
1169 464 1336 507 credas.

280 572 466 605 canicularis
477 572 607 603 sanitati
622 572 717 603 noa-ia
725 571 794 611 jam
807 573 928 613 pridem
944 574 1049 604 adurit
1065 574 1172 605 aridas
1185 579 1324 614 segetes:
1347 579 1377 606 et
1387 586 1469 615 greti:
1483 578 1582 608 omnis
1596 578 1652 610 sub
1668 580 1749 611 ulmo

280 616 423 648 umbrosa
437 615 547 654 jacen
570 615 671 656 inquit
685 625 762 646 unus
784 625 800 646 e
822 616 923 647 sociis.
971 616 1118 648 Hoccz'ue
1139 626 1245 649 verum
1262 625 1333 649 est.
1327 619 1338 641 Ρ
1372 621 1423 650 Αη
1438 620 1483 650 sic
1499 630 1535 651 se
1551 631 1605 652 res
1621 622 1748 654 habet?

282 658 521 699 Quamprimum
543 658 643 690 isthuc
665 660 770 689 veniat
787 658 960 699 quispiam:
991 661 1130 691 nullusne
1146 661 1282 691 veniet?
1305 661 1392 692 Bilis
1405 663 1557 702 pellat-ida
1573 664 1749 697 intumescit

279 702 312 733 in
329 711 404 733 me:
431 702 479 732 ita
495 712 620 743 rumpor
632 700 877 732 vociferando:
903 705 938 732 ut
959 707 1050 742 putes
1071 704 1181 734 rudere
1204 714 1315 744 pecora
1330 706 1496 738 4νειιάίειι
1541 707 1622 738 Mox
1642 709 1749 749 codex,

900 795 1134 807 eeeeeeeeeeee

277 851 541 893 habentfimlor:
567 861 671 892 qnare
688 851 737 882 ita
753 851 941 892 distingue:
966 851 1029 882 Tur
1028 852 1130 890 gescit
1147 853 1244 884 citrea
1261 853 1356 885 bilis:
1375 854 1513 886 Findor:
1537 859 1572 887 ut
1588 856 1748 896 Arcadia»,

277 896 329 935 ξε.
374 894 444 926 Pro
460 895 794 935 credas,me1nbranae
810 894 907 926 dicas.
952 893 1162 936 Αιιεοιιίιις),6
1179 897 1291 927 asinos
1320 906 1453 939 quoque
1480 898 1603 929 rudere
1633 899 1750 932 dicas?

942 970 975 1001 N
981 971 1083 1002 OTAE

279 1045 506 1077 Anaximenes
537 1045 705 1077 Milesius.
750 1046 829 1077 Hoc
870 1050 985 1077 tamen

277 1097 534 1128 Anaximandro
565 1095 786 1127 Anaximenis
823 1097 985 1137 magistro

277 1149 432 1181 tribuunt
451 1149 625 1190 Diogenes
643 1148 799 1180 Lae'rtius
815 1149 837 1180 l.
856 1158 896 1181 11.
928 1149 984 1180 vi-

275 1201 418 1240 truvius,
441 1204 476 1231 et
505 1200 573 1231 alii.
614 1199 733 1230 Romae
752 1209 832 1231 vero
849 1200 984 1231 illorum

276 1261 355 1282 usus
373 1261 447 1282 esse
470 1251 576 1291 coepit
600 1251 689 1281 bello
715 1250 846 1281 Punico
863 1251 986 1290 primo,

274 1306 313 1333 ut
333 1302 438 1333 habet
465 1301 596 1332 Plinius
624 1302 699 1332 loco
723 1302 840 1332 citato.
886 1300 985 1332 Anti—

275 1351 394 1392 quiora
419 1356 532 1382 tamen
558 1352 618 1382 illa
641 1356 778 1383 constat
809 1361 851 1382 ex
879 1352 986 1382 sacris

275 1402 461 1433 Codieibus
485 1403 569 1435 l.1v.
594 1404 737 1443 Regum,
752 1413 782 1434 c.
796 1405 849 1434 20.
866 1402 924 1433 ubi
942 1402 984 1433 de

274 1454 450 1495 horologio
478 1453 658 1493 Achaz‚et
686 1454 729 1485 de
754 1455 831 1485 Sole
849 1463 910 1494 per
927 1453 984 1485 de-

273 1514 348 1536 cem
365 1505 472 1535 lineas
487 1504 772 1545 retrogrediente.
819 1504 983 1536 Quamvis

274 1555 365 1585 enim
393 1555 427 1585 in
455 1559 553 1585 textu
585 1555 761 1585 Hebraico
791 1564 859 1584 vox
890 1554 983 1584 nulla

275 1605 467 1645 significans
482 1606 587 1636 lineas
610 1610 669 1636 aut
695 1605 906 1645 horologium
931 1604 980 1635 ibi

273 1655 477 1696 reperiatur,
504 1655 564 1686 sed
596 1659 727 1686 tantum
758 1654 905 1695 gradus3
945 1659 981 1686 et

274 1705 390 1738 Achaz
405 1716 472 1737 non
486 1705 642 1736 habuerit
656 1705 866 1746 horologium
882 1705 981 1735 lineis

273 1762 308 1787 et
325 1766 493 1797 gnomone
511 1755 717 1796 perfectum,
734 1759 771 1786 nt
794 1765 856 1786 nos
881 1755 980 1786 hodie

272 1807 457 1846 habemus;
497 1812 532 1837 at
559 1806 684 1847 gradus
711 1805 743 1836 ei
771 1798 887 1836 fuisse*
906 1809 981 1836 arte

272 1857 468 1897 dispositos,
484 1863 519 1888 et
537 1857 633 1888 horas
651 1856 719 1887 diei
741 1865 803 1896 per
828 1855 981 1886 umbram

271 1908 358 1939 Solis
376 1908 579 1947 indicantes,
603 1907 766 1947 colligere
794 1910 846 1937 est
872 1916 915 1937 ex
931 1907 979 1936 D.

272 1959 484 2000 Hieronymo
521 1960 749 1990 Commentar.
792 1957 827 1987 in
855 1956 980 1987 Isaiam

271 2009 318 2040 ita
334 2009 507 2040 scribente
523 2020 530 2039 ε
567 2011 575 2026 ‘
593 2010 708 2039 Datur
721 2008 854 2048 signum
871 2012 909 2038 ut
926 2008 982 2038 Sol

272 2060 391 2090 decem
409 2059 571 2099 gradibus
596 2063 802 2097 revertatur,
820 2068 903 2099 quos
921 2068 981 2088 nos

266 2110 370 2150 juxta
387 2110 623 2150 Symmachum
650 2110 682 2139 in
710 2110 817 2139 lineas
833 2113 867 2139 et
883 2108 981 2139 horo-

271 2160 396 2200 logium
414 2159 589 2197 vertimus,
605 2159 661 2200 qni
675 2158 800 2199 gradus
812 2158 982 2188 intellexit

272 2211 306 2241 in
338 2210 449 2248 lineis,
478 2215 516 2240 ut
546 2207 815 2239 manifestiorem
845 2217 981 2239 sensum

271 2260 465 2301 legentibus
482 2260 635 2291 faceret;
661 2260 731 2290 sive
749 2260 796 2290 ita
816 2259 981 2299 exstructi

272 2315 369 2341 erant
385 2310 508 2350 gradus
527 2316 600 2341 arte
628 2310 837 2349 mechanica,
863 2313 901 2340 ut
919 2320 980 2350 per

273 2360 421 2400 singulos
439 2360 557 2390 umbra
586 2360 797 2390 descendens
823 2361 980 2391 horarum

273 2410 383 2451 spatia
398 2409 620 2441 terminaret.’

316 2464 334 2492 5
362 2460 528 2499 Canicula]
553 2459 791 2497 constellatio,
808 2469 884 2500 quae
900 2458 978 2488 dum

273 2511 330 2542 Sol
349 2510 383 2541 in
407 2511 522 2541 Leone
541 2515 604 2547 est,
620 2510 740 2539 oritur.
786 2509 874 2539 Vide
890 2509 980 2539 Plin.

271 2570 314 2592 υ.
333 2564 386 2592 40.
434 2560 532 2592 Unde
550 2560 591 2591 ab
606 2560 764 2599 Horatio,
786 2560 897 2590 Vesam'
911 2560 984 2590 stel-

273 2613 303 2642 la
321 2611 452 2642 Leonis:
476 2621 495 2641 a
511 2610 632 2641 Persio
658 2619 751 2648 vero,
773 2610 880 2640 insana
903 2609 985 2640 dici-

274 2665 343 2701 tur,
363 2661 440 2702 quia
454 2660 590 2692 morbos
610 2664 773 2701 procreat
797 2659 883 2691 bene
899 2660 981 2690 mul·

1042 1052 1104 1086 tOS,
1121 1047 1164 1078 ob
1179 1052 1300 1079 aestnm
1318 1052 1353 1079 et
1369 1048 1616 1080 vehementiam
1633 1059 1639 1079 :
1666 1048 1746 1080 item

1040 1107 1140 1128 canes
1167 1097 1199 1128 in
1226 1098 1355 1129 rabiem
1380 1099 1462 1140 agit.
1510 1100 1600 1131 Hinc
1625 1100 1747 1131 Horat.

1039 1148 1111 1179 Sat.
1132 1157 1156 1180 1.
1185 1151 1217 1179 6.
1247 1154 1360 1190 vocat,
1404 1151 1412 1167 ‘
1432 1144 1570 1182 Ilsabiosi
1595 1155 1748 1192 tempora

1040 1198 1152 1239 signi.’

1083 1253 1103 1280 6
1127 1250 1245 1281 Patala
1274 1261 1367 1291 pecus
1396 1261 1484 1282 omne
1506 1251 1560 1282 sub
1583 1253 1664 1282 ulmo
1688 1252 1749 1292 est]

1040 1300 1133 1330 Dum
1150 1300 1356 1330 meridianus
1385 1305 1489 1332 aestus
1517 1300 1749 1342 defervescat,

1040 1360 1162 1390 greges
1181 1351 1212 1381 in
1230 1351 1380 1382 umbram
1399 1352 1628 1383 deducuntur.
1653 1352 1748 1393 Virg.

1041 1401 1114 1431 Ecl.
1133 1410 1173 1432 11.
1218 1402 1226 1418 ‘
1243 1402 1342 1432 Nunc
1368 1402 1473 1433 etiam
1499 1403 1649 1442 pecudes
1676 1412 1749 1433 um-

1039 1451 1116 1482 bras
1131 1457 1166 1482 et
1183 1450 1310 1491 frigora
1327 1451 1494 1492 captant!

1081 1504 1100 1532 7
1129 1502 1216 1532 Unus
1231 1502 1278 1532 ait
1293 1502 1454 1543 comitum]
1490 1501 1576 1533 Htec
1594 1503 1749 1544 plerique

1037 1550 1193 1582 referunt
1208 1552 1251 1582 ad
1269 1552 1418 1592 priorem
1436 1553 1654 1584 senteutiam.
1679 1553 1747 1584 Sed

1035 1612 1102 1633 non
1119 1602 1178 1632 abs
1195 1611 1229 1632 re
1246 1602 1422 1632 contendit
1439 1602 1657 1633 Casanbonus
1673 1602 1747 1634 fini-

1035 1651 1157 1682 endam
1185 1655 1264 1682 ante
1292 1652 1363 1682 haec
1392 1651 1497 1682 verba
1522 1653 1747 1693 praeceptoris

1035 1702 1330 1742 increpationem:
1369 1707 1405 1732 ut
1432 1702 1539 1733 verba
1566 1703 1653 1742 liaec,
1671 1713 1749 1734 unus

1035 1754 1081 1784 ait
1096 1754 1254 1792 comitum,
1279 1753 1388 1784 Persii
1417 1753 1485 1783 sint
1501 1754 1686 1785 narrantis:
1712 1758 1748 1785 et

1036 1813 1112 1844 qnae
1130 1809 1331 1843 sequuntur,
1347 1803 1414 1834 sint
1431 1803 1746 1844 expergiscentium

1036 1855 1292 1895 discipulorum.

1082 1905 1187 1946 Ocyus
1202 1905 1299 1945 adsit]
1332 1905 1433 1936 Adsit
1460 1905 1613 1946 protinus
1639 1904 1748 1937 famu·

1036 1955 1098 1994 lus,
1111 1960 1146 1987 et
1163 1961 1276 1987 vestes
1287 1955 1419 1996 afferat,
1430 1961 1468 1987 ut
1483 1966 1615 1996 surgam
1630 1965 1747 1996 quam-

1037 2006 1193 2046 primum.

1080 2059 1099 2087 8
1128 2057 1235 2087 Vitrea
1248 2056 1333 2097 bilis]
1367 2055 1473 2088 Quasi
1500 2055 1588 2087 vitro
1617 2056 1746 2097 similis,

1037 2117 1112 2148 qnae
1124 2107 1155 2137 in
1170 2107 1265 2138 vultu
1280 2106 1444 2137 iracundo
1456 2111 1635 2147 appareat.
1659 2107 1746 2138 Hor.

1037 2158 1109 2188 Sat.
1127 2166 1151 2187 1.
1170 2160 1202 2188 3.
1226 2158 1235 2174 ‘
1253 2156 1474 2197 Splendidam
1502 2156 1617 2187 bilem'
1646 2157 1746 2187 dixit.

1037 2206 1107 2238 Alii
1125 2208 1406 2248 interpretantur,
1431 2205 1558 2246 inflata,
1584 2207 1745 2238 intumes-

1036 2267 1127 2297 cenS,
1144 2262 1180 2288 ut
1196 2258 1333 2289 vitrum.

1078 2311 1099 2339 9
1124 2309 1287 2350 Findiwr]
1324 2309 1433 2340 Laxat
1450 2308 1598 2339 habenas
1614 2308 1745 2338 iracun-

1036 2359 1099 2390 dia?
1118 2361 1274 2400 petulans
1303 2359 1517 2398 adolescens,
1548 2362 1584 2389 et
1607 2358 1685 2398 quia
1701 2357 1744 2388 ad

1034 2410 1187 2441 laborem
1204 2416 1240 2441 et
1263 2410 1410 2440 studium
1436 2419 1498 2439 non
1523 2413 1645 2448 sponte
1675 2412 1766 2451 tra-s

1035 2460 1140 2496 hitur,
1157 2460 1238 2490 iram
1255 2460 1287 2489 in
1301 2458 1443 2489 famulos
1460 2462 1636 2489 exonerat.
1662 2457 1744 2489 Qui-

1039 2509 1114 2539 dam
1130 2509 1260 2548 legunt,
1278 2508 1416 2539 Findor:
1441 2511 1475 2539 ut
1490 2507 1648 2546 Arcmiioe,
1663 2508 1714 2547 ᾅσ.

1082 2558 1242 2599 Arcadioe]
1299 2558 1408 2598 Regio
1447 2562 1499 2588 est
1538 2557 1744 2598 Peloponesi

1039 2611 1162 2641 multos
1179 2615 1214 2641 et
1228 2619 1367 2650 magnos
1383 2609 1476 2640 alens
1490 2608 1614 2640 asinos.
