1888 3032
210 186 267 228 {3

717 193 761 222 A.
796 189 956 221 PERSII
992 190 1165 220 FLACCl

327 291 483 344 Neque
504 290 547 330 in
567 286 741 340 bicipiti
763 286 1006 325 somniasse
1028 284 1252 326 Parnasso

325 359 522 406 Memini,
546 359 589 396 ut
604 357 778 407 repente
800 354 863 393 sic
885 352 1016 406 potita
1037 353 1269 405 prodirem.

328 424 706 476 Heliconidasque
724 420 1016 474 pallidamque
1040 421 1222 461 Pirenen

326 495 423 536 Illis
444 492 631 539 remitto,
655 502 840 543 quorum
863 489 1075 540 imagines
1095 489 1290 528 lambunt

1649 486 1680 527 ΕΠ

328 561 520 602 Hcderae
542 570 777 612 sequaces:
811 557 907 609 ipse
928 556 1235 608 semipaganus

327 629 401 670 Ad
424 641 551 669 sacra.
571 630 720 667 vatum
743 636 917 665 carmen
939 623 1069 663 affero
1090 627 1299 664 nostrum.

328 696 444 746 Quis
462 695 689 749 expedivit
709 694 902 746 psittaco
922 704 1049 731 suum
1070 692 1202 745 Χαῖρε,

211 836 367 866 Parnasso
383 833 540 868 bivertice,
557 836 590 863 ut
604 831 825 873 subitofierem
843 831 887 860 ita
911 829 1014 860 Vale&
1064 829 1108 859 Et
1135 828 1243 858 Musas
1257 831 1287 857 et
1306 827 1440 858 Pirenen
1456 826 1606 866 pallidum
1628 836 1676 858 re-

210 879 314 917 linquo
327 877 394 907 illis.
404 886 531 916 quorum
546 879 666 905 statuas
686 874 824 904 ambiunt
847 873 967 904 hcdcrce
990 876 1119 902 tenaces.
1166 872 1236 909 Ego
1255 869 1445 901 subrusticus
1469 869 1573 908 desero
1596 879 1678 900 meos

213 930 315 951 'versus
326 921 365 950 ad
380 929 468 950 sacru
487 919 664 949 Pofflurum.

826 1012 941 1022 aeaeaeaeaeae

713 917 791 951 Quis
805 916 909 946 docuit
922 915 1090 955 psittacum
1105 924 1193 944 suum
1210 913 1292 943 illud
1308 913 1418 953 χαῖρε;
1444 916 1473 942 et
1492 912 1581 952 picas
1598 912 1677 943 eniti

948 1010 1061 1021 oooooo

253 1086 272 1113 4
300 1080 575 1119 Heliconiudusque
592 1079 658 1110 Ms.
677 1079 783 1109 R.-—5
809 1077 971 1107 Meliores
990 1075 1076 1114 libri,
1093 1079 1129 1105 et
1145 1073 1292 1104 Puteaui
1306 1073 1522 1114 membranae,
1537 1073 1680 1104 remitto:

212 1126 269 1156 alii
287 1125 443 1162 Codices,
458 1125 615 1162 relinquo:
639 1127 676 1151 ut
694 1124 725 1151 in
744 1119 835 1150 affini
860 1119 1042 1156 sententia,
1066 1118 1169 1148 satira
1187 1118 1317 1157 quinta,
1336 1117 1521 1156 mensasque
1542 1117 1679 1157 relinque

212 1168 383 1209 Illycoenis:
408 1176 474 1196 uon
489 1166 587 1196 aliter
607 1164 819 1204 perantiquae
836 1161 1014 1192 clarissimi
1032 1161 1095 1190 viri
1117 1161 1239 1192 Jacobi
1265 1159 1444 1199 Bongarsii
1462 1159 1677 1190 membranae.

215 1210 454 1241 Cusaubonfssss
478 1209 541 1248 ipse
554 1218 609 1246 ego
621 1207 837 1247 scmz'pugunus
854 1205 960 1236 C.-s
984 1204 1069 1234 [sere
1085 1203 1151 1234 Ms.
1171 1204 1278 1234 1³³9
1302 1202 1445 1242 Legitur
1461 1202 1493 1232 in
1511 1202 1677 1233 nonnullis

873 1302 904 1333 N
910 1300 1012 1332 OTAE

214 1388 296 1415 tum.
344 1381 446 1412 Hunc
467 1381 574 1411 locum
594 1379 744 1409 imitatus
762 1376 917 1408 Sidonius

212 1432 406 1473 Apollinar.
423 1430 498 1461 Lib.
513 1438 593 1460 v111.
618 1428 775 1468 Epistola
788 1426 920 1465 ultima,

212 1485 261 1515 ita
276 1483 395 1514 scribit
410 1493 417 1512 :
441 1481 450 1497 ‘
470 1480 549 1511 Non
570 1480 624 1510 hic
641 1489 704 1519 ego
721 1476 919 1509 commenti-

213 1537 295 1567 tiam
311 1534 557 1575 Terpsichoren
586 1541 679 1563 more
704 1530 808 1562 studii
829 1534 920 1561 vete-

214 1588 259 1618 ris
288 1585 433 1617 adscivi:
463 1594 526 1615 nec
546 1583 649 1624 juxta
677 1581 920 1622 scaturiginem

217 1637 323 1669 fontis
344 1635 550 1677 Aganippici
569 1643 630 1674 pei·
653 1631 802 1663 roscidas
818 1631 922 1672 ripas,

215 1694 251 1719 et
283 1687 433 1728 pumices
458 1683 631 1715 muscidos
659 1682 785 1722 stylum
816 1681 920 1711 traxi.

216 1740 334 1780 Atque
359 1738 488 1768 utinam
512 1735 593 1766 nihil
616 1733 728 1773 molle,
743 1732 826 1763 nihil
849 1730 922 1762 flui-

217 1790 310 1828 dum,
327 1789 373 1819 nil
390 1787 432 1818 de
448 1786 559 1818 triviis
585 1783 825 1826 compitalibus
849 1792 920 1813 mu-

214 1845 347 1871 tuatum
366 1835 579 1879 repe1·iatur‚'
595 1838 660 1867 &c.
875 1858 878 1862 ,

257 1889 384 1929 Prolui]
423 1888 465 1919 Id
503 1892 566 1927 est,
601 1885 724 1917 leviter
758 1882 922 1924 delibavi,

214 1952 279 1973 nou
292 1945 406 1972 autem
424 1938 588 1970 immersis
606 1937 704 1968 labiis
722 1934 764 1966 ad
782 1935 920 1966 satieta-

215 2000 285 2024 tem
300 1990 409 2022 hausi.

260 2041 422 2073 Caballino
451 2039 557 2080 fonte]
612 2038 763 2077 Pegasus
813 2034 921 2066 alatus

214 2102 321 2134 equus
360 2091 486 2131 ungula
528 2087 724 2129 percutiens
771 2085 920 2117 radicem

215 2143 342 2174 montis
368 2139 538 2179 Parnassi,
566 2137 686 2169 elicuit
710 2136 840 2167 fontem
863 2135 921 2176 qui

214 2194 295 2226 inde
323 2192 435 2222 dictus
466 2194 519 2220 est
551 2188 764 2228 Hippocrene:
802 2195 820 2216 e
852 2195 919 2226 quo

214 2244 372 2276 bibentes
387 2240 501 2272 statim
519 2238 647 2269 Poetas
663 2237 751 2276 fieri,
767 2235 920 2267 fabulan-

217 2299 285 2326 tur.
309 2292 399 2324 Vide
416 2289 522 2322 Ovid.
538 2288 683 2319 Metam.
699 2287 721 2318 l.
736 2296 771 2318 v.
789 2285 857 2317 fab.
875 2290 905 2318 4.

259 2348 279 2375 2
306 2345 372 2375 Nec
385 2344 418 2373 in
434 2341 556 2382 bicipiti
569 2340 745 2379 somniasse,
761 2338 830 2380 δῖα]
853 2339 921 2370 Ne-

217 2405 294 2439 que,
308 2399 347 2425 ut
364 2394 504 2432 Ennius,
519 2390 697 2430 somniavi,
709 2390 920 2431 Immigrasse

216 2448 250 2480 in
277 2455 331 2477 me
359 2444 504 2475 animam
529 2441 758 2481 Homeri,aut
781 2441 921 2472 alterius

218 2496 334 2530 eximii
350 2494 484 2525 Poetae.
509 2493 597 2524 Vide
614 2490 704 2522 infra
719 2492 792 2523 Sat.
810 2500 860 2523 V1.
879 2491 921 2522 ad

219 2551 293 2580 haec
311 2546 426 2586 verba,
441 2546 450 2561 ‘
466 2544 532 2575 Cor
543 2543 645 2583 jubet
661 2542 724 2572 hoc
737 2541 845 2582 Enni,’
859 2544 922 2573 διε.

261 2595 434 2635 Parnasso]
482 2595 583 2625 Mons
618 2596 672 2623 est
698 2591 859 2623 Phocidis
889 2592 923 2623 in

219 2649 360 2687 Achaia,
377 2644 529 2687 Apollini
544 2653 640 2674 sacer
650 2652 689 2673 ac
706 2642 836 2681 Musis;
859 2643 923 2674 sic-

221 2707 258 2733 ut
275 2704 310 2731 et
328 2697 472 2730 Helicon
488 2704 582 2726 mons
600 2693 688 2724 alter
704 2691 738 2723 iu
755 2692 901 2724 Boeotia.

264 2754 282 2782 4
309 2747 458 2788 Pirenen]
483 2747 571 2779 Fons
597 2747 671 2779 crat
696 2742 804 2775 Musis
831 2743 921 2774 dica-

975 1380 1029 1407 tus
1046 1375 1079 1405 in
1098 1374 1346 1406 Acrocorintho
1365 1378 1492 1414 monte,
1504 1374 1607 1414 juxta
1625 1383 1679 1404 ur-

973 1427 1051 1457 bem
1070 1426 1270 1457 Corinthum
1287 1426 1320 1456 in
1343 1426 1567 1465 Peloponeso.
1604 1425 1680 1456 Paz-

974 1477 1069 1508 (idam
1093 1480 1208 1507 autem
1233 1479 1334 1507 vocat
1359 1474 1512 1514 Persius,
1530 1485 1570 1506 eo
1588 1474 1679 1516 quod

976 1528 1032 1570 qui
1064 1527 1246 1568 plurimum
1272 1526 1413 1558 student
1442 1525 1559 1566 pallidi
1581 1525 1680 1556 fiunt.

976 1578 1064 1610 Vide
1082 1583 1200 1619 postea
1218 1579 1288 1608 Sat.
1309 1587 1343 1608 v.
1362 1580 1414 1608 62.
1453 1577 1518 1607 Vel
1542 1579 1681 1617 spectat

976 1629 1141 1660 Fabulam
1167 1629 1209 1660 de
1228 1628 1351 1660 Pirene
1372 1628 1526 1666 muliere,
1550 1627 1646 1668 cnjus
1662 1636 1681 1658 e

976 1680 1136 1720 lacrymis
1151 1680 1226 1710 fons
1242 1679 1306 1710 iste
1323 1688 1497 1710 emanasse
1514 1677 1637 1709 fertur.

1019 1733 1039 1762 6
1063 1730 1215 1770 Heclera’]
1238 1730 1326 1761 Boni
1342 1729 1463 1760 Poetae
1481 1728 1609 1759 hedera
1627 1738 1683 1759 co-

976 1781 1197 1812 ronabantur.
1233 1780 1320 1811 Vide
1348 1779 1473 1811 Horat.
1502 1778 1568 1810 Od.
1591 1788 1616 1810 1.
1649 1781 1681 1809 1.

977 1831 1144 1871 Sequaces;
1181 1831 1234 1861 vel
1263 1830 1354 1871 quod
1385 1829 1486 1861 facile
1515 1829 1683 1860 adhaeres-

978 1887 1076 1914 cant:
1116 1882 1170 1913 vel
1199 1881 1288 1923 quod
1320 1884 1508 1922 sequantur
1536 1879 1681 1911 eximios

976 1933 1105 1965 Poetas
1121 1933 1216 1964 velut
1239 1932 1439 1973 praemium:
1465 1930 1681 1973 quemadmo-

977 1983 1057 2014 dum
1074 1987 1154 2014 ante
1169 1982 1252 2014 dixi.

1018 2032 1258 2074 Semipoegmzus]
1303 2032 1420 2072 Prope
1458 2031 1606 2063 rusticus
1644 2035 1681 2062 et

975 2083 1140 2124 agrestis:
1163 2081 1235 2113 fere
1262 2086 1332 2113 tam
1360 2082 1538 2122 imperitus
1561 2092 1601 2113 ac
1626 2091 1681 2113 ru-

975 2133 1041 2174 dis,
1073 2142 1173 2174 quam
1201 2142 1364 2173 paganus.
1408 2131 1499 2163 Vide
1521 2132 1682 2164 Juvenal.

974 2185 1045 2216 Sat.
1073 2193 1151 2216 xlv.
1179 2186 1253 2216 154.
1287 2183 1451 2215 Annotat.
1480 2183 1522 2215 ad
1549 2194 1680 2226 vocem,

974 2236 1077 2275 Pago.
1117 2235 1208 2266 Item
1232 2234 1303 2266 Sat.
1326 2243 1405 2265 xvl.
1422 2236 1474 2266 33.
1491 2233 1534 2264 ad
1551 2243 1681 2274 vocem,

975 2285 1149 2327 Paganum'.

1017 2341 1036 2370 7
1060 2338 1111 2369 Ad
1126 2347 1215 2369 sacra
1229 2339 1347 2376 vatum,
1361 2335 1431 2375 Sym]
1457 2333 1630 2375 Augustus
1645 2334 1680 2365 in

977 2399 1037 2421 suo
1060 2389 1191 2430 palatio
1213 2390 1408 2419 sacraverat
1435 2384 1541 2416 aedem
1569 2385 1679 2415 Musis

977 2444 1013 2471 et
1034 2439 1206 2481 Apollini3
1231 2442 1320 2469 teste
1347 2434 1524 2475 Suetonio,
1552 2434 1679 2466 Octav.

978 2500 1008 2522 c.
1024 2493 1077 2522 29.
1124 2491 1173 2520 Eo
1195 2487 1289 2519 docti
1305 2485 1555 2518 conveniebant
1572 2484 1679 2525 scrip-

978 2545 1082 2582 taque
1107 2538 1311 2571 deferebant
1335 2547 1407 2568 sua.
1449 2537 1538 2567 Hinc
1553 2536 1679 2566 Horat.

977 2592 1087 2634 Epist.
1103 2601 1128 2624 1.
1143 2595 1176 2623 3.
1201 2591 1211 2608 ‘
1227 2589 1363 2630 Scripta
1388 2588 1567 2619 Palatinus
1587 2596 1682 2628 quae-

978 2653 1124 2686 cumque
1140 2641 1274 2683 recepit
1290 2638 1436 2681 Apollo.'
1474 2637 1562 2669 Vide
1580 2637 1682 2678 infra,

979 2695 1022 2727 ad
1039 2704 1094 2726 eas
1111 2703 1224 2733 voces,
1237 2692 1247 2710 ⁴
1266 2690 1353 2723 Sede
1369 2690 1461 2730 leges
1478 2689 1592 2721 celsa!

1021 2748 1041 2777 3
1068 2744 1145 2781 Quis
1159 2741 1330 2785 expedivit,
1342 2739 1415 2781 ξω]
1444 2741 1530 2772 Sunt
1554 2739 1610 2781 qui
1635 2739 1681 2769 de
