1888 3032
727 171 909 202 §ATIRA
944 172 987 202 V.

1504 161 1589 203 139

131 266 394 308 Pelliculam
416 269 602 307 veterem
621 267 792 316 retines,
814 271 857 307 et
877 268 1013 307 fronte
1034 267 1197 320 politus

132 332 337 374 Astutam
357 333 521 386 vapido
544 346 694 374 servas
717 335 797 374 sub
818 339 996 387 pectore
1018 335 1190 387 vulpem
1209 349 1220 387 3

137 400 254 450 Quae
277 399 481 440 dederam
503 407 653 453 supra,
676 404 838 453 repeto,
859 401 1092 454 funemque
1112 402 1286 444 reduco.

141 467 221 508 Nil
240 468 316 507 tibi
338 468 554 508 concessit
575 468 709 509 ratio:
742 467 925 520 digitum
946 480 1093 517 exere,
1117 482 1292 522 peccas.

133 599 320 630 conditionis
337 603 460 638 nostrae,
470 599 498 629 si
510 607 669 629 conservas
685 597 794 629 adhuc
810 602 909 628 cutem
925 598 1097 638 antiquam,
1113 602 1143 629 et
1150 598 1240 637 facie
1256 601 1395 632 excultus
1411 602 1526 633 retines
1538 601 1603 632 vul-

132 643 273 682 peculam
287 643 421 673 dolosam
436 642 491 672 sub
506 643 595 671 corde
617 645 785 681 corrupto,·
809 651 872 682 ego
889 651 907 671 a
922 646 954 670 te
971 651 1092 681 reposco
1107 652 1147 672 ea
1163 652 1230 682 qua>
1247 653 1318 674 mox
1334 644 1552 684 attribuebam,
1573 648 1604 675 et

126 685 304 722 funiculum
320 684 456 715 retraho.
496 684 659 724 Sapientia
673 685 752 715 nihil
766 684 826 714 tibi
840 684 991 715 contulit:
1016 685 1042 714 si
1059 685 1111 715 vel
1127 686 1266 724 digitum
1282 688 1433 727 extendis,
1440 687 1527 725 sucis
1537 696 1606 728 pec-

759 771 991 782 caeoaeeaee-eaeeee

134 823 234 863 polita
260 823 405 854 C.—117
429 832 532 854 servas
555 824 588 854 in
610 826 732 863 pectore
757 823 845 854 Edd.
863 824 975 863 quaed.
999 833 1127 855 sert-ans
1151 825 1206 855 sub
1222 829 1303 865 ρει-ε.
1321 826 1469 857 C.-118
1491 827 1607 866 relego,

130 865 270 906 sunemq.
288 866 330 896 R.
347 870 383 896 et
398 866 474 897 Gal.
494 867 575 897 Mss.
591 872 627 897 et
651 866 798 897 C.—119
823 866 883 897 Nz'l
906 867 976 898 tibi.
1020 867 1076 898 Sic
1094 877 1209 898 omnes
1226 871 1447 906 membranae,
1471 879 1537 900 non
1562 871 1609 900 Ni

137 908 220 945 tibi;
243 909 333 950 quod
348 909 467 941 ,Iustus
484 909 633 950 Lipsius,
646 909 875 949 meojudicio,
887 909 1140 949 appositissime
1157 911 1364 950 reponebat:
1390 912 1453 942 etsi
1471 912 1610 953 vulgata

804 1018 949 1050 NOTAE

140 1089 269 1130 labore,
285 1091 355 1122 sine
373 1092 510 1123 studio?

186 1142 326 1184 Farinoe]
344 1143 550 1184 Metaphora
566 1153 586 1173 a
603 1143 760 1183 panibus,
777 1144 849 1185 qui-

142 1191 205 1222 bus
229 1192 319 1224 inest
342 1193 432 1224 idem
449 1204 563 1234 sapor,
578 1194 669 1224 idem
687 1195 791 1235 color,
814 1199 850 1225 et

143 1243 242 1282 paria
257 1244 380 1283 omnia,
398 1254 439 1275 ex
457 1245 577 1275 eadem
591 1244 702 1275 farina
717 1243 830 1276 factis.

188 1292 330 1333 Nostroe]
356 1294 426 1325 Per
438 1294 649 1334 modestiam,
660 1295 771 1336 inquit
787 1296 851 1326 Ca—

144 1342 326 1383 saubonus,
342 1344 402 1384 ait,
423 1347 547 1375 nostrae.
593 1344 662 1375 Alii
683 1345 852 1385 interpre-

147 1397 261 1423 tantur
277 1393 348 1424 sic:
376 1399 412 1424 tu
435 1395 534 1425 modo
557 1396 711 1434 vitiosus,
737 1405 853 1435 quem-

148 1442 327 1472 admodum
343 1447 379 1474 et
393 1453 466 1483 nos,
490 1449 674 1485 antequam
696 1455 758 1484 per
774 1446 853 1476 Phi-

148 1494 308 1534 losopliiae
326 1494 450 1525 Stoicae
466 1500 599 1525 acetum
616 1504 852 1535 purgaremur.

193 1549 254 1576 116
278 1546 460 1577 Pelliculam
475 1551 607 1578 veterem
629 1547 757 1587 retines]
781 1548 855 1578 Mo—

150 1607 213 1637 res,
229 1601 267 1627 ut
282 1596 373 1636 olim,
391 1598 562 1638 improbos
587 1598 731 1628 necdum
747 1599 855 1629 exuis-

151 1649 188 1680 ti.
233 1648 299 1679 Vel
315 1648 437 1679 alludit
461 1649 503 1678 ad
531 1654 710 1689 serpentes
733 1650 855 1689 pellem

151 1709 231 1730 vere
248 1709 334 1730 novo
351 1699 582 1740 deponentes:
609 1700 661 1730 vel
686 1700 729 1730 ad
750 1700 858 1730 AEthi-

153 1760 234 1790 opes
253 1751 398 1781 colorem
416 1760 482 1781 non
504 1755 685 1782 mutantes.

197 1802 315 1834 Fronte
348 1803 478 1844 politus]
531 1804 683 1834 Externa
720 1803 858 1843 quidem

155 1853 270 1893 specie
287 1853 407 1893 bonus,
420 1854 606 1893 modestus,
617 1854 792 1893 honestus,
807 1863 860 1885 co-

155 1904 230 1934 mis.

201 1956 261 1985 117
285 1954 432 1985 Astutam
448 1954 580 1994 vulpem]
603 1953 751 1984 Pravam
768 1954 862 1985 indo-

157 2005 223 2035 lem
241 2014 355 2035 servas
379 2014 417 2034 ac
442 2005 583 2043 retines,
605 2003 701 2034 vafer
717 2010 754 2035 ut
771 2009 862 2042 ante,

157 2054 361 2094 versipellis,
378 2054 526 2093 dolosus,
548 2054 665 2084 similis
683 2055 791 2095 vulpi,
806 2055 861 2085 cui

159 2103 297 2143 astutia,
312 2108 349 2134 ut
369 2104 512 2135 audacia
534 2105 624 2134 leoni
648 2105 862 2136 attribuitur.

160 2153 283 2184 Horat.
297 2153 338 2183 ad
353 2154 507 2186 Pisones.
530 2155 538 2170 ‘
559 2155 742 2195 Nunquam
754 2160 788 2187 te
802 2155 863 2186 fal·

159 2204 235 2233 lant
251 2203 352 2233 animi
369 2203 429 2233 sul)
448 2205 547 2244 vulpe
567 2205 737 2236 latentes!

208 2253 326 2293 Vapido
342 2253 395 2283 sub
410 2253 548 2293 pectore]
569 2255 773 2294 Metaphora
787 2265 806 2286 a
821 2255 867 2286 vi-

161 2313 204 2334 no
226 2309 403 2344 corrupto,
421 2304 512 2345 quod
530 2313 640 2345 vappa
662 2304 798 2345 dicitur,
813 2315 868 2336 cu-

156 2358 214 2398 jus
228 2362 264 2389 et
277 2367 421 2398 vapores
436 2357 516 2388 tetri
531 2361 567 2387 et
578 2356 760 2397 graviores.
785 2358 868 2388 Per-

163 2418 280 2448 peram
297 2408 399 2449 aliqui
416 2409 547 2447 legunt,
560 2407 685 2447 putido.

207 2461 269 2489 118
294 2459 372 2493 Quoe
396 2459 539 2488 dederam
553 2457 666 2497 supra]
700 2457 867 2488 Nimirum

165 2513 204 2540 ut
219 2519 307 2540 esses
323 2510 410 2541 liber
427 2519 467 2540 ac
487 2509 633 2549 sapiens,
679 2509 766 2540 Haec
780 2509 868 2540 enim

167 2560 298 2590 nonnisi
314 2560 376 2591 sub
392 2561 586 2591 conditione
602 2560 665 2591 tibi
689 2560 870 2601 largiebar.

213 2609 347 2650 Repeto]
382 2611 507 2641 Placet
540 2610 721 2650 nonnullis,
758 2611 872 2650 relego,

170 2667 329 2700 quorsum
343 2669 436 2698 vero,
451 2659 539 2690 hand
556 2665 664 2701 patet.

215 2708 392 2749 funemque
412 2710 537 2750 reduco]
568 2709 725 2742 Allusum
756 2710 874 2742 volunt

902 1092 945 1124 ad
963 1093 1165 1124 Graecorum
1183 1093 1349 1133 puerilem
1365 1093 1482 1124 ludum
1498 1093 1612 1124 nescio

903 1154 1018 1185 quem,
1044 1153 1106 1184 per
1135 1142 1363 1174 funiculorum
1390 1143 1613 1174 intentionem

904 1199 940 1226 et
957 1195 1215 1234 attractionem,
1231 1194 1374 1226 Aristot.
1392 1193 1547 1234 σπαρτίων
1563 1193 1614 1224 ἇν-

905 1245 1047 1277 άστασιν.
1092 1245 1161 1276 Sed
1185 1245 1267 1286 quid
1294 1246 1401 1285 opus?
1425 1243 1614 1285 σκαπέρδαν,

906 1295 1119 1335 ἑλκυστίνδαν,
1134 1294 1367 1325 διελκυστίνδαν
1388 1296 1614 1336 relinquamus

908 1347 1093 1387 Hesychio,
1123 1346 1315 1385 Eustathio,
1345 1346 1438 1378 Julio
1468 1346 1615 1385 Polluci,

908 1406 958 1428 rx.
974 1401 1005 1429 7.
1051 1397 1164 1437 Magis
1178 1397 1218 1428 ad
1232 1407 1314 1434 rem,
1329 1401 1368 1427 ut
1384 1397 1529 1436 videtur,
1544 1396 1619 1427 dix·

908 1449 1043 1489 erimus,
1060 1452 1095 1479 et
1119 1448 1161 1478 ad
1184 1453 1335 1479 mentem
1351 1448 1464 1479 Persii
1481 1458 1521 1479 eo
1539 1457 1617 1488 pro-

909 1499 1076 1539 pius,quo
1100 1499 1311 1539 simplicius:
1335 1497 1451 1528 funem
1475 1498 1618 1529 servitu-

910 1550 965 1587 tis,
990 1559 1091 1589 quem
1117 1548 1256 1578 videbar
1284 1548 1462 1586 exemisse,
1487 1557 1618 1578 rursum

909 1598 1027 1637 injicio
1042 1609 1050 1636 3
1075 1604 1112 1629 ut
1131 1598 1222 1638 prius
1240 1597 1401 1628 innexum
1414 1599 1534 1636 traho;
1552 1607 1620 1628 ser—

912 1659 988 1679 vum
1014 1654 1048 1679 te
1071 1654 1106 1679 et
1134 1649 1278 1679 Damam
1307 1647 1501 1688 pronuntio.
1548 1648 1620 1678 Aut

913 1705 1009 1730 certe
1037 1699 1239 1739 metaphora
1269 1702 1322 1729 est
1358 1708 1377 1728 a
1413 1698 1532 1728 bestiis
1566 1698 1621 1729 vel

913 1750 1015 1781 etiam
1032 1749 1190 1788 aviculiS,
1207 1759 1301 1790 qum,
1316 1758 1391 1779 cum
1409 1747 1569 1788 aufugere
1586 1753 1622 1780 et

913 1801 1049 1830 avolare
1067 1804 1202 1830 tentant
1218 1800 1318 1839 paulo
1332 1798 1475 1839 longius,
1491 1798 1622 1831 funicu-

915 1851 948 1881 lo
966 1850 1106 1880 inuexas
1133 1859 1340 1880 revocamus.
1374 1849 1495 1880 Horat.
1511 1850 1622 1890 Epist.

916 1910 940 1931 1.
958 1904 1008 1931 10.
1030 1900 1210 1940 pecuniam
1234 1900 1359 1930 servire
1387 1905 1548 1939 oportere
1574 1900 1622 1931 sic

916 1950 1042 1980 edicit:
1066 1951 1074 1966 ‘
1093 1951 1232 1980 Tortnm
1262 1949 1366 1989 digna
1389 1949 1484 1991 sequi
1501 1949 1625 1991 potius,

919 2011 1016 2042 quam
1034 2001 1158 2031 ducere
1173 1999 1312 2030 funem.'

962 2055 1023 2082 119
1050 2051 1106 2082 Nil
1121 2051 1181 2081 tibi
1196 2050 1344 2081 concessit
1363 2049 1461 2089 ratio]
1485 2050 1625 2091 Sapien-

919 2103 967 2134 tia
982 2102 1064 2132 nihil
1082 2101 1142 2132 tibi
1160 2101 1202 2132 de
1219 2111 1254 2131 se
1271 2106 1330 2131 aut
1346 2100 1387 2130 de
1406 2110 1465 2131 suo
1489 2110 1626 2132 conces-

919 2154 973 2190 sit,
989 2157 1027 2184 ut
1043 2162 1086 2183 ex
1109 2153 1240 2183 ratione
1265 2161 1380 2192 posses
1404 2161 1525 2192 agere:
1549 2161 1627 2192 pro-

920 2203 1067 2244 indeque
1085 2202 1173 2232 male
1199 2206 1234 2232 et
1260 2211 1438 2242 perperam
1462 2202 1533 2241 agis
1557 2211 1627 2232 om-

921 2253 990 2284 nia.

965 2302 1114 2342 Digitum
1142 2311 1245 2341 exere,
1274 2299 1396 2342 peccas]
1444 2300 1628 2332 Levissima

923 2353 1048 2394 qumvis
1079 2352 1168 2382 actio
1196 2356 1256 2383 tna
1283 2356 1462 2392 peccatum
1496 2356 1561 2391 est,
1594 2356 1630 2382 et

924 2413 1026 2444 grave
1044 2403 1192 2444 quidem.
1237 2402 1395 2443 AEqualia
1409 2403 1536 2443 quippe
1551 2408 1631 2434 sunt

925 2459 1068 2494 peccata
1083 2453 1196 2483 omnia
1213 2452 1301 2492 apud
1318 2453 1465 2484 Stoicos.

967 2504 1115 2543 Digitum
1128 2502 1233 2542 exere]
1268 2503 1419 2543 Epictet.
1453 2501 1628 2533 Euchirid.

925 2558 934 2574 ⁴
947 2557 1012 2587 Vel
1023 2557 1170 2596 digitum
1180 2559 1317 2586 vetatur
1327 2554 1464 2585 extendi
1479 2552 1630 2584 temere!

926 2608 1003 2639 Quo
1026 2616 1106 2636 sane
1132 2605 1284 2646 respexit
1311 2606 1459 2640 Persius,
1485 2609 1519 2632 et
1547 2604 1630 2634 satis

927 2660 1109 2687 contextus
1127 2655 1252 2695 probat
1264 2658 1299 2683 et
1310 2662 1427 2683 sensus
1443 2663 1452 2689 ;
1478 2657 1516 2682 ut
1527 2652 1631 2683 mirer

926 2716 992 2738 non
1016 2715 1154 2747 paucos,
1179 2707 1256 2744 post
1279 2706 1412 2733 veteres
1439 2701 1549 2733 Gloss.
1575 2711 1632 2734 ex-
