1888 3032
702 127 884 158 SA‘rlRA
918 127 994 158 111.
1525 116 1584 158 73

122 223 420 265 Contemnere.
480 223 618 265 Sonat
637 223 788 265 vitium
809 236 1036 276 percussa,
1057 224 1244 277 maligne

123 290 379 344 Respondet
398 292 529 331 viridi
551 305 635 332 non
655 296 783 332 cocta
802 291 951 332 fidelia
970 292 1090 332 limo.

122 357 270 399 Udum
290 362 331 398 et
350 359 477 399 molle
498 360 634 400 lutum
655 373 718 409 es,
737 372 851 399 nunc
875 373 986 399 nunc
1010 357 1328 412 properanduS‚
1349 361 1392 399 et
1412 357 1503 399 acri

124 425 370 478 Fingendus
391 427 483 466 sine
504 427 584 466 fine
604 430 711 467 rota.
772 425 858 465 Sed
880 439 975 465 rure
996 431 1180 479 paterno

122 492 202 533 Est
220 495 299 533 tibi
318 494 383 534 far
403 494 640 542 modicum,
658 505 813 546 purum
835 497 877 532 et
894 493 987 532 sine
1009 493 1109 533 labe
1133 492 1332 541 salinum,

119 558 265 615 (Quid
283 564 448 600 metuas
461 558 502 612 7.)
523 560 769 613 cultrixque
790 560 878 599 foci
902 572 1056 599 secura
1076 559 1252 612 patella.

123 627 227 668 Hoc
247 629 386 668 satis?
419 641 472 667 an
493 627 645 671 deceat
667 627 918 680 pulmonem
938 640 1138 680 rumpere
1159 627 1315 676 ventis,

1524 491 1584 534 25

127 764 297 806 Vasflctile
313 764 420 805 digito
435 766 591 804 pulsatum
606 775 677 796 sono
693 765 825 796 ostendit
841 764 1006 803 defectum,
1026 769 1056 796 et
1074 769 1231 796 excoctum
1250 765 1366 804 argilla
1386 776 1445 796 non
1469 767 1586 798 recenti

120 808 223 838 reddit
239 808 386 838 tinnitum
396 807 550 844 fractum.
597 809 643 838 Τιι
658 818 689 838 es
705 810 798 838 velut
816 809 906 839 limus
922 809 1065 839 humidus
1080 812 1110 839 et
1126 807 1588 848 tractabilis,jttiiijainfingen-

121 851 189 889 (Ius,
204 853 234 880 et
258 850 368 890 absque
393 850 619 881 intermissione
634 850 822 888 formandus
849 855 919 881 rota
944 851 1126 882 vehementi.
1171 852 1216 881 At
1233 861 1271 881 ex
1287 861 1364 889 agro
1379 852 1481 890 patris
1496 851 1589 882 habes

113 891 307 930 frumentum
323 896 424 930 tenue,
440 897 469 923 et
483 904 535 924 vas
546 894 620 923 salis
637 895 779 923 mundum
791 893 857 924 sine
872 893 1007 931 defectu.
1049 894 1203 928 Quidnam
1221 892 1353 925 timeas?
1371 894 1478 923 Habes
1493 895 1588 924 etiam

118 936 259 975 patinam
279 938 379 966 tutam
405 936 521 966 camini
547 937 756 967 excultricem.
802 936 924 966 Illmlne
949 935 1085 977 sufficit!
1110 936 1162 966 An
1186 937 1329 966 decorum
1351 940 1395 966 est
1413 938 1588 975 pulmonem

738 1018 977 1031 eeeeeeeeeeee

120 1072 266 1103 bendum
282 1074 486 1112 respondens,·
509 1082 608 1104 sonus
624 1073 767 1114 integrae
783 1078 818 1105 et
835 1074 918 1104 vitio
935 1073 1083 1104 carentis
1101 1077 1200 1103 testae
1217 1076 1271 1104 est
1287 1071 1354 1111 ὀξὺς
1370 1071 1419 1102 καὶ
1435 1071 1534 1113 τορὸς,
1552 1075 1591 1104 ut

122 1114 248 1146 dicitnr
263 1115 297 1145 in
315 1116 515 1146 Graecorum
530 1117 781 1147 commentariis
810 1117 853 1147 de
880 1126 914 1147 re
942 1116 1071 1147 rustica
1085 1124 1135 1146 V1.
1152 1118 1183 1146 3.
1201 1120 1235 1145 at
1261 1120 1363 1155 rupta
1381 1120 1472 1146 testa
1490 1119 1588 1146 sonat

122 1158 358 1197 maligne,lloc
375 1163 428 1189 est
444 1168 585 1198 parvum
603 1169 741 1197 sonum;
767 1159 814 1190 sic
838 1159 920 1189 ‘lux
943 1158 1099 1199 maligna'
1130 1158 1220 1198 apud
1245 1158 1438 1198 Virgilium.
1475 1158 1592 1188 casau-

122 1199 191 1232 bon.
214 1201 416 1241 Tautologia
433 1201 682 1241 quodammodo
713 1203 857 1241 tollitur,
881 1202 907 1232 si
935 1211 1011 1232 cum
1043 1201 1244 1232 Casaubono
1276 1201 1360 1240 legis·
1388 1202 1593 1240 respondens:

121 1252 238 1274 verum
254 1244 327 1284 ipso
344 1245 481 1283 maligne
495 1245 681 1284 respondens
696 1244 805 1285 frigus
832 1245 971 1285 aliquod
988 1244 1161 1274 inducitur
1175 1244 1264 1282 loco,
1279 1244 1335 1283 qui
1351 1242 1462 1273 forsan
1490 1253 1591 1274 sanus

124 1291 277 1316 nonest:
303 1287 400 1327 cujus
424 1292 535 1317 tamen
563 1287 734 1318 medicina
762 1297 828 1318 non
858 1288 986 1327 alisque
1013 1286 1114 1318 codd.
1143 1287 1227 1317 Mss.
1254 1286 1418 1316 tentanda
1446 1286 1592 1316 videtur.

123 1328 386 1368 Koem'gius.—23
410 1330 507 1360 lutum
533 1333 578 1360 est
602 1330 670 1361 Ms.
695 1331 822 1361 R.—25
847 1333 875 1360 et
905 1340 1019 1370 purum
1042 1329 1110 1360 Ms.
1134 1329 1298 1361 Gal.—26
1322 1329 1462 1359 Planior
1489 1328 1593 1360 lectio

786 1414 925 1445 NOTAE

167 1479 207 1507 21
234 1477 449 1517 Contemnere]
474 1479 640 1511 Quoniam
665 1478 748 1508 nihil
764 1477 833 1509 affi-

126 1526 174 1558 cit
189 1527 341 1559 homines
365 1528 472 1568 magis
496 1538 596 1569 quam
619 1533 832 1567 contemtus3

130 1577 218 1609 hunc
236 1578 340 1609 etiam
362 1577 484 1618 juveni
508 1588 641 1609 moroso
666 1578 784 1618 objicit
799 1583 835 1610 et

888 1482 960 1509 tum
978 1478 1020 1509 ab
1048 1477 1249 1518 Anacharsi,
1275 1482 1363 1509 teste
1392 1478 1519 1517 Plinio,
1546 1477 1594 1508 in-

887 1533 1040 1569 ventum,
1055 1539 1122 1570 quo
1140 1528 1351 1560 circumacto
1375 1528 1496 1560 fictilia
1512 1538 1594 1559 vasa

887 1578 1072 1619 finguntur.

124 1628 274 1659 minatur
290 1630 440 1668 prudens
457 1628 630 1668 magister.

167 1679 263 1710 Sonat
279 1678 406 1718 titium]
432 1680 544 1720 Urget
561 1689 622 1720 per
640 1679 831 1710 similitudi-

124 1738 215 1760 nem.
259 1729 355 1760 Sicut
371 1729 497 1760 tinnitu
513 1739 614 1760 rauco
632 1734 667 1760 et
684 1729 830 1760 absurdo

126 1780 344 1820 cognoscitur
373 1779 458 1810 vasis
485 1778 655 1820 defectus,
682 1790 758 1810 cuin
784 1779 833 1809 di-

130 1829 201 1869 gito
218 1829 427 1869 percutitur:
453 1829 502 1860 sic
531 1834 568 1860 tu
592 1839 669 1860 cum
686 1839 706 1860 a
721 1839 774 1860 me
790 1829 833 1860 ad

125 1878 266 1910 meliora
293 1879 460 1918 incitaris,
484 1884 519 1910 et
547 1880 643 1920 quasi
671 1880 834 1920 tangeris,

127 1931 268 1962 exhibes
282 1932 383 1962 animi
397 1931 516 1962 vitium
530 1936 565 1962 et
583 1941 721 1972 pravam
735 1930 836 1963 affec-

127 1981 266 2013 tionem.

170 2032 315 2071 BIaligne
336 2032 512 2072 respondet]
537 2033 754 2064 Contrarium
771 2039 836 2074 est,

127 2081 268 2112 Saliorum
279 2086 396 2122 crepat,
410 2083 500 2124 quod
516 2083 703 2115 videbimus
716 2084 790 2115 Sat.
803 2094 835 2116 v.

171 2133 212 2161 23
241 2131 342 2161 Udum
367 2135 397 2162 et
423 2133 511 2163 molle
528 2134 626 2164 lutum
642 2133 687 2173 es]
723 2134 837 2165 Instat

129 2181 295 2222 magister
310 2193 318 2213 ι
341 2186 493 2213 attamen
509 2184 573 2214 hac
589 2189 692 2215 aetate
709 2195 776 2226 qua
791 2195 837 2225 eS,

130 2235 229 2272 potes
254 2232 427 2263 emendari
448 2233 527 2263 dum
553 2238 651 2265 tener
680 2245 728 2275 es,
746 2241 781 2267 et
803 2236 837 2266 in

131 2282 251 2313 melius
267 2281 408 2313 formari
424 2293 463 2314 ac
479 2283 584 2323 fingi;
608 2285 634 2315 si
658 2285 758 2316 modo
783 2296 839 2326 ge-

131 2342 205 2364 rere
227 2333 307 2364 mihi
330 2343 458 2364 morem
485 2335 645 2373 volueris,
671 2339 707 2366 et
723 2335 838 2367 subire

130 2381 345 2423 disciplinam
360 2383 444 2414 licet
461 2393 502 2414 ea
518 2384 582 2415 tibi
599 2384 710 2425 prima
724 2384 838 2417 fronte

132 2432 219 2464 acris
231 2437 267 2463 et
284 2443 405 2473 aspera
420 2433 588 2465 videatur.

175 2483 268 2514 Nunc
283 2485 378 2524 nunc]
414 2486 456 2516 Id
482 2491 546 2527 est,
573 2487 673 2518 modo
701 2492 737 2519 et
765 2488 839 2519 sine

134 2543 239 2574 mora,
252 2534 330 2565 dum
347 2535 456 2567 adbuc
468 2537 606 2577 juvenis
623 2548 673 2577 es,
688 2548 727 2569 ac
747 2540 840 2570 velut

136 2593 214 2614 cera
239 2594 298 2616 seu
330 2591 420 2617 testa
447 2587 570 2628 mollis,
593 2589 840 2630 cujuscumque

137 2632 254 2664 formae
270 2644 391 2675 capax.

177 2685 219 2714 24
243 2683 341 2724 Rota]
356 2685 548 2726 Figulinum
565 2690 619 2719 est
635 2687 842 2721 instrumen-

932 1629 995 1660 Sed
1019 1639 1092 1659 rure
1116 1627 1264 1669 paterno]
1301 1627 1488 1668 Prolepsis.
1534 1627 1596 1667 At,

886 1679 1032 1721 inquies,
1049 1679 1133 1720 quid
1160 1689 1244 1719 opus
1275 1688 1329 1709 me
1358 1677 1530 1709 laboribus
1556 1688 1596 1709 ae

886 1731 1009 1771 vigiliis
1026 1730 1184 1771 fatigare,
1209 1739 1285 1760 cum
1313 1729 1438 1770 possim
1458 1729 1595 1760 beatam

886 1791 925 1812 ac
943 1781 1162 1822 tranquillam
1187 1780 1293 1810 vitam
1321 1789 1434 1820 agere,
1453 1784 1595 1810 conten-

888 1835 944 1861 tus
962 1830 1067 1870 partis
1080 1829 1146 1860 etsi
1162 1829 1389 1859 mediocribus
1406 1828 1555 1859 divitiis?

932 1883 972 1910 25
999 1880 1066 1910 Far
1092 1878 1259 1918 modicum]
1283 1877 1463 1909 Sufficiens
1487 1877 1597 1910 fortu-

888 1940 943 1971 na,
959 1930 1043 1961 licet
1056 1930 1199 1960 modica.

934 1980 1069 2020 Parum]
1090 1979 1159 2010 Seu
1188 1978 1349 2009 mundum
1376 1983 1413 2010 et
1439 1978 1597 2018 nitidum,

890 2039 947 2061 seu
965 2030 1145 2071 quaesitum
1158 2029 1229 2060 sine
1247 2029 1338 2061 dolo.

934 2079 1091 2119 Salinum]
1117 2080 1187 2110 Pro
1204 2080 1358 2120 qualibet
1378 2079 1599 2120 supellectili.

934 2135 977 2163 26
1002 2132 1189 2172 Cultrz'xque
1210 2130 1293 2172 foci]
1323 2132 1366 2162 In
1394 2130 1470 2163 foco
1493 2133 1599 2163 Lares

892 2182 1104 2213 colebantur.

934 2232 1050 2263 Secura
1072 2233 1204 2273 patella]
1231 2233 1368 2271 Patella,
1396 2242 1455 2264 vas
1484 2243 1502 2264 e
1532 2243 1599 2275 quo

891 2282 1070 2313 libationes
1082 2283 1158 2313 Diis
1172 2282 1312 2312 Laribus
1327 2282 1369 2312 ad
1385 2281 1497 2314 focum
1513 2282 1602 2314 fere-

894 2333 1019 2364 bantur
1035 2345 1043 2371 ;
1061 2343 1179 2371 secura,
1191 2332 1271 2373 quia
1285 2332 1491 2365 domesticos
1506 2335 1601 2365 Deos

893 2383 1049 2424 religiose
1074 2383 1188 2414 colens
1215 2383 1412 2423 praesidium
1437 2385 1480 2416 ab
1503 2385 1543 2416 iis
1565 2391 1602 2417 et

894 2433 1117 2474 patrocinium
1136 2432 1200 2463 sibi
1216 2432 1412 2472 pollicetur.

937 2487 977 2515 27
997 2484 1067 2514 Hoc
1081 2483 1174 2523 satis]
1199 2482 1340 2514 Refellit
1352 2484 1513 2524 magister
1530 2484 1599 2515 dic-

897 2539 934 2566 ta
950 2534 1118 2575 discipuli.

939 2585 1122 2615 Pulmonem
1146 2583 1302 2623 rumpere]
1336 2583 1413 2612 Prae
1444 2583 1602 2623 superbia

897 2641 933 2666 et
959 2633 1071 2665 fastu:
1097 2634 1140 2664 ob
1165 2632 1379 2663 nobilitatem
1403 2635 1438 2662 et
1463 2641 1601 2664 censum

897 2695 1001 2727 supra
1016 2684 1152 2716 modum
1168 2688 1203 2714 et
1219 2682 1335 2722 inepte
1352 2679 1472 2712 inflari.
