1888 3032
266 155 350 198 162

265 262 484 304 Continuo
504 271 697 303 crassum
717 259 827 301 ridet
847 258 1082 302 Vult'enius
1104 261 1269 315 ingens,

768 165 814 196 A.
848 161 1009 195 PERSII
1049 164 1221 196 FLACM

1647 264 1729 306 190

266 330 321 371 Et
341 334 512 372 centum
531 328 716 370 Graecos
737 330 861 369 curto
883 331 1087 370 centusse
1107 329 1273 375 licetur,

262 452 375 483 rustice
387 450 600 492 cachinnatur,
613 454 643 483 et
657 455 796 484 centenos
812 452 940 483 Groecos
952 452 1088 485 (estimat
1105 455 1227 484 centum
1241 452 1360 484 assibus
1377 452 1555 486 decurtatis.

880 537 996 550 6016,aeae

267 593 323 621 191
358 589 527 629 Vulpenius
542 589 634 622 Edit.
651 590 770 632 steph.

275 633 473 673 ΓαΙρεηηὶιιε.
519 633 709 665 Casaubon.

1001 537 1016 548 ι
1020 536 1116 552 ιιιιι

823 590 1006 630 Vulfennius
1021 592 1088 624 Ms.
1107 591 1149 623 R.
1196 591 1340 624 Variant
1357 592 1476 635 scripti
1491 592 1677 632 Putfcnnms
1692 598 1729 626 et

754 633 924 672 Pulfenius
940 635 978 667 C.

930 731 1071 764 NOTAE

266 809 301 837 et
318 804 484 847 imperitis
507 804 684 844 militibus,
699 805 726 836 si
754 804 805 836 vis
831 815 908 836 cum
926 805 974 836 lu-

267 856 377 887 dibrio
402 860 438 888 et
462 866 568 887 sanna
595 856 717 897 excipi.
764 856 869 889 Quasi
892 866 973 888 vero

265 905 378 937 ferant
396 906 444 936 illi
461 915 496 937 se
513 906 581 937 dici
607 916 673 937 non
690 916 829 947 usquam
846 916 919 938 esse
936 907 973 938 li-

265 956 379 995 beros,
395 955 453 987 sed
471 956 571 996 plane
584 965 711 987 servos.
744 956 845 988 Prov.
859 957 973 990 Graec.

264 1006 468 1047 στρατιωτικὴ
481 1006 613 1046 ἀλογίας
631 1007 774 1038 Militum
783 1018 865 1039 more
876 1009 973 1039 ratio-

266 1067 333 1088 nem
346 1058 428 1088 haud
449 1058 542 1098 capit.

315 1108 474 1139 varicosos
494 1109 699 1150 centuriones]
745 1110 813 1142 Qui
847 1110 973 1142 habent

265 1158 298 1189 in
315 1159 472 1190 cruribus
489 1159 620 1191 varices
645 1169 664 1190 e
689 1160 806 1191 labore
823 1161 975 1202 militari,

267 1209 393 1250 quique
423 1214 461 1241 ut
488 1219 633 1250 corpore
655 1210 704 1242 sic
735 1212 847 1242 animo
885 1212 973 1244 intu-

265 1265 434 1292 mescunt.
480 1261 623 1292 Varices
640 1272 742 1302 porro
770 1267 848 1294 sunt
877 1273 972 1295 venae

265 1310 373 1342 multo
400 1314 435 1341 et
458 1310 592 1352 impuro
608 1312 772 1352 sanguine
786 1311 914 1344 inflatae
938 1314 972 1345 in

267 1360 448 1399 cruribus;
484 1361 573 1402 quod
598 1362 806 1402 cursoribus,
836 1363 972 1403 bajulis,

265 1414 302 1441 et
318 1410 376 1442 diu
392 1411 560 1442 stantibus
576 1411 745 1452 accidere,
762 1413 811 1444 ait
826 1412 973 1444 Avicen-

265 1471 320 1493 na.
364 1461 518 1493 Varicosi
536 1462 696 1494 dicuntur
710 1462 815 1494 fuisse
832 1464 883 1495 M.
896 1465 974 1495 Tul-

265 1511 329 1543 lius
356 1511 491 1552 Cicero,
513 1513 552 1544 C.
575 1513 719 1554 Marius,
733 1514 871 1555 aliique.
917 1516 972 1546 De

266 1561 379 1593 Mario
395 1562 469 1603 ipse
484 1563 613 1595 Tullius
628 1565 764 1596 Tuscul.
781 1566 914 1598 Quaest.
931 1574 972 1597 11.

268 1622 302 1643 n.
319 1616 371 1645 53.
398 1614 447 1645 sic
468 1614 593 1645 habet:
631 1615 641 1633 ‘
661 1615 698 1646 C.
725 1615 857 1646 Marius
874 1615 972 1647 rusti-

268 1672 371 1693 canus
386 1663 450 1703 vir,
466 1663 528 1694 sed
553 1664 653 1703 plane
670 1664 734 1703 vir,
750 1674 826 1695 cum
842 1674 973 1696 secare-

267 1717 335 1752 tur,
352 1713 461 1745 vetuit
484 1723 518 1744 se
543 1713 683 1754 alligari,
704 1723 768 1744 nec
794 1714 972 1755 quisquam

268 1768 348 1795 ante
365 1764 513 1796 Marium
524 1765 654 1795 solutus
670 1764 797 1795 dicitur
813 1774 887 1795 esse
902 1774 973 1796 sec-

268 1819 336 1847 tus,
369 1815 438 1846 Cur
453 1824 537 1856 ergo
553 1819 673 1855 postea
683 1814 739 1844 alii
752 1815 763 1845 ?
778 1809 884 1845 valuit
898 1825 974 1846 auc-

268 1865 403 1896 toritas.
420 1882 461 1888 —-
479 1865 564 1896 Crus
608 1874 686 1896 vero
721 1865 867 1896 alterum
903 1875 971 1896 non

267 1914 428 1956 praebuit.
472 1915 528 1946 Ita
544 1919 579 1946 et
597 1915 674 1945 tulit
690 1914 840 1946 dolorem
857 1919 895 1946 ut
908 1916 972 1955 vir,

266 1969 302 1996 et
318 1969 355 1996 ut
369 1965 468 1996 homo
485 1965 645 2006 majorem
660 1964 763 2005 ferre,
780 1965 851 1996 sine
868 1975 971 1996 causa

266 2015 469 2054 necessaria,
486 2016 616 2047 noluit?
639 2017 771 2047 Plinius
788 2025 839 2048 xr.
856 2021 908 2048 45.
925 2017 973 2048 ait

268 2064 308 2095 C.
327 2064 486 2104 Marium,
509 2066 567 2107 qui
592 2066 718 2106 septies
747 2066 872 2097 Consul
895 2065 973 2106 fuit,

266 2118 416 2145 stantem
441 2115 506 2146 sibi
530 2125 661 2156 passum
680 2116 810 2147 varices
827 2115 974 2155 extrahi,

267 2164 360 2195 inter
382 2165 530 2196 homines
547 2175 647 2196 unum
664 2176 672 2203 ;
706 2165 839 2195 scilicet
856 2175 895 2196 eo
913 2175 973 2196 sae-

268 2215 366 2246 culo:
401 2225 478 2246 nam
495 2215 526 2245 in
544 2217 616 2246 aliis
643 2216 676 2246 id
701 2215 828 2246 factum
847 2220 974 2257 postea,

267 2265 366 2295 testis
383 2265 506 2296 Cicero
534 2266 608 2297 loco
633 2276 709 2296 mox
738 2267 856 2297 citato.
904 2267 973 2297 De-

268 2315 370 2355 nique
389 2315 593 2347 Plutarchus
609 2317 642 2347 in
660 2317 741 2347 Vita
759 2317 857 2348 Marii
875 2317 973 2348 initio

270 2363 377 2394 refert
402 2375 478 2396 euin
495 2376 591 2397 crura
613 2368 714 2407 plena
731 2368 900 2399 varicibus
918 2369 973 2398 ha-

269 2412 394 2450 buisse,
425 2419 460 2444 et
489 2425 565 2445 cum
596 2416 847 2449 deformitatem
883 2428 974 2458 ffgre

270 2462 389 2504 ferret,
414 2467 580 2495 accersito
606 2467 756 2505 Medico,
781 2468 868 2498 haud
893 2469 974 2507 liga-

273 2518 357 2553 tum,
378 2515 523 2545 alterum
548 2525 624 2545 crus
652 2516 847 2556 pracbuisse,
873 2521 974 2556 atque

270 2565 360 2596 inter
395 2566 626 2602 incidendum,
661 2567 831 2597 constanti
865 2567 974 2598 animo

272 2615 461 2655 perstitisse
477 2627 484 2646 ι
526 2620 562 2646 at
600 2625 681 2646 vero
719 2626 794 2646 crus
830 2617 975 2647 alterum

272 2666 429 2705 poscenti
445 2665 585 2696 Medico
602 2676 755 2707 negasse,
776 2667 977 2707 subjecisse-

274 2725 360 2758 que3
400 2720 532 2748 tantum
569 2717 719 2755 dolorem
751 2719 873 2749 iterum
903 2727 977 2760 per-

1027 804 1129 847 ferre,
1144 806 1318 848 indignum
1337 817 1372 838 se
1388 808 1560 843 arbitrari.

1074 858 1294 899 Centuriones]
1309 860 1483 890 Ductores
1493 858 1657 900 peditum.
1675 859 1733 891 De

1027 906 1090 947 his,
1104 908 1185 939 vide
1200 908 1384 949 Vegetium
1409 909 1454 940 de
1480 919 1518 940 re
1534 909 1689 949 Militari,
1709 909 1734 941 1.

1027 967 1068 990 11.
1102 959 1249 999 Dionys.
1266 959 1443 990 Halicarn.
1468 960 1490 991 1.
1507 969 1557 990 1v.
1580 960 1588 989 ⁴.
1606 959 1734 990 Centu-

1027 1009 1162 1049 riones‚'
1184 1010 1303 1051 inquit,
1326 1012 1334 1028 ‘
1353 1011 1456 1041 electi
1473 1012 1572 1041 erant
1596 1018 1639 1040 ex
1665 1017 1736 1040 om-

1027 1060 1124 1096 nibus
1140 1060 1231 1091 bello
1254 1060 1397 1100 strenui,
1421 1060 1478 1102 qui
1505 1069 1582 1091 suos
1606 1058 1735 1100 quique

1027 1111 1220 1151 manipulos
1242 1112 1347 1152 jussis
1373 1112 1650 1151 obtemperantes
1677 1119 1737 1141 ex-

1027 1161 1212 1193 bibebant:
1256 1163 1308 1192 Ex
1334 1161 1386 1192 his
1409 1161 1602 1201 intelligere
1625 1163 1678 1191 est
1702 1169 1736 1191 a·

1029 1211 1110 1242 lium
1137 1211 1384 1243 centurionem
1412 1211 1658 1251 manipularem
1685 1208 1736 1240 fu-

1028 1261 1108 1301 isse,
1135 1261 1191 1303 qui
1220 1261 1340 1302 viginti
1369 1261 1526 1300 militum,
1557 1264 1592 1291 et
1622 1259 1735 1292 turbae

1027 1311 1245 1342 Scutatorum
1274 1311 1399 1342 ductor
1423 1314 1508 1349 erat,
1525 1310 1626 1341 alium
1654 1319 1736 1341 vero

1028 1361 1272 1393 Centurionem
1296 1360 1526 1400 Primipilum,
1543 1360 1600 1401 qui
1624 1359 1737 1391 tribus

1027 1410 1162 1441 vexillis
1180 1413 1327 1450 praeerat
1342 1420 1351 1447 ;
1382 1419 1486 1449 porro
1504 1409 1665 1440 vexillum
1679 1410 1738 1440 ho-

1027 1462 1136 1493 mines
1165 1465 1303 1492 centum
1337 1460 1515 1502 octoginta
1543 1464 1613 1492 tres
1646 1454 1737 1492 corn-

1027 1511 1257 1552 plectebatur.
1313 1510 1402 1542 Vide
1431 1511 1531 1543 Alex.
1562 1510 1606 1542 ab
1632 1510 1736 1543 Alex.

1027 1571 1053 1593 1.
1071 1566 1101 1594 5.

1071 1615 1133 1643 190
1171 1613 1318 1644 Crassum
1348 1612 1446 1653 ridet]
1488 1612 1652 1652 Ingentes
1683 1621 1736 1645 re-

1027 1667 1131 1702 pente
1156 1662 1341 1694 cachinnos
1369 1662 1474 1701 tollit,
1502 1666 1537 1693 et
1568 1662 1602 1693 in
1628 1662 1735 1695 risum

1028 1711 1171 1743 effusum
1200 1712 1356 1743 solvitur.
1423 1712 1585 1750 Vttlfenius
1611 1712 1736 1754 ingens,

1028 1763 1129 1794 Miles
1155 1768 1214 1794 aut
1246 1763 1407 1794 Centurio
1435 1772 1596 1803 procerus
1622 1766 1658 1794 et
1683 1773 1736 1794 ro-

1027 1814 1161 1845 bnstus.
1223 1813 1401 1851 Vulfeuius:
1435 1812 1553 1844 fictum
1578 1822 1598 1843 a
1624 1813 1737 1844 Poeta

1028 1873 1150 1894 nomen
1175 1863 1341 1902 creditur,
1370 1873 1431 1903 pro
1458 1873 1523 1905 quo
1549 1863 1676 1904 legitur
1698 1867 1736 1895 et

1034 1914 1235 1954 Vulpennius,
1250 1918 1285 1944 et
1302 1913 1498 1951 Puls'enniuS.

1073 1968 1132 1996 191
1159 1965 1204 1996 Et
1221 1968 1342 1996 centum
1359 1965 1496 2002 Groecos,
1510 1963 1579 2003 ὅπη]
1623 1962 1737 1994 Philo-

1028 2016 1151 2055 sophos
1179 2019 1316 2046 centum
1333 2023 1374 2044 ea
1390 2013 1577 2044 sentientes
1593 2016 1629 2043 et
1645 2011 1736 2043 affir-

1029 2071 1160 2098 mantes
1174 2076 1296 2106 magno
1309 2070 1434 2096 conatu
1450 2065 1593 2096 totidem
1606 2065 1736 2096 assibus

1028 2117 1113 2148 nolit
1130 2127 1254 2157 emere,
1269 2117 1393 2147 nedum
1415 2115 1518 2146 fidem
1541 2114 1666 2146 habeat
1682 2124 1736 2147 eo-

1028 2177 1099 2198 rum
1117 2167 1220 2199 dictis
1236 2168 1301 2198 etsi
1324 2166 1520 2198 verissimis.

1073 2218 1217 2258 Graecos]
1251 2218 1307 2248 Sic
1325 2218 1395 2248 Sat.
1414 2226 1439 2248 1.
1457 2216 1582 2257 posuit,
1596 2216 1736 2257 crepidas

1032 2268 1223 2304 Graiorum;
1256 2277 1377 2307 nempe
1393 2277 1411 2297 e
1430 2266 1566 2298 Graecia
1589 2276 1736 2299 emerse-

1030 2323 1109 2349 runt
1134 2328 1247 2349 omnes
1271 2317 1342 2348 fere
1358 2315 1569 2357 Philosophi,
1584 2316 1736 2347 Philoso-

1030 2369 1119 2410 phiae
1137 2374 1172 2400 et
1188 2368 1373 2409 sapientiae
1399 2368 1601 2406 rudimenta,
1630 2366 1732 2399 immo

1030 2420 1237 2449 documenta
1253 2423 1288 2449 et
1303 2419 1438 2449 lumina.

1075 2471 1171 2500 Cento
1187 2472 1321 2499 centusse
1336 2468 1462 2507 licetur]
1482 2469 1647 2499 Ceutusse
1664 2478 1734 2499 mu-

1031 2518 1140 2554 tilato,
1155 2527 1219 2547 non
1238 2518 1384 2557 integi-0,
1400 2516 1553 2557 adeoque
1580 2516 1637 2548 vix
1666 2527 1732 2555 uno

1031 2575 1103 2596 asse
1121 2576 1220 2596 unum
1239 2567 1433 2606 Sapientem
1450 2567 1608 2598 aestimat.

1074 2616 1214 2655 Licetur]
1231 2616 1345 2655 Liceri,
1357 2621 1410 2647 est
1426 2616 1459 2648 in
1474 2618 1633 2650 auctione
1648 2617 1734 2660 pub*

1031 2668 1097 2699 lica
1115 2667 1258 2708 pretium
1275 2666 1419 2698 deferre.
