1888 3032
678 153 842 184 PERSII
886 151 994 184 SAT.
1017 152 1079 183 VI.

177 249 284 282 liendi
301 247 389 281 ratio
406 248 571 287 innuitur,
588 257 656 289 qua
672 248 815 279 cremati
832 257 886 278 ca-

179 300 312 332 daveris
341 300 508 341 reliquiae.
539 307 625 335 ossa,
656 298 708 328 vel
743 298 888 337 cineres,

179 351 294 382 multis
320 351 492 387 odoribus,
520 348 739 391 aromatibus,
766 353 801 378 et
829 357 887 378 un-

177 401 312 440 guentis
329 400 637 439 perfundebantur,
647 403 682 429 et
694 398 887 429 condeban-

176 456 243 482 tur.
270 452 366 482 Idem.

220 504 260 532 35
289 502 462 541 Oss11,83·c.]
495 502 575 532 Sine
603 499 806 540 unguentis:
833 499 887 529 vel

178 552 353 588 inhonora,
369 553 555 591 sepulturae
571 551 698 581 honore
722 549 888 580 carentia.

183 604 249 634 Vet.
266 600 536 640 Sch.—Inn‹10ra]
563 601 647 632 Quae
666 600 792 629 nullum
810 599 889 629 odo-

178 662 250 684 rem
276 652 450 688 emittunt,
477 656 512 681 et
542 650 676 680 surdum
705 650 890 689 spirant.—

180 702 298 741 Dabit]
333 701 389 732 Ad
415 701 625 740 sepulturam
660 699 890 730 exhibebit.--

183 751 352 791 Cinnama]
377 751 596 792 synedoche3
622 760 684 791 pro
712 750 802 780 omni
819 760 890 781 aro-

179 808 283 842 mate,
300 803 454 833 cinnama
469 806 503 831 et
521 801 609 832 casia
625 800 680 831 hic
696 805 887 840 ponuntur:

178 855 246 892 vel,
262 865 324 895 pro
350 855 531 894 unguentis
556 864 599 885 ex
616 853 892 892 illis.—Surdum,

180 907 250 947 ξω]
285 906 437 938 Quorum
467 905 550 936 odor
577 905 732 943 obtusus,
758 904 891 942 surdus,

181 961 218 987 et
238 954 645 996 insensibilis.—-Spirent]
684 954 891 994 Redoleant,

181 1007 346 1049 fragrent.
370 1007 484 1038 Lubin.

225 1061 267 1090 36
293 1058 410 1098 Casiae]
444 1057 574 1090 Quibus
602 1066 660 1087 nos
687 1065 748 1097 pro
776 1056 892 1087 cinna-

182 1118 293 1139 momo
313 1108 451 1139 utimur.
481 1107 581 1140 Quod
598 1106 652 1137 hic
667 1111 790 1137 vocat:
815 1107 892 1136 Pec-

181 1162 251 1189 cent
281 1168 396 1197 ceraso,
420 1157 454 1188 id
487 1162 550 1196 est,
584 1157 711 1188 Ceraso
740 1155 892 1186 admixto

183 1209 387 1239 adulteratae
418 1207 686 1247 sint.—Nescire,
715 1206 782 1246 ἐξα]
818 1203 895 1237 Dis·

184 1260 358 1299 simulans,
381 1259 568 1299 negligens,
592 1258 675 1288 nihil
700 1267 830 1288 curans.
860 1258 893 1287 I-

185 1313 267 1343 dem.

226 1364 267 1392 37
294 1362 392 1401 Tune,
406 1361 476 1402 ξω]
508 1360 626 1392 Verba
652 1359 759 1392 futuri
789 1360 893 1391 haere-

183 1412 246 1451 dis,
262 1411 496 1451 indignatione
520 1411 646 1451 plena:
675 1411 774 1441 Tune
799 1421 892 1451 opes,

183 1467 220 1494 et
233 1461 321 1493 bona
335 1466 395 1491 tua
409 1461 517 1491 adhuc
531 1461 642 1491 salvus
657 1465 692 1491 et
704 1461 893 1499 incolumis,

184 1512 363 1542 imminues
388 1515 425 1541 et
447 1515 586 1550 interes,
602 1520 679 1541 cum
704 1519 743 1541 ea
759 1519 894 1540 servare

186 1563 330 1593 deberes
361 1563 394 1592 in
426 1566 627 1602 apparatum
664 1560 792 1592 funeris
822 1561 896 1591 tui?

189 1611 589 1652 &sunbona—Bestius]
626 1612 761 1642 Nomen
791 1611 896 1641 haere-

186 1662 328 1703 dipetae,
346 1666 402 1693 aut
417 1662 510 1693 avari
525 1662 714 1702 cujusdam,
726 1671 824 1701 quem
836 1670 896 1701 per

186 1712 461 1753 prosopopoeiam
486 1712 680 1752 loquentem
698 1711 896 1742 introducit.

187 1762 350 1803 —Urgefl
374 1762 534 1802 Accusat,
551 1761 701 1802 damnat,
724 1766 760 1792 et
784 1770 898 1802 repre-

186 1813 317 1843 hendit.
351 1813 447 1845 Turn.
465 1821 556 1843 xxx.
574 1816 604 1844 7.

232 1865 274 1894 38
298 1863 463 1903 Doctores]
505 1863 720 1903 Periphrasis
747 1862 898 1894 Philoso-

190 1913 512 1955 phorum.-—Itafit]
546 1913 661 1944 Verba
688 1913 798 1944 Bestii
822 1922 898 1943 cum

188 1963 423 2004 indignatione
453 1962 899 2004 proferenda.—Postquam,

190 2014 265 2055 eya]
289 2014 331 2045 Id
348 2019 410 2054 est,
426 2014 615 2055 Postquam
631 2014 703 2044 haec
718 2018 835 2044 nostra
851 2022 900 2043 sa-

193 2064 324 2104 pientia
337 2064 438 2095 maris
456 2074 580 2104 expers
597 2068 634 2095 et
660 2064 827 2102 Romana,
842 2072 900 2093 no·

193 2113 244 2145 bis
261 2123 335 2146 cun]
353 2114 544 2154 peregrinis
557 2114 729 2145 mercibus
746 2113 852 2153 venit,
864 2116 901 2143 et

191 2163 342 2194 admissa
357 2169 411 2194 est
426 2164 461 2194 in
477 2163 607 2195 urbem.
638 2163 749 2194 Lubz‘n.

237 2216 279 2245 39
295 2214 386 2253 Cum,
401 2213 472 2253 Cym]
498 2214 683 2254 Emphasin
695 2213 811 2246 habet.
834 2213 900 2245 Illo

194 2267 285 2298 enim
299 2267 516 2298 delicat-iores
529 2266 621 2297 cibos
638 2266 903 2297 condiebant.—

198 2317 332 2357 Palmis]
365 2319 421 2348 De
447 2317 568 2348 arbore
592 2316 766 2357 intelligit.
811 2316 901 2347 Vide

194 2368 286 2400 Plin.
305 2377 386 2399 xm.
407 2367 650 2405 4.—Nostr·um,
665 2368 734 2407 εἷα]
768 2366 811 2397 Id
836 2370 902 2406 est,

195 2424 313 2451 nostra
328 2420 401 2449 haec
419 2419 585 2458 sapientia
597 2418 778 2449 cismarina
789 2422 824 2448 et
837 2419 902 2448 Ro-

195 2479 305 2509 mana,
317 2479 382 2500 non
397 2469 538 2507 amplius
554 2468 686 2498 Graeca.
708 2467 904 2499 Lamnus.—

196 2521 314 2560 Μαι-ἐς,
329 2521 397 2561 ssa]
426 2519 461 2550 ld
477 2524 529 2550 est
546 2519 654 2549 mollis
670 2522 705 2549 et
720 2516 904 2549 effoemina-

199 2576 247 2601 ta.
292 2572 357 2602 Vel
381 2570 551 2611 sapientia
574 2579 673 2610 quam
692 2569 790 2609 vulgo
807 2568 907 2600 doce-

201 2629 286 2658 mur,
302 2621 538 2657 transmarina,
554 2620 589 2650 id
606 2624 671 2659 est,
685 2619 820 2652 Graeca.
845 2620 906 2651 Ca-

202 2669 366 2701 saubonus.
396 2670 529 2701 Turneb.
547 2672 681 2701 xxx.7.

245 2722 288 2751 40
314 2719 495 2761 Foenisecae]
511 2719 645 2752 Rustici
655 2718 781 2751 foenum
793 2728 910 2751 secan-

1553 139 1641 181 279

940 247 1172 286 tes—Crasso,
1185 244 1253 287 Asa]
1282 244 1400 276 Solent
1417 242 1549 283 rustici,
1565 253 1642 275 cum

941 299 1049 328 oleum
1083 296 1240 334 defuerit,
1269 294 1370 334 adipe
1401 293 1571 334 pecudum
1608 293 1643 324 in

940 349 1067 388 pultem
1087 349 1198 386 misso,
1215 358 1276 388 pro
1292 347 1364 377 oleo
1390 346 1448 376 uti.
1481 346 1550 377 Vet.
1569 345 1643 377 Sch.

939 400 1108 435 —Crass0‚
1143 398 1211 438 ᾅτ]
1257 397 1379 435 Pingui
1413 396 1644 426 condimento.

939 449 1101 479 Solebam
1118 449 1206 479 enim
1222 447 1348 483 rustici,
1365 457 1439 476 cum
1457 447 1569 476 oleum
1587 446 1644 477 de-

941 504 1044 538 esset,
1061 500 1160 540 adipe
1181 499 1349 539 pecudum
1368 497 1432 528 olei
1451 498 1523 527 loco
1538 496 1644 528 uti.—

946 549 1120 589 Vitiarunt]
1171 548 1382 586 infecerunt,
1430 547 1646 579 condierunt.

940 600 1091 630 Lubinus.
1141 600 1287 630 Crassum
1304 608 1435 637 unguen,
1454 607 1514 638 pro
1530 597 1648 639 exqui-

941 651 1013 682 sitis
1027 651 1173 687 delitiis3
1200 655 1237 680 ut
1262 659 1365 689 supra
1387 659 1489 680 cru-ssa
1504 657 1647 688 amoma,

942 700 976 731 id
992 706 1056 739 est,
1070 701 1206 731 eximia.
1232 700 1341 731 Aliter
1355 704 1468 729 autem
1483 699 1576 729 locus
1590 697 1648 729 hic

941 751 1171 792 accipiendus,
1197 760 1296 791 quam
1321 754 1358 780 ut
1381 748 1487 779 verba
1504 752 1646 778 sonant:

942 811 1018 832 nam
1042 802 1183 832 Romani
1215 810 1290 831 cum
1322 799 1463 830 luxuria>
1494 806 1650 830 assueve-

943 857 1034 890 runt,
1064 861 1130 882 nou
1164 860 1291 881 unxere
1322 849 1506 890 impensius
1534 849 1648 889 pultes

942 911 1038 932 suas:
1074 911 1190 932 verum
1217 901 1255 930 iis
1283 900 1461 940 neglectis,
1485 898 1648 930 lautiores

942 952 1034 983 cibos
1051 952 1306 991 expetiverunt.
1333 949 1540 981 Casaubonus.

984 1005 1025 1032 41
1061 1001 1157 1041 Hoec]
1194 1001 1272 1039 Vel,
1303 1000 1395 1033 Quid
1422 1000 1519 1030 lieres
1546 998 1590 1030 de
1613 1002 1650 1030 te

943 1053 1088 1084 sentiat:
1114 1053 1181 1092 vel,
1212 1052 1261 1082 Ut
1286 1055 1439 1082 mortuus
1464 1048 1651 1081 honorifice

944 1104 1129 1144 sepeliaris.
1176 1102 1297 1133 Malim
1313 1102 1385 1132 haec
1408 1100 1476 1141 legi
1500 1100 1572 1130 sine
1602 1100 1651 1131 in-

943 1154 1195 1194 terrogatione:
1220 1157 1258 1183 ut
1272 1151 1442 1182 concessio
1455 1151 1499 1181 sit
1510 1150 1650 1189 ironica,

944 1203 986 1234 ad
1002 1203 1205 1234 irridendam
1230 1211 1345 1233 eorum
1369 1200 1575 1240 fatuitatem,
1592 1200 1650 1242 qui

944 1253 1062 1283 vivunt
1077 1253 1215 1291 misere,
1240 1261 1336 1282 suum
1358 1250 1491 1281 assidue
1515 1250 1651 1291 genium

944 1303 1199 1342 defraudantes,
1210 1313 1250 1334 eo
1261 1302 1397 1342 impulsi
1409 1306 1514 1342 metu,
1527 1311 1570 1332 ne
1584 1311 1652 1332 coe-

942 1363 1019 1384 nam
1050 1352 1177 1384 funeris
1215 1354 1322 1383 iratus
1357 1353 1457 1383 heres
1490 1352 1652 1392 negligat.

945 1405 1022 1435 Hoc
1039 1414 1132 1443 sane,
1149 1405 1197 1435 ait
1226 1403 1378 1442 Persius,
1394 1403 1475 1443 jure
1501 1406 1652 1434 metuas:

944 1455 1002 1485 sed
1019 1460 1090 1485 tum
1102 1464 1178 1484 cum
1194 1454 1260 1484 eris
1273 1453 1374 1484 cinere
1384 1452 1526 1492 ulterior,
1541 1451 1575 1482 id
1587 1455 1655 1491 est,

944 1515 1020 1535 cum
1046 1503 1150 1535 fueris
1174 1503 1245 1534 fato
1266 1502 1506 1534 functus—At
1520 1505 1567 1542 tu,
1582 1501 1653 1542 ἔγω]

945 1557 1041 1587 Heus
1058 1560 1108 1595 tu,
1127 1555 1277 1596 quisquis
1294 1564 1387 1584 meus
1400 1554 1506 1584 haeres
1519 1552 1653 1584 futurus

946 1615 994 1646 es,
1011 1607 1068 1637 illa
1085 1616 1160 1647 quae
1184 1605 1337 1636 dicturus
1354 1614 1426 1634 sum
1443 1604 1616 1645 aliquanto
1634 1613 1654 1634 a

946 1656 1049 1687 turba
1065 1656 1253 1695 seductior,
1275 1660 1310 1685 et
1326 1654 1488 1685 remotior
1510 1653 1602 1694 audi,
1619 1658 1655 1684 et

948 1708 1112 1738 ausculta.
1144 1706 1259 1737 Lubin.

990 1760 1032 1788 42
1046 1757 1076 1788 A
1094 1755 1202 1795 turba]
1218 1755 1372 1786 Remotis
1387 1754 1536 1786 arbitris.
1554 1754 1653 1785 Idem.

990 1810 1031 1838 43
1056 1806 1250 1845 Missa‚(35c.]
1273 1806 1398 1836 Sensus
1415 1809 1487 1836 est:
1513 1805 1606 1836 Num
1617 1810 1655 1836 tu

949 1859 1099 1898 ignoras,
1115 1856 1205 1897 quod
1222 1866 1241 1886 a
1258 1855 1400 1886 Claudio
1413 1854 1570 1895 Caligula
1581 1855 1656 1886 Cae-

950 1918 1027 1939 sare
1040 1909 1165 1946 laurus,
1177 1906 1332 1937 victoriae
1346 1906 1461 1945 index,
1474 1915 1550 1937 cum
1567 1905 1658 1937 litte-

950 1959 996 1989 ris
1013 1959 1055 1989 ad
1070 1962 1225 1988 senatum
1238 1956 1339 1986 missa
1350 1961 1415 1995 est,
1427 1956 1470 1986 ob
1484 1955 1656 1996 egregiam

951 2011 1180 2041 Romanorum
1209 2007 1400 2046 victoriam,
1426 2010 1462 2037 et
1489 2005 1656 2046 insignem

950 2060 1083 2091 cladem
1108 2063 1144 2089 et
1166 2063 1314 2098 stragem
1332 2057 1515 2088 Germanae
1542 2055 1656 2096 pubis.

953 2112 1015 2143 Cui
1030 2110 1154 2142 victori
1173 2110 1247 2150 jam
1268 2108 1434 2139 sacrificia
1455 2111 1491 2138 et
1505 2107 1656 2138 victimae

952 2163 987 2193 in
1004 2160 1211 2202 triumphum
1234 2163 1414 2200 parantur,
1430 2162 1465 2189 et
1487 2157 1530 2188 ab
1553 2158 1659 2188 omni·

952 2213 1015 2244 bus
1032 2212 1097 2243 aris
1112 2216 1209 2242 vetus
1223 2215 1259 2242 et
1273 2209 1416 2249 frigidus
1437 2208 1520 2239 cinis
1533 2212 1569 2238 et
1585 2208 1660 2248 pul-

954 2263 1003 2293 vis
1017 2261 1203 2301 excutitur,
1218 2265 1254 2291 et
1277 2260 1399 2290 altaria
1422 2258 1463 2289 ad
1491 2258 1660 2290 sacrificia

953 2308 1386 2352 praeparantur.—L‹1urus]
1410 2309 1480 2340 Pro
1506 2309 1661 2340 laureata

954 2362 1109 2403 Epistola
1123 2371 1190 2402 qua
1203 2370 1297 2391 suam
1309 2359 1502 2399 victoriam,
1516 2359 1550 2390 S.
1560 2359 1603 2390 P.
1613 2359 1662 2392 Q.

954 2414 1180 2453 imperatores
1195 2410 1459 2442 annunciabant.
1486 2409 1639 2440 Lubinus.

996 2466 1038 2493 44
1075 2463 1253 2501 Germanae,
1277 2461 1345 2501 ἔξω]
1381 2461 1451 2491 Pro
1479 2458 1660 2490 Germanis

954 2513 1154 2555 puberibus.
1176 2512 1273 2543 Idem.

998 2567 1039 2596 45
1065 2562 1229 2603 frigidus,
1244 2561 1314 2602 ἔγω]
1345 2560 1467 2597 Vetus,
1489 2557 1546 2598 qui
1562 2557 1662 2596 longo

956 2619 1110 2655 tempore
1134 2613 1205 2653 igni
1225 2609 1466 2643 sacrificiorum
1481 2615 1548 2637 non
1571 2606 1662 2637 inca-

956 2660 1266 2699 luit.——Excutitur]
1297 2658 1355 2690 Ad
1384 2665 1471 2688 nova
1499 2654 1662 2687 sacrificia

959 2713 1150 2756 reparanda
1159 2712 1408 2743 removetur.-
1415 2705 1573 2747 Postibus]
1583 2705 1665 2739 Qui-
