1888 3032
738 150 920 181 SATIRA
954 151 984 180 1.

1545 139 1604 180 ‘43

133 247 357 298 Quidnam
379 246 507 299 igitur
526 249 735 297 tenerum,
757 250 799 287 et
817 247 922 288 laxa
944 245 1114 288 cervice
1134 245 1394 300 legendum?

135 315 268 356 Torva
293 313 570 354 IlIimalloueis
591 314 809 368 implerunt
832 328 983 354 cornua
1003 312 1181 356 bombis:

132 383 204 433 Et,
227 381 411 437 Raptum
435 381 562 422 visula
582 388 703 435 caput
722 379 918 421 ablutura
941 381 1109 434 superbo

1512 383 1596 424 100

134 447 351 490 Bassaris:
392 454 447 500 et,
472 448 650 504 Lyncem
670 446 831 488 Maenas
842 446 1011 500 flexura
1031 449 1245 505 corymbis,

130 571 257 611 Ecquocl
273 581 347 610 ergo
362 580 496 602 carmen
513 571 614 609 molle,
631 574 659 602 ct
674 570 937 611 pronuntiandum
952 570 1052 610 capite
1067 568 1213 610 dffiexo?
1238 571 1370 611 Nempe
1387 571 1459 602 hoec
1474 582 1482 602 ε
1505 571 1596 612 infla·

129 617 203 644 runt
223 613 314 644 tubas
343 614 498 645 terribiles
523 614 608 644 sonis
633 613 874 652 Bucchantium,
902 616 932 643 et
955 622 1032 643 mox
1048 614 1155 653 Agat-e
1180 617 1324 654 ereptura
1347 617 1437 654 caput
1459 614 1598 646 ablatum

749 697 865 708 oooooo

867 697 981 708 eeeeee

125 756 215 789 Edd.
247 758 465 790 multae—99
488 758 683 790 flIimalionis
699 758 846 790 C.-102
871 758 992 789 Euhion
1019 758 1167 789 C.—104
1193 756 1283 788 Olim
1314 757 1381 788 levi
1404 758 1594 789 mutatione

783 846 925 878 NOTAE

123 918 181 949 sed
215 920 328 952 calore
355 921 442 952 Solis
473 925 508 952 et
531 925 635 953 aetate
657 921 832 962 paululum

123 970 300 1003 imminuto
331 978 366 1004 et
391 973 533 1005 siccato.
578 974 664 1005 Vide
685 974 830 1007 Quintil.

125 1023 146 1053 l.
166 1030 202 1053 x.

165 1072 371 1113 Praegrandi]
395 1073 464 1105 Alii
488 1075 619 1115 legunt,
636 1075 808 1115 va’grancli.

164 1122 295 1163 subere]
320 1124 429 1166 Suber,
453 1125 554 1157 arbor
583 1136 707 1157 crassae
729 1126 831 1158 corti-

122 1173 182 1214 cis,
199 1174 288 1206 Plin.
305 1184 382 1206 Χνι.
400 1178 432 1208 8.

166 1224 310 1265 Coc-tum]
326 1225 511 1263 Maturum,
527 1226 662 1265 durum,
676 1226 830 1257 solidum.

120 1274 166 1305 Et
192 1275 438 1316 metaphorice,
473 1277 552 1317 igne
585 1277 682 1318 quasi
704 1277 828 1317 judicii

122 1328 313 1365 excoctum,
344 1331 380 1357 et
407 1327 617 1358 elaboratum
650 1328 692 1359 ad
721 1339 829 1360 amus-

122 1384 194 1405 Sim.

161 1427 204 1455 98
244 1425 402 1460 Quidnam
439 1428 540 1467 igitur
571 1431 722 1467 tenerum,
759 1429 827 1469 Era]

120 1474 351 1506 Excandescit
368 1477 527 1517 monitor,
548 1481 584 1508 et
611 1477 645 1508 in
671 1478 827 1509 Persium

117 1524 285 1565 insurgit:
319 1527 451 1567 ecquod
483 1537 565 1568 ergo
594 1537 732 1559 carmen
765 1529 826 1560 tibi

119 1575 255 1606 tandem
289 1577 514 1617 probabitur?
559 1578 660 1612 Quod
687 1589 825 1611 carmen

119 1625 298 1666 legendum
315 1628 386 1658 sine
403 1628 470 1659 ulla
487 1627 721 1669 affectatione,
746 1630 826 1670 quia

117 1686 179 1717 per
206 1687 279 1708 sese
308 1679 635 1710 commendationem
662 1679 825 1711 habebit?

120 1725 173 1757 An
190 1737 270 1757 vero
297 1729 400 1759 ullum
426 1735 490 1767 est,
509 1729 596 1770 quod
622 1730 690 1771 legi
717 1731 824 1771 possit

118 1776 191 1807 laxa
207 1778 333 1817 cervice,
347 1788 384 1809 ac
399 1779 541 1819 perinde
557 1789 714 1820 magnum
728 1784 826 1811 sonet

118 1831 153 1857 et
181 1829 321 1867 grande,
352 1829 503 1869 quamvis
529 1829 618 1860 haud
645 1834 761 1861 erecta
791 1835 825 1862 et

115 1878 263 1917 superba
287 1879 419 1915 legatur
442 1880 601 1910 cervice?
637 1881 728 1921 quod
751 1882 825 1921 qui-

115 1926 191 1957 dem
220 1929 357 1959 solenne
385 1935 438 1960 est
463 1934 498 1960 et
526 1930 660 1961 solitum
700 1931 819 1962 Poetis

114 1976 238 2007 inflatis
262 1978 414 2018 turgidos
442 1989 519 2009 suos
547 1989 664 2010 versus
681 1981 820 2020 legenti-

115 2025 191 2067 bus,
208 2028 263 2068 qui
280 2038 436 2068 magnum
455 2029 537 2070 quid
551 2029 592 2060 de
610 2040 644 2060 se
660 2030 724 2070 ipsi
738 2031 819 2062 suis-

115 2086 182 2117 que
197 2078 402 2109 carminibus
416 2080 579 2120 sentiunt,
597 2085 632 2111 et
653 2081 726 2111 aliis
744 2091 822 2121 per-

116 2128 260 2159 suadere
298 2130 454 2160 nituntur
488 2131 634 2171 superbo
668 2131 726 2162 illo
761 2141 820 2163 suo

117 2184 227 2218 gestu.

158 2232 200 2260 99
227 2229 324 2260 Torva
352 2229 576 2269 Mimalloneis]
620 2230 820 2270 Respondet

115 2278 243 2310 ironice
267 2280 425 2311 Persius:
460 2281 532 2310 haec
560 2290 682 2320 nempe
711 2281 819 2312 Nero-

114 2331 225 2370 niana,
248 2341 266 2362 e
286 2332 427 2362 Bacchis
445 2332 530 2372 ejuS‚
547 2332 712 2362 concinna
729 2338 818 2363 sunt.

114 2381 222 2412 Porro
233 2382 267 2412 in
279 2382 348 2413 istis
359 2383 511 2413 versibus
522 2383 630 2413 mollis
643 2387 694 2413 est
706 2383 820 2424 rhyth-

114 2441 187 2463 mus
212 2438 247 2464 et
265 2431 457 2470 affectatus,
475 2439 627 2464 ceterum
655 2443 753 2474 quam
773 2440 821 2464 tc-

114 2482 189 2513 nuis
203 2489 374 2523 sensus‚et
389 2484 569 2515 verborum
585 2484 706 2515 tumori
720 2495 820 2525 quam

114 2532 286 2564 minimum
315 2535 519 2575 respondet!
568 2537 652 2565 Sunt
680 2535 736 2576 qui
763 2545 820 2566 ne-

116 2586 198 2622 gent
213 2593 328 2615 versus
354 2585 413 2615 hos
432 2585 579 2616 Neronis
608 2595 693 2624 esse,
716 2586 776 2616 sed
800 2596 820 2617 a

115 2631 236 2663 Persio
260 2635 302 2664 ad
327 2635 581 2666 similitudinem
607 2636 818 2667 Neroniano-

116 2692 189 2713 rum
207 2683 370 2716 confictos
409 2691 447 2717 ut
474 2686 626 2717 dicemus
652 2685 740 2717 infra
767 2696 815 2718 vs.

887 923 960 951 121.
978 921 1019 951 ad
1035 920 1107 950 liaec
1124 918 1250 950 verba:
1287 918 1296 935 ‘
1314 917 1494 950 Auriculas
1509 919 1594 950 asini

885 970 958 1011 quis
977 980 1043 1001 non
1060 969 1165 1000 habet
1177 969 1198 999 ?’

928 1022 1042 1062 Torta]
1074 1022 1139 1053 Vel
1156 1031 1174 1052 a
1192 1021 1353 1052 terrendo
1372 1022 1468 1063 quasi
1483 1025 1594 1059 ternu

884 1072 938 1103 vel
954 1075 1038 1103 torta
1055 1082 1074 1102 a
1091 1072 1294 1113 torquendo,
1305 1072 1340 1102 id
1357 1076 1422 1111 est,
1435 1071 1570 1104 inflexa.

927 1122 1156 1162 Mimalloneis]
1202 1122 1341 1161 Mimas,
1357 1122 1457 1161 antis,
1485 1123 1592 1154 Ioniae

883 1182 992 1211 mons,
1007 1172 1040 1202 in
1060 1182 1126 1213 quo
1152 1172 1260 1212 Orgia
1275 1173 1413 1203 Baccho
1441 1173 1594 1204 celebra-

884 1224 1022 1256 bantur.
1070 1224 1163 1255 Hinc
1179 1225 1394 1256 Bacchantes
1411 1224 1514 1255 dictae
1528 1224 1593 1256 Mi-

883 1275 1056 1305 mallones.

926 1325 1100 1365 Implerunt
1115 1324 1243 1365 cornua]
1287 1325 1401 1355 Vento
1419 1323 1595 1365 inflarunt,

883 1378 919 1405 et
935 1375 1150 1406 cecinerunt.
1199 1374 1238 1405 Id
1255 1378 1320 1414 est,
1344 1374 1459 1405 statim
1487 1378 1591 1415 atque

882 1425 1012 1465 signum
1033 1424 1151 1456 datum
1179 1431 1229 1456 est
1257 1425 1510 1456 Bacchantibus
1527 1435 1590 1466 per

883 1475 993 1506 tubas.

929 1525 1068 1567 Bombis]
1100 1527 1177 1557 Vox
1201 1526 1242 1557 ad
1265 1526 1491 1557 imitationem
1517 1526 1591 1557 soni

880 1574 982 1607 facta.
1028 1576 1170 1616 Proprie
1186 1575 1310 1606 bombus
1333 1579 1387 1607 est
1411 1576 1468 1606 ille
1489 1585 1589 1607 sonus

881 1636 980 1668 quem
998 1627 1106 1658 edunt
1123 1636 1217 1667 apes.

923 1680 984 1707 100
1014 1677 1133 1718 Vitulo]
1178 1677 1348 1716 Pentheo,
1375 1686 1475 1718 quem
1499 1675 1588 1708 vitn-

880 1727 947 1758 lum
981 1737 1055 1758 esse
1087 1728 1312 1759 crediderunt
1339 1727 1491 1758 furentes
1520 1727 1588 1758 illae

879 1778 1052 1817 mulieres,
1068 1778 1209 1819 ipsaque
1226 1778 1345 1819 Agave
1367 1778 1441 1819 ejus
1466 1782 1589 1809 mater.

881 1827 1006 1859 Horat.
1024 1829 1098 1859 Sat.
1115 1837 1154 1860 11.
1171 1831 1201 1859 3.
1256 1828 1305 1860 At
1321 1828 1424 1860 Ovid.
1442 1828 1586 1859 Metam.

879 1887 936 1908 111.
951 1888 1068 1918 aprum
1086 1878 1152 1909 illis
1168 1879 1287 1917 visum,
1304 1879 1364 1917 ait,
1381 1887 1519 1919 remque
1537 1883 1587 1909 to-

880 1932 949 1958 tam
967 1929 1143 1968 eleganter
1159 1928 1334 1959 describit.

923 1979 1026 2018 Caput
1042 1977 1201 2017 ablatura]
1246 1979 1365 2018 Agave
1383 1978 1512 2009 Bacchi
1527 1979 1588 2009 Sa-

873 2028 993 2059 cerdos
1020 2029 1144 2059 ceteris
1182 2029 1435 2060 Bacchantibus
1467 2029 1584 2069 adjuta

876 2082 1018 2109 mortem
1032 2079 1150 2109 intulit
1175 2078 1313 2120 proprio
1330 2078 1399 2110 filio
1417 2079 1588 2118 Pentheo,

876 2138 916 2159 eo
934 2139 1000 2170 quo
1016 2139 1084 2159 non
1103 2129 1243 2168 licebat,
1259 2130 1462 2168 accedenti;
1487 2130 1587 2171 eique

876 2180 985 2220 prima
1002 2181 1149 2211 omnium
1167 2185 1272 2221 caput
1296 2180 1423 2211 ademit
1440 2180 1585 2211 Bacchi-

877 2239 917 2260 co
936 2230 1050 2261 furore
1068 2230 1213 2270 percita.

917 2280 1070 2320 Superbo]
1141 2281 1353 2311 Contemtori
1399 2280 1582 2321 Orgiorum

875 2335 908 2361 et
930 2331 1108 2361 Sacrorum
1124 2330 1266 2361 Bacchi.
1313 2331 1581 2372 Metamorphos.

875 2390 956 2412 xm.
990 2380 1253 2412 Bacchanalium
1274 2382 1390 2412 Romae
1407 2383 1583 2425 originem,

875 2437 911 2462 et
946 2431 1200 2472 abrogationem
1229 2432 1316 2472 lege,
1343 2432 1371 2462 si
1399 2432 1461 2471 vis,
1489 2433 1580 2472 apud

874 2483 943 2514 Tit.
959 2483 1033 2513 Liv.
1048 2492 1179 2514 xxxix.
1198 2486 1227 2514 8.
1245 2488 1279 2514 et
1296 2484 1527 2524 sequentibus.

918 2536 977 2564 101
1003 2533 1164 2574 Bassaris]
1211 2533 1329 2574 Agave
1346 2539 1391 2564 ita
1409 2533 1579 2573 cognomi-

874 2591 955 2616 nata
971 2585 1057 2616 sicut
1071 2589 1106 2616 et
1121 2585 1196 2616 aliae
1217 2585 1340 2616 Bacchi
1366 2584 1579 2624 sacrificulae,

873 2646 893 2667 a
910 2637 1056 2667 Bassara
1072 2636 1190 2676 Libyae
1207 2637 1295 2673 loco,
1320 2635 1376 2665 ubi
1401 2634 1578 2666 colebatur

872 2686 1042 2727 Bacchus,
1056 2691 1093 2718 ut
1108 2687 1185 2718 vult
1201 2685 1340 2723 Acron;
1376 2684 1429 2715 vel
1455 2694 1474 2716 a
1497 2685 1578 2716 Bas-
