1888 3032
314 249 354 278 71
381 244 448 276 Ncc
462 254 526 282 rus,
541 242 611 282 su]
633 240 772 272 Scilicet
794 243 874 271 sunt
897 238 978 270 arti-

271 296 367 328 fices.
413 295 454 326 Id
472 298 535 331 est,
551 292 669 325 Quine
683 294 826 332 possunt
839 290 976 333 quidem

271 356 326 378 rus
350 346 455 378 omnis
479 343 614 383 generis
635 341 805 374 fructibus
829 347 865 373 et
887 341 975 373 la‘tis

270 397 444 438 segetibus
455 395 643 434 abundans,
652 399 747 425 recte
760 393 973 425 describere:

269 447 358 489 quod
375 451 491 478 tamen
517 445 657 476 laudare
678 444 910 486 cupientibus,
925 444 976 474 fu-

268 502 381 528 turum
398 497 443 528 sit
466 496 611 537 benigna
630 494 910 535 materia.—-—sz']
934 495 974 526 Id

265 548 387 587 est,1n
402 557 468 589 quo
479 557 555 578 rure
568 551 645 578 sunt
659 547 863 585 corbes,&c.
886 548 972 579 Quae

267 607 286 630 a
295 599 462 640 Varrone,
472 603 507 631 et
518 599 707 631 Columella
718 598 972 629 describuntur.

266 648 381 680 Lubin.

306 702 349 731 72
373 699 504 736 Palilia,
516 700 584 740 Esau]
607 700 736 730 Varro:
762 698 885 729 Palilia
903 702 972 729 tam

263 750 399 791 privata
416 760 516 791 quam
534 750 670 790 publica
692 753 770 780 sunt
793 749 882 789 apud
901 759 971 779 rus-

265 802 350 833 ticos
365 813 372 834 :
399 807 435 833 ut
449 801 618 843 congestis
632 811 705 832 cum
722 800 812 832 foeno
825 801 971 841 stipulis,

263 853 375 891 ignem
396 862 555 893 magnum
573 852 776 891 transiliant,
790 852 838 884 his
857 851 973 882 Palili-

264 905 324 935 bus
341 914 376 935 se
393 903 526 945 expiari
544 904 736 935 credentes
766 903 835 934 Vct.
853 902 971 934 Seli.—

263 954 423 994 Etfocus]
459 954 603 985 Scilicet
629 954 832 993 luculentus,
859 953 970 984 culina

261 1006 468 1037 uncta—Et
478 1004 582 1045 porci]
598 1004 739 1045 Species
756 1013 816 1044 pro
826 1013 966 1044 genere:

262 1057 368 1087 omnis
391 1057 523 1097 generis
545 1064 664 1096 greges
683 1058 717 1085 et
732 1058 885 1085 armenta
901 1055 968 1095 sig-

259 1106 479 1137 nificah—-Et
497 1106 636 1145 fumosa,
662 1105 731 1145 ἔγω]
765 1105 805 1136 Id
833 1110 898 1143 est,
926 1105 968 1136 In

260 1167 327 1198 quo
353 1166 430 1188 rure
457 1157 560 1187 etiam
587 1161 667 1187 sunt
691 1157 765 1187 loca
790 1156 967 1187 sacrifieiis

259 1207 444 1246 destinata,
460 1207 492 1238 in
511 1207 631 1249 quibus
648 1211 802 1248 pastores
828 1206 967 1247 publice

258 1263 293 1289 et
317 1258 476 1299 privatim
499 1261 552 1289 20.
572 1257 701 1299 Aprilis
726 1257 793 1297 die,
818 1268 882 1299 quo
900 1259 966 1289 Ro-

257 1309 367 1339 mulus
381 1309 459 1339 olim
475 1307 591 1339 urbem
604 1307 821 1347 fundaverat,
833 1317 965 1348 magnae

256 1369 325 1390 suae
343 1360 426 1390 Deae
445 1359 534 1398 Pali,
559 1358 649 1389 festa
668 1359 787 1389 Palilia
801 1358 894 1389 dicta
910 1368 964 1389 ce-

256 1410 447 1449 lebrabant,
477 1414 511 1441 et
539 1409 586 1440 illi
613 1409 681 1440 liba
709 1408 961 1440 sacrificabant.

254 1460 385 1491 Eadem
400 1460 489 1492 fosta
506 1464 541 1491 et
553 1460 644 1490 dicta
658 1459 790 1498 Parilia,
805 1459 963 1500 turoniam

255 1519 318 1550 pro
336 1514 436 1550 partu
453 1509 588 1550 pecoris
605 1509 725 1540 eadem
742 1509 882 1540 fiebant.
916 1507 964 1539 A-

255 1562 406 1593 tlienaeus
419 1570 500 1593 vni.
514 1561 745 1593 16.-Fumosa
753 1559 854 1601 foeno]
872 1559 962 1591 Nam

254 1622 356 1652 pyras
372 1621 414 1643 ex
433 1611 568 1652 stipulis
593 1616 629 1642 et
652 1610 742 1641 foeno
766 1613 960 1641 exstructas

252 1661 493 1700 incendebant,
507 1666 542 1692 et
555 1670 617 1701 per
631 1661 817 1691 excitatum
832 1660 960 1690 fumum

253 1712 503 1751 transiliebant,
518 1720 554 1742 se
570 1712 630 1742 boc
648 1711 815 1741 sacrificio
831 1711 961 1751 expiari

251 1763 446 1800 credentes,
470 1762 604 1793 morbos
628 1761 755 1802 depelli
780 1772 798 1792 a
822 1772 857 1792 se
881 1766 918 1793 et
941 1773 959 1792 a

250 1823 390 1854 pecore,
421 1814 502 1844 item
540 1813 638 1852 lupos
669 1812 772 1853 abigi.
810 1813 958 1844 Lu'bz'nus.

253 1863 344 1896 Quid
359 1863 487 1894 aridius
502 1863 719 1904 autjejunius
731 1863 814 1903 fingi
832 1866 959 1903 potest,

250 1924 351 1955 quam
367 1914 489 1945 sicum
512 1914 701 1945 institueris
726 1923 782 1944 rus
803 1918 957 1944 saturum

248 1965 401 2005 laudare,
417 1966 508 1996 circa
522 1965 654 2004 corbes,
675 1964 799 2005 focum,
825 1974 957 2005 porcOS,

248 2020 284 2046 et
299 2015 426 2047 foenum
442 2016 653 2046 immoreris?
680 2016 767 2046 levia
785 2016 873 2046 enirn
889 2015 955 2047 ista

249 2071 328 2097 sunt
345 2076 384 2097 ac
403 2067 496 2105 nihil,
511 2076 579 2106 prae
602 2067 730 2097 Bacchi
749 2067 954 2107 Cererisque

246 2117 457 2155 muneribus,
473 2115 646 2147 fructuum
663 2118 774 2158 copia,
792 2118 952 2158 gregibus

245 2171 348 2207 atque
365 2167 526 2198 armentis
541 2168 683 2208 aliisque
699 2168 826 2207 multis,
837 2169 869 2198 in
881 2169 952 2209 qui-

246 2216 306 2247 bus
324 2217 398 2248 sitae
416 2222 494 2248 sunt
511 2227 667 2255 agrorum
680 2218 810 2249 divitiae
823 2228 862 2249 ac
880 2229 952 2250 sua-

245 2266 382 2298 vitates.
409 2267 616 2298 Casnubonus.

286 2318 328 2346 73
349 2317 436 2347 Unde
454 2318 580 2358 Remus]
600 2317 637 2348 Id
653 2322 717 2357 est,
733 2319 783 2349 Ex
795 2329 860 2359 qno
875 2330 950 2351 rure

242 2368 355 2396 saturo
374 2366 548 2405 Romulus,
562 2368 697 2406 Remus,
712 2369 817 2399 etalii
833 2375 950 2401 aucto-

242 2425 295 2446 res
321 2415 464 2445 Romaui
488 2418 622 2455 generis
645 2424 723 2449 sunt
745 2419 891 2457 oriundi,
913 2428 949 2451 et

241 2465 322 2496 nati.
348 2465 447 2495 Unde
462 2471 577 2505 patres
594 2468 699 2497 nostri
711 2468 752 2498 ad
768 2469 947 2508 imperium

242 2515 457 2556 prodierunt,
481 2521 514 2546 et
539 2515 620 2546 illud
646 2517 773 2548 virtute
798 2528 857 2547 sua
881 2529 947 2549 am-

241 2566 401 2606 pliarunt.
434 2566 582 2610 Inuueus
599 2568 730 2606 priscos
749 2572 862 2607 patres
881 2578 946 2599 uon

238 2616 384 2647 mollicie
408 2622 443 2647 et
467 2617 547 2647 luxu
572 2618 666 2657 vitae,
686 2617 745 2648 sed
770 2618 888 2649 labore
912 2624 947 2649 et

240 2666 366 2698 virtute
377 2676 490 2698 veram
499 2668 563 2698 sibi
573 2668 712 2708 gloriam
721 2678 945 2709 comparasse.

239 2717 525 2760 -Sulcoquepffcd
547 2718 589 2750 Id
614 2723 677 2761 est,
701 2720 753 2751 Ex
778 2730 845 2761 quo
865 2720 944 2761 jure

727 147 869 178 No'rAE
903 144 1171 175 VARwRUM
1207 146 1257 179 ΙΝ

1031 237 1110 269 olim
1128 237 1247 268 summi
1264 237 1494 279 Imperatores
1519 243 1553 271 et
1584 239 1738 271 Dictato-

1030 295 1084 331 res
1101 287 1314 328 prodierunt,
1329 293 1431 330 atque
1449 289 1535 321 adeo
1553 294 1601 329 tu,
1619 300 1638 322 ο
1654 290 1738 322 Dic-

1030 342 1121 369 tator
1137 338 1259 371 Quinti
1275 338 1375 370 Attili
1399 340 1614 380 Cincinnate,
1637 350 1737 382 quem

1029 400 1107 421 rure
1123 395 1286 428 arautem,
1308 391 1350 422 ad
1375 392 1591 423 Dictaturam
1615 396 1737 424 contra

1029 441 1197 472 Samnites
1214 441 1235 472 S
1252 441 1278 471 P
1291 443 1322 475 Q
1335 443 1374 472 R.
1393 452 1453 483 per
1464 443 1619 474 lictorem
1633 444 1666 474 in
1684 453 1737 474 ur-

1028 491 1103 522 bem
1122 492 1267 532 vocavit,
1281 493 1335 533 qui
1349 493 1529 524 Consulem
1546 494 1734 525 Romanum

1026 551 1045 572 a
1067 542 1277 574 Samnitibus
1300 543 1474 574 obsessum
1498 543 1672 575 obsidione
1699 543 1737 574 li-

1028 592 1169 625 beravit.
1215 594 1302 625 Vide
1314 594 1388 625 Liv.
1402 594 1425 624 l.
1445 593 1647 632 ιιι-διώ»,
1663 594 1734 635 Sym]

1025 643 1157 676 Araus:
1182 654 1258 676 nam
1287 645 1378 677 inter
1404 645 1568 677 arandum
1594 646 1733 677 dentale

1024 696 1079 726 vel
1096 695 1234 736 liguum,
1251 697 1306 727 cui
1324 697 1642 736 vomer-inducatur,
1655 706 1732 728 con-

1024 745 1120 776 tinua
1133 747 1285 777 aratione
1296 746 1648 788 atteritur.—Quinei]
1665 747 1732 778 Vo-

1023 797 1122 827 candi
1139 806 1246 828 casus.
1272 797 1388 828 Lubin.

1066 850 1108 879 74
1133 847 1244 887 Quem,
1257 847 1329 888 ἔξω]
1350 847 1483 879 Sudans
1507 846 1595 881 enim
1613 850 1649 877 et
1672 856 1732 878 nu-

1023 898 1085 930 dus
1103 900 1306 930 rusticorum
1323 908 1416 930 more
1431 898 1628 939 arabat,cui
1641 897 1683 929 ob
1694 898 1730 929 id

1021 959 1108 980 uxor
1125 949 1257 981 Racilia
1280 950 1418 991 trepida
1442 954 1478 981 et
1501 949 1550 980 rei
1573 949 1729 981 novitate

1021 1000 1191 1040 perculsa,
1219 1010 1238 1031 e
1269 1001 1381 1032 vicino
1412 1000 1550 1041 tugurio
1582 1009 1730 1041 propere

1020 1055 1151 1082 vestem
1167 1051 1296 1091 attulit,
1311 1056 1347 1082 et
1363 1052 1470 1082 virum
1497 1061 1591 1082 suum
1608 1051 1729 1082 Dicta-

1020 1105 1128 1132 torem
1144 1101 1217 1142 jam
1243 1111 1263 1133 a
1284 1102 1414 1133 Senatu
1440 1102 1593 1132 Romano
1618 1100 1729 1132 delec-

1022 1153 1103 1190 tum,
1114 1150 1438 1192 induit.-Trepida]
1453 1152 1644 1183 Festinans.
1663 1151 1728 1183 Vel

1019 1207 1113 1232 metu
1139 1201 1312 1242 perculsa:
1350 1203 1465 1244 utique
1491 1212 1567 1234 cum
1595 1202 1727 1244 legatos

1018 1256 1231 1292 exponentes
1249 1253 1411 1292 audisset,
1436 1253 1494 1294 qui
1511 1258 1620 1284 terror
1636 1256 1727 1284 esset

1016 1301 1050 1332 in
1062 1302 1237 1334 exercitu:
1262 1303 1374 1334 omnia
1386 1304 1476 1334 enim
1489 1302 1725 1344 trepidationis

1015 1352 1126 1392 plena.
1151 1353 1413 1385 Casum—Ante
1429 1353 1531 1394 boves]
1555 1355 1600 1385 Et
1617 1362 1725 1394 prope

1016 1406 1168 1433 aratrum
1184 1403 1305 1444 quibus
1322 1403 1452 1434 arabat.
1479 1403 1595 1434 Lubin.

1058 1455 1099 1483 75
1127 1454 1169 1484 Et
1182 1456 1247 1494 tua,
1261 1454 1328 1495 Sym]
1356 1454 1397 1485 Id
1415 1458 1481 1494 est,
1504 1454 1588 1485 Cum
1612 1452 1724 1494 publi-

1016 1513 1074 1534 cus
1089 1504 1247 1536 minister
1262 1515 1280 1536 a
1294 1510 1414 1537 senatu
1428 1505 1560 1545 missus,
1574 1510 1723 1537 aratrum

1015 1559 1109 1585 tuum
1137 1555 1272 1586 domum
1297 1556 1445 1587 humeris
1472 1555 1643 1587 sublatum
1670 1565 1721 1588 re-

1014 1608 1347 1649 portavit.—Lict0r]
1364 1608 1394 1640 A
1406 1609 1553 1649 ligando,
1564 1611 1653 1651 quod
1668 1613 1722 1643 vel

1015 1656 1126 1688 fasces
1139 1659 1307 1699 virgarum
1318 1660 1463 1701 ligarent
1474 1665 1509 1692 et
1517 1660 1720 1694 Consulibus

1014 1706 1240 1748 praeferreut;
1265 1710 1330 1749 vel,
1342 1711 1431 1751 quod
1444 1722 1542 1752 quem
1554 1713 1720 1752 Consules

1014 1758 1178 1797 prehendi
1197 1759 1393 1800 jussissent,
1412 1763 1668 1802 prehenderent
1684 1769 1720 1795 et

1011 1809 1323 1851 ligarent.—-Euge]
1363 1814 1527 1854 Respexit
1554 1815 1597 1846 ad
1620 1825 1720 1857 supe-

1011 1860 1079 1890 rius
1108 1860 1190 1890 illud
1220 1862 1432 1895 adulatorum
1463 1866 1565 1905 Euge..
1611 1866 1719 1899 Quasi

1011 1910 1123 1941 dicat:
1163 1912 1235 1952 Ego
1259 1913 1362 1944 etiam
1388 1914 1450 1945 tibi
1478 1916 1653 1957 adulabor,
1682 1922 1718 1949 et

1009 1960 1072 1992 tibi
1088 1963 1294 2003 acclamabo,
1320 1965 1418 1996 bomo
1435 1966 1625 1998 vanissime.
1671 1968 1716 1998 E-

1009 2015 1141 2053 gregios
1165 2023 1244 2045 vero
1272 2015 1400 2046 Poe'tas
1429 2017 1486 2056 qui
1510 2018 1652 2057 grandia
1678 2022 1715 2049 et

1007 2063 1163 2094 sublimia
1177 2065 1317 2105 aggredi
1327 2075 1394 2097 non
1408 2068 1622 2109 erubescunt,
1636 2079 1714 2102 cum

1006 2123 1047 2144 ne
1063 2114 1135 2145 haec
1152 2116 1290 2156 quidem
1314 2121 1381 2147 tam
1404 2117 1544 2156 minuta,
1568 2123 1635 2150 tam
1653 2129 1714 2160 pu-

1005 2164 1081 2195 silla
1097 2171 1192 2197 recte
1205 2167 1378 2207 explicare
1393 2169 1534 2208 possint.
1559 2170 1658 2202 Idem.

1047 2219 1089 2246 76
1108 2217 1181 2249 *Est
1207 2227 1298 2258 nunc,
1319 2218 1390 2259 Sym]
1428 2218 1530 2250 Aliud
1558 2220 1711 2253 Poeticae

1004 2266 1163 2297 vanitatis
1188 2275 1426 2308 argumentum
1450 2279 1469 2300 a
1491 2268 1602 2309 factIs,
1619 2271 1710 2312 quod

1003 2316 1168 2349 affectent
1192 2318 1346 2350 obsoleta
1369 2325 1405 2350 et
1427 2320 1568 2361 antiqua
1591 2322 1709 2361 verba,

1003 2373 1037 2398 et
1048 2368 1173 2399 Poetas
1191 2370 1434 2401 vetustissimos
1450 2375 1486 2402 et
1501 2372 1708 2412 antiquitate

1002 2420 1209 2460 squalentes,
1247 2420 1403 2461 Accium,
1441 2422 1628 2452 Pacuvium
1669 2425 1708 2453 et

1001 2470 1084 2499 alios
1111 2470 1286 2501 imitentur
1309 2476 1344 2502 et
1369 2472 1494 2512 legant,
1514 2472 1638 2512 spretis
1653 2482 1706 2504 re-

1000 2519 1170 2557 centibus,
1186 2524 1222 2550 et
1237 2520 1406 2560 κακόζηλοι
1417 2531 1530 2552 eorum
1547 2522 1631 2553 vitia
1643 2532 1706 2563 pro

999 2568 1183 2599 virtutibus
1195 2572 1446 2602 aemularentur.
1464 2572 1705 2605 Lubin.—Bri-

998 2618 1069 2657 saei]
1092 2619 1261 2659 Baccliici,
1281 2625 1316 2651 et
1339 2620 1496 2661 furentis,
1514 2633 1533 2653 a
1550 2624 1703 2665 Baccho,

999 2670 1052 2711 qui
1071 2671 1216 2702 Brisaeus
1226 2671 1451 2714 dictus‚quod
1460 2674 1586 2706 Accius
1595 2676 1702 2717 scrip·

997 2721 1041 2752 sit
1071 2722 1224 2754 Bacchas
1253 2723 1484 2765 Tragoediam.
1522 2726 1702 2759 Far-nab.-
