1888 3032
464 97 700 138 MORIBUS,
735 98 796 128 ET
829 97 1098 130 scamnum
1131 97 1346 130 GENERE.
1580 89 1640 132 17

174 195 264 253 ipsi
301 195 617 250 frequentasse,
656 195 733 236 sed
773 195 1038 237 commercia
1073 208 1174 236 cum
1209 194 1296 236 illis
1336 208 1415 249 per
1454 193 1640 237 Graecos

180 265 308 319 quasi
339 265 635 306 internuncios
671 265 913 305 celebrasse
942 263 1221 305 existimandi
1249 266 1361 304 sunt.
1421 262 1528 304 Inde
1548 263 1641 305 fae-

178 336 270 373 tum
298 337 382 382 est,
414 338 464 373 ut
495 346 644 374 omnes
676 333 870 374 Romani
901 332 1043 386 po'etae
1078 345 1105 372 a
1137 331 1310 373 Graecis
1352 331 1583 386 pendeant,
1615 344 1642 372 a

177 402 340 455 quibus
361 402 507 441 omnia
534 402 621 442 fere
641 402 736 454 jam
750 405 971 454 occupata
995 402 1263 451 invenerant,
1284 401 1507 454 magisque
1527 413 1640 441 sem-

175 482 253 523 per
282 470 528 519 imitationi,
569 482 700 522 quam
745 469 984 509 inventioni
1025 469 1284 518 studuerint,
1316 469 1381 510 ita
1411 473 1459 510 ut
1491 482 1641 510 recen-

174 537 305 578 tiores
327 538 618 591 antiquiorum
637 537 833 589 vestigiis
865 536 1061 577 insistere
1087 537 1270 578 soleant.
1333 536 1394 577 Ut
1424 536 1641 578 Horatius

174 604 409 654 Lucilium,
445 605 520 658 qui
562 608 707 646 tamen
747 606 849 645 novi
890 605 1056 657 generis
1099 606 1340 646 carminum
1381 608 1533 646 auctor
1574 608 1643 646 est

175 671 417 721 habendus,
453 672 491 712 si
522 672 704 713 formam
737 676 926 726 spectes,
953 686 1039 714 non
1068 674 1314 723 materiam,
1346 673 1538 714 liberiori
1576 676 1641 714 ta-

176 753 274 780 men
304 741 475 781 incessu
505 744 679 781 secutus
711 745 790 790 est,
836 741 899 781 ita
937 741 1118 782 Persius
1156 754 1213 781 ex
1244 740 1471 782 Venusino
1521 742 1638 783 fonte

172 807 368 848 hortulos
400 820 505 848 suos
547 808 716 860 rigavit.
797 807 848 848 In
893 808 1164 861 explorando
1215 814 1376 859 autem,
1429 813 1639 862 quantum

176 874 342 916 Noster
356 875 542 917 Horatio
564 876 735 925 debeat,
759 875 1047 916 Casaubonus
1070 877 1302 925 curiosius,
1327 890 1455 929 paene
1478 877 1637 927 dicam,

174 944 384 997 iniquius,
407 957 538 998 quam
569 957 647 997 par
680 948 762 992 est,
782 947 996 993 versatur,
1018 957 1116 984 cum
1146 957 1233 985 non
1261 946 1403 985 solum
1424 945 1636 987 dictiones

173 1011 249 1051 sed
279 1012 454 1064 singula
483 1024 613 1065 paene
644 1012 778 1052 verba
816 1011 1005 1061 rimetur,
1049 1024 1148 1065 quae
1187 1013 1358 1065 utrique
1393 1015 1642 1055 communia

171 1079 344 1129 fuerint,
369 1083 413 1120 et
430 1080 476 1120 in
497 1093 597 1133 quae
631 1083 813 1133 uterque
833 1083 988 1133 sponte
1010 1079 1200 1120 incidere
1218 1081 1416 1133 potuerit.
1473 1081 1639 1125 Verum

173 1145 318 1187 Persii
363 1147 551 1188 imitatio
586 1147 835 1188 Horatiana
871 1160 957 1187 non
1004 1147 1145 1188 solum
1192 1148 1239 1187 in
1283 1147 1547 1190 dictionibus
1596 1155 1638 1192 et

174 1217 335 1266 verbis,
367 1216 445 1257 sed
479 1216 613 1257 etiam
644 1217 689 1256 in
723 1216 961 1264 sententiis,
997 1228 1109 1268 quas
1145 1229 1226 1256 suo
1262 1229 1383 1257 more
1423 1218 1641 1269 tractavit,

173 1284 372 1334 cernitur,
424 1284 481 1325 ad
521 1283 640 1337 quod
679 1284 934 1325 imitationis
975 1296 1110 1336 genus
1149 1283 1460 1325 Casaubonum
1495 1286 1640 1327 minus

168 1351 408 1393 attendisse
440 1352 538 1406 jure
569 1352 752 1392 mireris.
825 1351 929 1391 Non
959 1351 1145 1392 dixerim
1187 1356 1334 1392 tamen
1364 1366 1464 1393 eum
1496 1355 1641 1395 omnia

172 1420 405 1460 satirarum
435 1422 685 1472 argumenta
714 1432 771 1458 ex
792 1418 984 1459 Horatio
1006 1420 1231 1469 sumsisse,
1252 1421 1477 1474 multoque
1497 1422 1638 1462 minus

172 1487 271 1527 loca
298 1487 341 1527 in
370 1487 488 1528 illius
519 1487 668 1527 satiris
696 1490 738 1526 et
769 1487 968 1540 epistolis
1004 1486 1285 1537 definiverim,
1323 1489 1480 1541 quibus
1512 1489 1637 1530 lectis

173 1554 330 1595 Persio
363 1555 407 1595 in
434 1558 619 1595 mentem
655 1555 835 1604 venerit,
863 1554 948 1595 hoc
987 1554 1053 1594 vel
1091 1554 1199 1595 illud
1233 1560 1531 1608 argumentum
1565 1557 1640 1596 de-

173 1621 372 1663 texere.18
434 1622 550 1664 Haec
581 1635 685 1663 sane
724 1623 893 1663 lubrica
928 1627 993 1663 est
1026 1622 1260 1676 judicandi
1299 1624 1427 1673 ratio,
1467 1637 1524 1664 ex
1554 1637 1641 1678 qua

174 1690 309 1731 etiam
349 1702 403 1730 ea
441 1690 600 1743 cuique
634 1690 835 1743 scriptori
874 1690 1127 1731 subtrahere
1171 1691 1316 1740 liceat,
1357 1705 1458 1745 quae
1495 1696 1639 1733 tamen

174 1759 354 1811 propria
388 1758 485 1810 ejus
525 1760 626 1808 sint,
669 1759 915 1812 neminique
948 1760 1182 1812 antiquiori
1221 1759 1469 1800 debeantur.
1549 1760 1642 1801 Isto

173 1825 305 1865 modo
337 1826 434 1878 quis
465 1826 709 1879 prohibeat,
753 1827 985 1879 quominus
1023 1827 1237 1877 dicamus,
1293 1832 1335 1867 et
1383 1828 1640 1868 Juvenalem

175 1892 334 1934 Persio
364 1893 499 1933 multa
533 1894 803 1945 sublegisse:
854 1907 955 1934 nam
994 1896 1031 1934 is
1070 1909 1244 1949 quoque
1280 1896 1434 1935 eodem
1470 1895 1642 1935 dicendi

175 1974 331 2015 genere
350 1962 521 2014 passim
542 1961 688 2010 utitur,
712 1974 799 2014 quo
830 1960 1007 2001 Persius
1029 1975 1136 2002 usus
1158 1968 1240 2013 est,
1272 1967 1315 2003 et
1344 1963 1496 2004 eadem
1518 1975 1642 2015 argu-

175 2033 321 2070 menta
336 2034 507 2078 tractat,
523 2042 623 2082 quae
643 2029 699 2070 ab
721 2030 797 2070 illo
811 2033 996 2071 tractata
1017 2035 1129 2071 sunt.
1171 2031 1224 2071 In
1245 2032 1371 2072 rebus
1390 2029 1640 2085 hujusmodi

177 2097 475 2150 dijudicandis
496 2110 666 2150 semper
688 2103 785 2138 ante
806 2098 959 2138 oculos
980 2098 1136 2138 habere
1157 2098 1380 2148 debemus,
1406 2098 1498 2139 fieri
1516 2102 1643 2151 potu-

176 2165 281 2214 isse,
294 2168 343 2205 ut
361 2165 597 2217 scriptores
611 2165 761 2205 eodem
782 2179 979 2207 sermone
999 2167 1069 2206 usi
1090 2171 1131 2207 et
1150 2180 1285 2220 neque
1304 2170 1550 2220 temporum
1565 2179 1640 2206 ne-

839 2277 981 2308 NOTAE

220 2353 260 2381 18
284 2350 418 2381 Auctor
440 2351 681 2392 disputationis
704 2352 882 2382 Germani·
937 2351 1119 2382 secundam
1133 2360 1193 2391 per
1210 2350 1319 2391 Epist.
1340 2360 1362 2381 1.
1381 2353 1430 2380 17.
1449 2353 1500 2381 57.
1519 2355 1553 2381 et
1570 2352 1642 2382 Sat.

179 2412 229 2434 cae
247 2402 288 2432 de
314 2402 358 2433 Α.
376 2403 495 2433 Persio
512 2402 562 2432 (in
588 2403 794 2434 Charactere
820 2403 881 2433 der
937 2411 977 2432 11,
995 2406 1024 2433 3.
1044 2404 1246 2440 281-295.;
1272 2402 1312 2432 ad
1339 2407 1494 2442 quartam
1521 2403 1640 2432 saltem

176 2453 417 2484 vomehmsten
433 2454 579 2484 Dichter
595 2454 678 2483 aller
696 2453 879 2483 Nationen.
936 2462 980 2483 ex
996 2457 1094 2493 parte
1119 2462 1179 2493 per
1203 2454 1314 2493 Epist.
1340 2462 1362 2484 1.
1381 2456 1453 2490 16.;
1479 2453 1521 2483 ad
1547 2452 1642 2492 quin-

178 2502 343 2534 Sechsten
357 2504 493 2534 Bandes
509 2508 618 2534 erstes
631 2502 750 2533 Stiick.
769 2514 800 2543 p.
813 2506 880 2542 87.)
937 2508 1007 2534 tam
1032 2513 1093 2544 per
1120 2504 1190 2534 Sat.
1208 2513 1248 2535 11.
1265 2507 1295 2534 7.
1342 2504 1447 2535 Plura
1470 2503 1572 2533 ctiam
1599 2511 1641 2532 ex

177 2554 362 2591 existimat,
392 2554 434 2584 ad
466 2554 608 2594 primam
634 2554 771 2584 satiram
801 2553 881 2583 scri·
936 2559 1034 2584 sexta
1048 2555 1154 2585 satira
1170 2554 1213 2585 ad
1240 2555 1349 2594 Epist.
1367 2564 1391 2585 1.
1409 2558 1439 2585 2.
1458 2552 1640 2584 145—198.

178 2605 322 2637 bendain
339 2606 493 2636 Persium
517 2604 704 2635 adductum
728 2614 802 2634 esse
820 2614 880 2644 per
934 2604 1080 2637 formata
1096 2616 1170 2637 esse
1187 2610 1296 2646 putat.

181 2655 304 2688 Horat.
320 2657 430 2697 Epist.
446 2665 470 2687 1.
485 2659 558 2693 19.;
576 2665 615 2685 11.
632 2658 685 2686 91.
703 2665 814 2696 seqq.;
836 2655 877 2685 ad

266 2708 380 2750 Delph.
395 2712 425 2741 et
446 2710 519 2743 Var.
539 2710 620 2741 Clas.
881 2709 972 2741 Pers.
1526 2706 1554 2737 B
