1888 3032
231 89 317 131 152

734 101 759 129 A
771 121 779 130 .
815 99 973 129 PERSII
1010 99 1183 131 FLACCI

232 195 480 238 Praeteritos
500 197 697 236 meditor:
728 193 930 249 (crudum
952 193 1268 236 Chaerestratus
1286 209 1470 250 unguem

231 263 461 305 Abrodens
482 265 541 304 ait
560 263 688 313 haec.)
748 261 820 303 An
840 263 972 303 siccis
994 262 1183 304 dedecus
1205 263 1375 305 obstem

221 370 319 410 finem
335 370 487 409 imponere
501 369 727 410 quamprimum
739 367 897 409 prior-ibus
911 367 1071 399 molestiis.
1118 367 1280 408 Numquid
1306 377 1370 408 ego
1382 367 1529 409 probrum
1543 367 1689 400 obsistam

843 468 978 479 cccccc

982 466 1077 479 eoru

743 538 804 568 163
828 536 975 567 arrodens
996 535 1064 566 Ms.
1082 534 1162 566 Gal.

882 631 1022 663 NOTAE

228 694 343 727 illiest
367 695 629 736 Chaerestratus,
654 697 733 728 huic
760 697 932 728 Parmeno

229 752 295 784 est,
325 745 373 777 illi
410 746 539 787 Davus,
568 748 730 779 Personae
769 747 931 779 Comicae.

231 796 332 828 Quod
349 801 383 827 et
398 797 575 828 annotavit
591 802 689 828 vetus
707 798 818 829 Scliol.

273 847 378 887 Dare]
414 848 547 879 Nomen
573 848 662 879 servi
678 847 767 888 apud
792 847 934 878 Menan-

229 896 327 928 drum
386 897 630 929 Atheniensem
687 897 934 929 Comoediarum

228 946 442 987 scriptorem.
502 948 614 978 Servis
644 948 735 988 apud
765 949 935 979 Romanos

230 997 366 1027 nomina
380 997 453 1028 haec
477 996 680 1038 frequentia,
706 998 849 1037 Statius,
873 998 934 1029 Di-

229 1047 376 1087 onysum,
400 1048 547 1087 Stichus,
572 1048 688 1079 Hera:
726 1048 815 1079 sicut
831 1047 935 1078 A'the-

228 1097 292 1136 nis,
317 1097 448 1138 Davus,
465 1097 569 1137 Geta,
596 1108 638 1129 ex
659 1108 726 1139 quo
753 1099 856 1137 Daci,
880 1097 937 1139 qui

230 1151 332 1177 antea
357 1148 461 1188 Davi,
492 1148 582 1179 bello
609 1148 740 1180 subacti
777 1147 934 1179 fuerant:

229 1198 320 1237 apud
338 1197 454 1238 Syros,
470 1199 605 1229 Dama:
642 1199 677 1229 in
700 1198 937 1239 Paphlagonia

229 1247 359 1288 Tybius
375 1257 384 1279 :
420 1248 510 1289 apud
535 1249 704 1290 Phryges,
720 1249 854 1288 Manes,
869 1248 936 1279 Mi-

229 1297 293 1328 da:
313 1298 593 1339 Lacedaemoniis,
610 1299 756 1331 Helota:
784 1298 935 1338 Argivis,

230 1347 424 1388 Gymneta:
449 1349 684 1390 Cretensibus,
705 1350 937 1390 Epharmiota,

229 1398 382 1439 Clarota,
398 1400 520 1431 Mnota
538 1411 546 1431 :
575 1400 754 1442 Thessalis,
768 1401 934 1433 Penesta:

229 1451 461 1493 SyracusauiS,
488 1455 720 1485 Eustatonus:
757 1454 936 1495 Sicyoniis,

231 1502 514 1544 Corynepliorus:
560 1505 785 1535 Mariandinis
814 1506 935 1546 Bithy-

229 1552 295 1583 niae
312 1554 460 1594 populis,
489 1556 725 1596 Doryphorus,
750 1559 816 1587 ἀρ.
833 1555 935 1587 Alex.

228 1602 271 1633 ab
286 1602 386 1635 Alex.
402 1614 458 1635 111.
474 1608 527 1636 20.

274 1653 383 1684 Finire
399 1654 531 1694 dolores]
570 1655 735 1686 Nuntium
759 1656 937 1687 remittere

229 1702 410 1744 amoribus,
426 1704 484 1744 qui
501 1704 581 1734 mihi
607 1709 686 1735 suut
707 1710 759 1736 tot
783 1705 936 1737 dolorum

229 1761 353 1783 causae.
415 1752 486 1783 Hos
514 1753 659 1785 Plautus
684 1754 718 1784 in
750 1755 936 1788 Mercator.

228 1801 380 1842 Prologo
405 1802 453 1834 sic
487 1804 709 1844 perstringit:
750 1804 935 1837 ‘Amorem

228 1853 302 1884 haec
319 1857 445 1885 cuncta
460 1854 543 1886 vitia
558 1855 682 1886 sectari
698 1856 821 1896 solent,
835 1857 935 1897 Cura,

229 1902 408 1943 aegritudo,
444 1904 617 1946 nimiaque
661 1905 843 1946 elegantia,
870 1908 935 1939 «Sec.

228 1952 297 1984 Sed
314 1953 421 1984 amori
451 1955 624 1986 accedunt
650 1956 754 1986 etiam
769 1957 843 1988 haec
860 1967 935 1998 quae

227 2002 298 2033 dixi
314 2003 437 2042 minus,
455 2004 813 2047 Insomnia,aerumna,
829 2018 938 2049 error,

228 2055 337 2083 terror
352 2057 386 2083 et
410 2052 503 2093 fuga,
526 2054 687 2096 Ineptiae,
706 2057 936 2099 stultitiaque,

228 2101 313 2133 adeo
328 2107 364 2134 et
391 2104 566 2135 temeritas
584 2115 593 2143 3
627 2105 859 2147 Incogitantia
879 2118 936 2139 ex-

227 2161 316 2192 cors,
345 2153 571 2194 immodestia,
602 2156 812 2197 Petulantia,
842 2158 934 2198 cupi-

227 2202 315 2235 ditas
332 2207 367 2235 et
382 2204 632 2236 malevolentia.
662 2207 814 2239 Inlraeret
829 2208 933 2240 ctiam

227 2253 384 2294 aviditas,
419 2255 562 2294 desidia,
604 2257 741 2298 injuria,
788 2260 933 2300 Inopia;

226 2305 436 2336 contumelia
462 2310 498 2336 et
526 2307 753 2349 dispendium,
781 2310 933 2342 Multilo-

227 2352 356 2393 quium,
372 2356 644 2396 pauciloquium.²
668 2359 765 2400 Virg.
782 2361 856 2392 Ecl.
876 2371 932 2393 111.

224 2403 233 2419 ‘
252 2403 414 2444 Quisquis
431 2414 560 2436 amores
578 2407 646 2438 Aut
656 2414 787 2440 metuet
803 2410 933 2452 dulces,

227 2457 287 2484 aut
313 2454 514 2494 experietur
529 2457 683 2487 amaros!
729 2459 796 2489 Sed
820 2460 931 2499 ipsum

226 2503 419 2535 Phaedriam
434 2509 619 2536 amatorem
630 2507 790 2538 miserum
803 2509 933 2550 audire,

226 2554 328 2585 immo
342 2559 497 2596 spectare
510 2556 617 2587 veluti
629 2566 671 2586 ne
689 2557 818 2597 pigeat,
830 2563 867 2589 ut
882 2558 931 2599 ip-

224 2605 293 2635 sius
323 2606 428 2637 etiam
457 2615 518 2637 nos
545 2607 714 2638 misereat.
773 2607 809 2639 Is
839 2609 930 2649 apud

224 2656 368 2688 Terent.
383 2656 464 2689 Act.
479 2666 503 2689 1.
519 2658 618 2689 Scen.
645 2661 677 2689 1.
695 2658 742 2689 sie
758 2658 928 2700 loquitur:

985 694 1186 735 ‘Indignum
1196 694 1345 726 facinus!
1363 694 1462 726 Nunc
1473 703 1535 734 ego
1546 697 1581 725 et
1592 693 1692 724 Illam

986 746 1163 776 scelestam
1177 755 1261 786 esse,
1275 750 1310 777 et
1321 756 1373 776 me
1388 746 1547 776 miserum
1560 745 1670 775 sentio
1684 754 1692 774 ε

988 796 1033 826 Et
1051 796 1178 834 taedet3
1217 800 1251 827 et
1267 806 1380 827 amore
1404 795 1506 826 ardeo
1523 807 1530 827 ς
1566 800 1601 826 et
1619 805 1695 836 pru-

988 846 1083 886 dens,
1099 846 1220 884 scieus,
1234 846 1340 877 Vivus
1362 846 1546 888 vidensque
1563 855 1667 886 pereo
1685 856 1694 884 ;

988 906 1051 927 nec
1068 897 1148 938 quid
1164 906 1260 937 agam
1277 895 1370 928 scio!

1033 947 1144 978 Finire
1173 948 1292 981 dolores
1329 947 1506 988 proeteritos
1546 946 1696 986 meditor]

990 999 1229 1039 Relinquendo
1247 999 1449 1040 Chrysidem
1464 997 1694 1037 meretricem,

990 1059 1065 1090 quae
1082 1060 1136 1081 me.
1149 1054 1295 1091 properat
1311 1051 1441 1081 amando
1462 1050 1601 1090 perdere.
1646 1049 1695 1080 Ut

991 1104 1044 1131 est
1057 1101 1146 1141 apud
1165 1101 1251 1132 Hor.
1267 1101 1336 1133 Od.
1354 1110 1378 1132 1.
1395 1104 1427 1131 8.
1452 1099 1549 1131 Idem
1565 1100 1636 1131 Sat.
1653 1108 1695 1131 11.

990 1154 1022 1183 3.
1039 1151 1225 1192 scripserat
1241 1151 1283 1183 de
1300 1151 1459 1183 Phaedria
1474 1150 1696 1191 Terentiano,

991 1201 1084 1241 cujus
1101 1201 1212 1232 locum
1226 1202 1396 1242 integrum
1413 1201 1538 1232 ibidem
1556 1209 1694 1240 expres-

990 1250 1044 1281 sit.
1091 1251 1100 1268 ‘
1113 1250 1168 1282 An
1185 1251 1298 1291 potius
1315 1251 1462 1282 mediter
1483 1251 1579 1282 finire
1603 1250 1695 1282 dolo-

992 1310 1045 1332 res
1059 1300 1080 1331 ?’

1034 1355 1095 1383 162
1121 1354 1261 1383 Crudum
1299 1353 1526 1383 Chaerestratus
1564 1362 1697 1392 unguem

990 1403 1153 1442 abradens]
1180 1403 1254 1434 1³1·ae
1276 1403 1404 1443 dolore,
1422 1403 1511 1444 quod
1528 1402 1571 1434 ab
1589 1403 1698 1434 amica

989 1446 1164 1485 exclusus:
1198 1456 1253 1486 vel
1281 1465 1352 1495 prae
1383 1455 1523 1495 ancipiti
1549 1454 1698 1486 incerto-

990 1515 1055 1546 que
1077 1505 1228 1545 consilio,
1250 1505 1500 1546 cogitabundus
1528 1510 1636 1545 totus,
1663 1510 1699 1537 et

990 1565 1105 1586 secum
1120 1556 1194 1596 ipse
1211 1556 1452 1595 luctabundus,
1468 1566 1547 1586 num
1563 1556 1606 1586 ad
1621 1565 1696 1586 eam

990 1615 1063 1646 quae
1081 1605 1230 1637 exclusit
1243 1606 1373 1646 redeat,
1387 1616 1427 1637 au
1445 1606 1583 1638 deserat
1596 1616 1696 1648 quam

991 1656 1125 1696 perdite
1154 1661 1256 1687 amat.
1303 1657 1401 1688 Pers.
1426 1657 1498 1689 Sat.
1515 1666 1539 1688 1.
1557 1667 1604 1688 vs.
1623 1660 1697 1690 106.

991 1706 999 1722 ‘
1015 1707 1090 1737 Nec
1106 1706 1297 1737 demorsum
1314 1707 1403 1747 sapit
1423 1707 1593 1747 unguem!
1611 1707 1697 1738 Hor.

990 1756 1062 1787 Sat.
1079 1766 1104 1787 1.
1120 1759 1171 1786 10.
1195 1756 1204 1772 ‘
1223 1756 1326 1787 Vivos
1339 1761 1374 1787 et
1390 1756 1529 1787 roderet
1543 1756 1698 1796 ungues!

1035 1806 1276 1847 Chaerestratus]
1290 1807 1311 1838 J
1317 1806 1432 1837 uvenis
1444 1811 1576 1837 amator
1590 1807 1698 1847 Chry-

989 1856 1070 1886 sidis
1086 1856 1327 1898 meretriculae,
1343 1856 1433 1897 apud
1458 1857 1698 1897 Menandrum,

990 1912 1027 1938 ut
1044 1907 1126 1939 dixi.

1034 1960 1095 1988 163
1119 1957 1177 1988 Ait
1206 1957 1284 1997 hcec]
1332 1957 1387 1988 Ad
1415 1958 1549 1988 Davum
1573 1965 1697 1998 nempe

989 2006 1095 2038 fidum
1111 2007 1174 2037 sibi
1189 2006 1364 2038 famulum.

1033 2058 1087 2088 An
1116 2057 1205 2087 siccis
1232 2057 1360 2087 dedecus
1398 2056 1512 2087 obstem
1542 2056 1697 2097 cognatis]

987 2107 1042 2138 An
1058 2105 1156 2138 foedis
1173 2117 1233 2147 ego
1251 2107 1420 2138 amoribus
1445 2116 1531 2147 eam,
1550 2111 1587 2138 nt
1602 2113 1695 2147 aute,

986 2158 1155 2198 perditum
1172 2158 1296 2188 bonam
1323 2157 1446 2188 famam
1469 2158 1579 2198 gentis
1596 2167 1698 2198 meae,

985 2208 1019 2239 in
1047 2213 1283 2249 qua,-praeter
1308 2218 1373 2249 me,
1399 2213 1477 2239 sunt
1505 2218 1620 2239 omnes
1637 2208 1696 2239 lio·

984 2259 1087 2299 nesti,
1103 2259 1202 2298 casti,
1220 2258 1347 2289 sobrii?

1029 2308 1143 2350 Siccis]
1179 2308 1286 2338 Siccus
1309 2311 1555 2348 temperantem
1574 2307 1696 2347 virum,

986 2359 1140 2390 madidus
1184 2359 1353 2389 ebriosum
1400 2368 1439 2389 ac
1481 2358 1694 2389 vinolentum

987 2418 1077 2448 saepe
1096 2408 1237 2439 iudicat.
1261 2409 1374 2438 Plaut.
1397 2411 1578 2447 utrumque
1598 2407 1693 2446 ponit

987 2457 1124 2489 Asinar.
1140 2458 1240 2489 Scen.
1256 2466 1329 2488 xiv.
1353 2458 1361 2474 ‘
1380 2459 1454 2496 Ego
1469 2461 1596 2496 praeter
1611 2457 1694 2488 alias

987 2507 1092 2537 virum
1110 2517 1221 2537 meum
1244 2505 1291 2536 fui
1321 2511 1396 2537 rata
1417 2507 1564 2545 siccum,
1591 2505 1693 2547 frugi,

989 2556 1244 2587 continentem!
1269 2557 1313 2586 Et
1331 2557 1431 2597 paulo
1444 2562 1521 2596 post
1537 2568 1544 2587 :
1569 2558 1579 2573 ‘
1597 2557 1691 2589 Scito

985 2607 1079 2637 illum
1089 2606 1274 2645 madidum,
1282 2606 1390 2647 nihili,
1398 2606 1693 2639 incontinentem.'

986 2658 1151 2689 Horatius
1168 2657 1278 2698 Epist.
1296 2666 1319 2688 Ι.
1339 2660 1391 2688 19.
1408 2658 1496 2688 Item
1514 2657 1581 2688 Od.
1596 2667 1620 2690 1.
1640 2661 1691 2691 18.
