<?xml version="1.0" encoding="UTF-8"?>
<!DOCTYPE html PUBLIC "-//W3C//DTD XHTML 1.0 Transitional//EN"
    "http://www.w3.org/TR/xhtml1/DTD/xhtml1-transitional.dtd">
<html xmlns="http://www.w3.org/1999/xhtml" xml:lang="en" lang="en">
 <head>
  <title>
</title>
<meta http-equiv="Content-Type" content="text/html;charset=utf-8" />
  <meta name='ocr-system' content='tesseract 3.04.00' />
  <meta name='ocr-capabilities' content='ocr_page ocr_carea ocr_par ocr_line ocrx_word'/>
</head>
<body>
  <div class='ocr_page' id='page_1' title='image "./operaomnia00persuoft_0267.png"; bbox 0 0 1888 3032; ppageno 0'>
   <div class='ocr_carea' id='block_1_1' title="bbox 662 150 822 180">
    <p class='ocr_par' dir='ltr' id='par_1_1' title="bbox 662 150 822 180">
     <span class='ocr_line' id='line_1_1' title="bbox 662 150 822 180; baseline 0.006 -1"><span class='ocrx_word' id='word_1_1' title='bbox 662 150 822 180; x_wconf 74' lang='lat' dir='ltr'>PERSH</span> 
     </span>
    </p>
   </div>
   <div class='ocr_carea' id='block_1_2' title="bbox 884 150 1062 179">
    <p class='ocr_par' dir='ltr' id='par_1_2' title="bbox 884 150 1062 179">
     <span class='ocr_line' id='line_1_2' title="bbox 884 150 1062 179; baseline -0.011 0"><span class='ocrx_word' id='word_1_2' title='bbox 884 150 987 179; x_wconf 74' lang='lat' dir='ltr'>SAT.</span> <span class='ocrx_word' id='word_1_3' title='bbox 1021 150 1062 178; x_wconf 85' lang='lat' dir='ltr'>V.</span> 
     </span>
    </p>
   </div>
   <div class='ocr_carea' id='block_1_3' title="bbox 1509 141 1593 181">
    <p class='ocr_par' dir='ltr' id='par_1_3' title="bbox 1509 141 1593 181">
     <span class='ocr_line' id='line_1_3' title="bbox 1509 141 1564 181; textangle 90"><span class='ocrx_word' id='word_1_4' title='bbox 1509 141 1564 181; x_wconf 47' lang='grc' dir='ltr'>εὐ.</span> 
     </span>
     <span class='ocr_line' id='line_1_4' title="bbox 1567 142 1593 181; textangle 90"><span class='ocrx_word' id='word_1_5' title='bbox 1567 142 1593 181; x_wconf 66' lang='lat' dir='ltr'>&lt;ss</span> 
     </span>
    </p>
   </div>
   <div class='ocr_carea' id='block_1_4' title="bbox 599 478 1122 528">
    <p class='ocr_par' dir='ltr' id='par_1_4' title="bbox 599 478 1122 528">
     <span class='ocr_line' id='line_1_5' title="bbox 599 478 1122 528; baseline -0.004 0"><span class='ocrx_word' id='word_1_6' title='bbox 599 478 987 528; x_wconf 79' lang='lat' dir='ltr'>SATI&#39;RA</span> <span class='ocrx_word' id='word_1_7' title='bbox 1054 479 1122 526; x_wconf 85' lang='lat' dir='ltr'>V.</span> 
     </span>
    </p>
   </div>
   <div class='ocr_carea' id='block_1_5' title="bbox 130 642 844 2739">
    <p class='ocr_par' dir='ltr' id='par_1_5' title="bbox 130 642 842 1735">
     <span class='ocr_line' id='line_1_6' title="bbox 178 642 835 684; baseline -0.002 -11"><span class='ocrx_word' id='word_1_8' title='bbox 178 646 190 673; x_wconf 92' lang='lat' dir='ltr'>l</span> <span class='ocrx_word' id='word_1_9' title='bbox 223 642 368 683; x_wconf 75' lang='lat' dir='ltr'>Vatibus]</span> <span class='ocrx_word' id='word_1_10' title='bbox 387 644 499 684; x_wconf 88' lang='lat' dir='ltr'>Hujus</span> <span class='ocrx_word' id='word_1_11' title='bbox 512 643 645 684; x_wconf 79' lang='lat' dir='ltr'>Satyrae</span> <span class='ocrx_word' id='word_1_12' title='bbox 663 642 739 673; x_wconf 85' lang='lat' dir='ltr'>duae</span> <span class='ocrx_word' id='word_1_13' title='bbox 755 645 835 673; x_wconf 87' lang='lat' dir='ltr'>sunt</span> 
     </span>
     <span class='ocr_line' id='line_1_7' title="bbox 133 693 836 734; baseline 0.001 -12"><span class='ocrx_word' id='word_1_14' title='bbox 133 697 266 731; x_wconf 84' lang='lat' dir='ltr'>partes:</span> <span class='ocrx_word' id='word_1_15' title='bbox 312 693 413 724; x_wconf 82' lang='lat' dir='ltr'>Prior</span> <span class='ocrx_word' id='word_1_16' title='bbox 450 694 725 731; x_wconf 81' lang='lat' dir='ltr'>Encomiastica3</span> <span class='ocrx_word' id='word_1_17' title='bbox 768 703 836 734; x_wconf 81' lang='lat' dir='ltr'>qua</span> 
     </span>
     <span class='ocr_line' id='line_1_8' title="bbox 132 742 836 784; baseline 0.003 -12"><span class='ocrx_word' id='word_1_18' title='bbox 132 742 274 773; x_wconf 77' lang='lat' dir='ltr'>Cornuti</span> <span class='ocrx_word' id='word_1_19' title='bbox 291 744 513 784; x_wconf 62' lang='lat' dir='ltr'>praeceptoris</span> <span class='ocrx_word' id='word_1_20' title='bbox 537 744 648 775; x_wconf 81' lang='lat' dir='ltr'>Persii</span> <span class='ocrx_word' id='word_1_21' title='bbox 673 743 836 775; x_wconf 87' lang='lat' dir='ltr'>Encomia</span> 
     </span>
     <span class='ocr_line' id='line_1_9' title="bbox 132 792 836 835; baseline 0.004 -13"><span class='ocrx_word' id='word_1_22' title='bbox 132 792 372 831; x_wconf 54' lang='lat' dir='ltr'>continentum</span> <span class='ocrx_word' id='word_1_23' title='bbox 409 795 519 825; x_wconf 82' lang='lat' dir='ltr'>altera</span> <span class='ocrx_word' id='word_1_24' title='bbox 557 795 726 835; x_wconf 74' lang='lat' dir='ltr'>Satyrion,</span> <span class='ocrx_word' id='word_1_25' title='bbox 768 804 836 835; x_wconf 89' lang='lat' dir='ltr'>qua</span> 
     </span>
     <span class='ocr_line' id='line_1_10' title="bbox 131 844 836 884; baseline 0.007 -14"><span class='ocrx_word' id='word_1_26' title='bbox 131 846 268 881; x_wconf 81' lang='lat' dir='ltr'>captata</span> <span class='ocrx_word' id='word_1_27' title='bbox 285 851 326 873; x_wconf 85' lang='lat' dir='ltr'>ex</span> <span class='ocrx_word' id='word_1_28' title='bbox 345 844 455 884; x_wconf 85' lang='lat' dir='ltr'>elogio</span> <span class='ocrx_word' id='word_1_29' title='bbox 480 845 620 876; x_wconf 87' lang='lat' dir='ltr'>Cornuti</span> <span class='ocrx_word' id='word_1_30' title='bbox 645 845 836 884; x_wconf 76' lang='lat' dir='ltr'>occasione,</span> 
     </span>
     <span class='ocr_line' id='line_1_11' title="bbox 130 891 835 927; baseline 0.009 -6"><span class='ocrx_word' id='word_1_31' title='bbox 130 891 172 922; x_wconf 83' lang='lat' dir='ltr'>de</span> <span class='ocrx_word' id='word_1_32' title='bbox 191 902 270 923; x_wconf 87' lang='lat' dir='ltr'>vera</span> <span class='ocrx_word' id='word_1_33' title='bbox 286 895 451 925; x_wconf 87' lang='lat' dir='ltr'>servitute</span> <span class='ocrx_word' id='word_1_34' title='bbox 476 899 510 926; x_wconf 89' lang='lat' dir='ltr'>et</span> <span class='ocrx_word' id='word_1_35' title='bbox 529 896 688 927; x_wconf 81' lang='lat' dir='ltr'>libertate</span> <span class='ocrx_word' id='word_1_36' title='bbox 702 907 743 927; x_wconf 87' lang='lat' dir='ltr'>ex</span> <span class='ocrx_word' id='word_1_37' title='bbox 761 906 835 927; x_wconf 88' lang='lat' dir='ltr'>sen·</span> 
     </span>
     <span class='ocr_line' id='line_1_12' title="bbox 131 943 836 987; baseline 0.01 -16"><span class='ocrx_word' id='word_1_38' title='bbox 131 943 241 973; x_wconf 84' lang='lat' dir='ltr'>tentia</span> <span class='ocrx_word' id='word_1_39' title='bbox 256 943 448 976; x_wconf 88' lang='lat' dir='ltr'>Stoicorum</span> <span class='ocrx_word' id='word_1_40' title='bbox 468 946 605 986; x_wconf 81' lang='lat' dir='ltr'><strong>egregie</strong></span> <span class='ocrx_word' id='word_1_41' title='bbox 621 946 786 987; x_wconf 81' lang='lat' dir='ltr'>disputat,</span> <span class='ocrx_word' id='word_1_42' title='bbox 801 952 836 978; x_wconf 83' lang='lat' dir='ltr'>et</span> 
     </span>
     <span class='ocr_line' id='line_1_13' title="bbox 133 991 836 1036; baseline 0.009 -14"><span class='ocrx_word' id='word_1_43' title='bbox 133 991 345 1025; x_wconf 86' lang='lat' dir='ltr'>demonstrat</span> <span class='ocrx_word' id='word_1_44' title='bbox 359 1005 473 1026; x_wconf 89' lang='lat' dir='ltr'>omnes</span> <span class='ocrx_word' id='word_1_45' title='bbox 486 997 606 1027; x_wconf 86' lang='lat' dir='ltr'>stultos</span> <span class='ocrx_word' id='word_1_46' title='bbox 621 1007 736 1028; x_wconf 83' lang='lat' dir='ltr'>servos</span> <span class='ocrx_word' id='word_1_47' title='bbox 748 1007 836 1036; x_wconf 83' lang='lat' dir='ltr'>esse,</span> 
     </span>
     <span class='ocr_line' id='line_1_14' title="bbox 131 1044 836 1083; baseline 0.009 -12"><span class='ocrx_word' id='word_1_48' title='bbox 131 1051 246 1072; x_wconf 85' lang='lat' dir='ltr'>omnes</span> <span class='ocrx_word' id='word_1_49' title='bbox 278 1044 452 1083; x_wconf 83' lang='lat' dir='ltr'>sapientes</span> <span class='ocrx_word' id='word_1_50' title='bbox 479 1045 743 1077; x_wconf 85' lang='lat' dir='ltr'>liberos.——Hic</span> <span class='ocrx_word' id='word_1_51' title='bbox 772 1056 836 1077; x_wconf 85' lang='lat' dir='ltr'>mos</span> 
     </span>
     <span class='ocr_line' id='line_1_15' title="bbox 131 1093 836 1138; baseline 0.009 -15"><span class='ocrx_word' id='word_1_52' title='bbox 131 1093 191 1133; x_wconf 76' lang='lat' dir='ltr'>est]</span> <span class='ocrx_word' id='word_1_53' title='bbox 225 1094 273 1124; x_wconf 88' lang='lat' dir='ltr'>Ut</span> <span class='ocrx_word' id='word_1_54' title='bbox 287 1093 407 1125; x_wconf 79' lang='lat' dir='ltr'>Po&#39;etae</span> <span class='ocrx_word' id='word_1_55' title='bbox 426 1104 477 1126; x_wconf 85' lang='lat' dir='ltr'>res</span> <span class='ocrx_word' id='word_1_56' title='bbox 495 1097 642 1136; x_wconf 84' lang='lat' dir='ltr'>grandes</span> <span class='ocrx_word' id='word_1_57' title='bbox 659 1098 836 1138; x_wconf 84' lang='lat' dir='ltr'>scripturi,</span> 
     </span>
     <span class='ocr_line' id='line_1_16' title="bbox 131 1145 836 1186; baseline 0.009 -13"><span class='ocrx_word' id='word_1_58' title='bbox 131 1148 268 1174; x_wconf 89' lang='lat' dir='ltr'>centum</span> <span class='ocrx_word' id='word_1_59' title='bbox 284 1154 355 1184; x_wconf 89' lang='lat' dir='ltr'>ora,</span> <span class='ocrx_word' id='word_1_60' title='bbox 369 1145 500 1186; x_wconf 86' lang='lat' dir='ltr'>linguas</span> <span class='ocrx_word' id='word_1_61' title='bbox 516 1151 550 1178; x_wconf 89' lang='lat' dir='ltr'>et</span> <span class='ocrx_word' id='word_1_62' title='bbox 567 1157 667 1178; x_wconf 81' lang='lat' dir='ltr'>voces</span> <span class='ocrx_word' id='word_1_63' title='bbox 683 1148 747 1179; x_wconf 86' lang='lat' dir='ltr'>sibi</span> <span class='ocrx_word' id='word_1_64' title='bbox 761 1148 836 1179; x_wconf 87' lang='lat' dir='ltr'>dari</span> 
     </span>
     <span class='ocr_line' id='line_1_17' title="bbox 131 1194 838 1239; baseline 0.01 -16"><span class='ocrx_word' id='word_1_65' title='bbox 131 1194 317 1234; x_wconf 77' lang='lat' dir='ltr'><strong>postulent,</strong></span> <span class='ocrx_word' id='word_1_66' title='bbox 341 1196 388 1227; x_wconf 89' lang='lat' dir='ltr'>sic</span> <span class='ocrx_word' id='word_1_67' title='bbox 413 1206 497 1238; x_wconf 85' lang='lat' dir='ltr'>ergo</span> <span class='ocrx_word' id='word_1_68' title='bbox 518 1198 611 1236; x_wconf 85' lang='lat' dir='ltr'>mihi,</span> <span class='ocrx_word' id='word_1_69' title='bbox 627 1202 663 1228; x_wconf 93' lang='lat' dir='ltr'>ut</span> <span class='ocrx_word' id='word_1_70' title='bbox 684 1208 838 1239; x_wconf 82' lang='lat' dir='ltr'>praecep-</span> 
     </span>
     <span class='ocr_line' id='line_1_18' title="bbox 133 1245 838 1289; baseline 0.009 -14"><span class='ocrx_word' id='word_1_71' title='bbox 133 1245 218 1276; x_wconf 86' lang='lat' dir='ltr'>toris</span> <span class='ocrx_word' id='word_1_72' title='bbox 241 1246 310 1276; x_wconf 90' lang='lat' dir='ltr'>mei</span> <span class='ocrx_word' id='word_1_73' title='bbox 326 1247 438 1288; x_wconf 87' lang='lat' dir='ltr'>elogia</span> <span class='ocrx_word' id='word_1_74' title='bbox 462 1248 563 1288; x_wconf 85' lang='lat' dir='ltr'>digne</span> <span class='ocrx_word' id='word_1_75' title='bbox 581 1249 786 1289; x_wconf 81' lang='lat' dir='ltr'><strong>describam,</strong></span> <span class='ocrx_word' id='word_1_76' title='bbox 802 1256 838 1282; x_wconf 90' lang='lat' dir='ltr'>et</span> 
     </span>
     <span class='ocr_line' id='line_1_19' title="bbox 132 1298 837 1331; baseline 0.009 -6"><span class='ocrx_word' id='word_1_77' title='bbox 132 1304 281 1326; x_wconf 81' lang='lat' dir='ltr'>amorem</span> <span class='ocrx_word' id='word_1_78' title='bbox 310 1306 421 1328; x_wconf 87' lang='lat' dir='ltr'>meum</span> <span class='ocrx_word' id='word_1_79' title='bbox 450 1298 633 1330; x_wconf 72' lang='lat' dir='ltr'>declarem.</span> <span class='ocrx_word' id='word_1_80' title='bbox 668 1299 837 1331; x_wconf 68' lang='lat' dir='ltr'>Lama.—</span> 
     </span>
     <span class='ocr_line' id='line_1_20' title="bbox 134 1346 836 1391; baseline 0.009 -16"><span class='ocrx_word' id='word_1_81' title='bbox 134 1346 266 1377; x_wconf 74' lang='lat' dir='ltr'>Centum</span> <span class='ocrx_word' id='word_1_82' title='bbox 294 1347 396 1387; x_wconf 78' lang='lat' dir='ltr'>voces]</span> <span class='ocrx_word' id='word_1_83' title='bbox 436 1348 514 1380; x_wconf 92' lang='lat' dir='ltr'>Scio</span> <span class='ocrx_word' id='word_1_84' title='bbox 553 1350 661 1380; x_wconf 88' lang='lat' dir='ltr'>solere</span> <span class='ocrx_word' id='word_1_85' title='bbox 696 1350 836 1391; x_wconf 75' lang='lat' dir='ltr'>poetas,</span> 
     </span>
     <span class='ocr_line' id='line_1_21' title="bbox 132 1394 837 1437; baseline 0.009 -13"><span class='ocrx_word' id='word_1_86' title='bbox 132 1394 235 1426; x_wconf 89' lang='lat' dir='ltr'>etiam</span> <span class='ocrx_word' id='word_1_87' title='bbox 262 1395 296 1425; x_wconf 89' lang='lat' dir='ltr'>in</span> <span class='ocrx_word' id='word_1_88' title='bbox 324 1396 426 1427; x_wconf 85' lang='lat' dir='ltr'>rebus</span> <span class='ocrx_word' id='word_1_89' title='bbox 454 1397 562 1437; x_wconf 87' lang='lat' dir='ltr'>nihili,</span> <span class='ocrx_word' id='word_1_90' title='bbox 577 1403 634 1429; x_wconf 84' lang='lat' dir='ltr'>aut</span> <span class='ocrx_word' id='word_1_91' title='bbox 656 1403 752 1430; x_wconf 84' lang='lat' dir='ltr'>certe</span> <span class='ocrx_word' id='word_1_92' title='bbox 769 1410 837 1430; x_wconf 89' lang='lat' dir='ltr'>non</span> 
     </span>
     <span class='ocr_line' id='line_1_22' title="bbox 134 1444 838 1488; baseline 0.009 -14"><span class='ocrx_word' id='word_1_93' title='bbox 134 1444 219 1475; x_wconf 90' lang='lat' dir='ltr'>adeo</span> <span class='ocrx_word' id='word_1_94' title='bbox 236 1445 378 1484; x_wconf 85' lang='lat' dir='ltr'>magnis,</span> <span class='ocrx_word' id='word_1_95' title='bbox 405 1446 447 1476; x_wconf 83' lang='lat' dir='ltr'>de</span> <span class='ocrx_word' id='word_1_96' title='bbox 474 1446 618 1478; x_wconf 87' lang='lat' dir='ltr'>infantia</span> <span class='ocrx_word' id='word_1_97' title='bbox 646 1458 706 1479; x_wconf 86' lang='lat' dir='ltr'>sua</span> <span class='ocrx_word' id='word_1_98' title='bbox 730 1450 838 1488; x_wconf 81' lang='lat' dir='ltr'>queri,</span> 
     </span>
     <span class='ocr_line' id='line_1_23' title="bbox 134 1495 839 1537; baseline 0.007 -14"><span class='ocrx_word' id='word_1_99' title='bbox 134 1495 229 1535; x_wconf 83' lang='lat' dir='ltr'>quasi</span> <span class='ocrx_word' id='word_1_100' title='bbox 252 1495 485 1535; x_wconf 80' lang='lat' dir='ltr'>magnitudine</span> <span class='ocrx_word' id='word_1_101' title='bbox 517 1496 665 1537; x_wconf 81' lang='lat' dir='ltr'>subjecti</span> <span class='ocrx_word' id='word_1_102' title='bbox 696 1497 839 1528; x_wconf 85' lang='lat' dir='ltr'>obruan-</span> 
     </span>
     <span class='ocr_line' id='line_1_24' title="bbox 134 1545 842 1585; baseline 0.006 -10"><span class='ocrx_word' id='word_1_103' title='bbox 134 1550 202 1584; x_wconf 85' lang='lat' dir='ltr'>tur,</span> <span class='ocrx_word' id='word_1_104' title='bbox 217 1549 252 1576; x_wconf 85' lang='lat' dir='ltr'>et</span> <span class='ocrx_word' id='word_1_105' title='bbox 269 1550 407 1575; x_wconf 84' lang='lat' dir='ltr'>centum</span> <span class='ocrx_word' id='word_1_106' title='bbox 425 1545 566 1585; x_wconf 78' lang='lat' dir='ltr'>linguas,</span> <span class='ocrx_word' id='word_1_107' title='bbox 581 1552 719 1578; x_wconf 86' lang='lat' dir='ltr'>centum</span> <span class='ocrx_word' id='word_1_108' title='bbox 742 1558 842 1579; x_wconf 87' lang='lat' dir='ltr'>voces</span> 
     </span>
     <span class='ocr_line' id='line_1_25' title="bbox 135 1594 840 1638; baseline 0.006 -14"><span class='ocrx_word' id='word_1_109' title='bbox 135 1594 199 1629; x_wconf 84' lang='lat' dir='ltr'>sibi</span> <span class='ocrx_word' id='word_1_110' title='bbox 213 1599 353 1635; x_wconf 88' lang='lat' dir='ltr'>optare:</span> <span class='ocrx_word' id='word_1_111' title='bbox 371 1605 435 1636; x_wconf 86' lang='lat' dir='ltr'>ego</span> <span class='ocrx_word' id='word_1_112' title='bbox 447 1606 527 1626; x_wconf 85' lang='lat' dir='ltr'>vero</span> <span class='ocrx_word' id='word_1_113' title='bbox 540 1597 624 1627; x_wconf 81' lang='lat' dir='ltr'>dete</span> <span class='ocrx_word' id='word_1_114' title='bbox 638 1598 840 1638; x_wconf 84' lang='lat' dir='ltr'>scripturus,</span> 
     </span>
     <span class='ocr_line' id='line_1_26' title="bbox 135 1645 839 1686; baseline 0.004 -11"><span class='ocrx_word' id='word_1_115' title='bbox 135 1645 300 1684; x_wconf 80' lang='lat' dir='ltr'>Cornute,</span> <span class='ocrx_word' id='word_1_116' title='bbox 328 1650 408 1685; x_wconf 82' lang='lat' dir='ltr'>opto</span> <span class='ocrx_word' id='word_1_117' title='bbox 433 1646 571 1686; x_wconf 87' lang='lat' dir='ltr'>quidem</span> <span class='ocrx_word' id='word_1_118' title='bbox 599 1647 678 1677; x_wconf 86' lang='lat' dir='ltr'>mihi</span> <span class='ocrx_word' id='word_1_119' title='bbox 702 1652 839 1678; x_wconf 85' lang='lat' dir='ltr'>centum</span> 
     </span>
     <span class='ocr_line' id='line_1_27' title="bbox 135 1695 516 1735; baseline 0.01 -11"><span class='ocrx_word' id='word_1_120' title='bbox 135 1695 280 1735; x_wconf 86' lang='lat' dir='ltr'>linguas,</span> <span class='ocrx_word' id='word_1_121' title='bbox 294 1698 359 1726; x_wconf 64' lang='lat' dir='ltr'>Sec.</span> <span class='ocrx_word' id='word_1_122' title='bbox 386 1695 516 1728; x_wconf 70' lang='lat' dir='ltr'>Casaub.</span> 
     </span>
    </p>

    <p class='ocr_par' dir='ltr' id='par_1_6' title="bbox 136 1745 842 1883">
     <span class='ocr_line' id='line_1_28' title="bbox 178 1745 842 1786; baseline 0.005 -10"><span class='ocrx_word' id='word_1_123' title='bbox 178 1748 198 1776; x_wconf 85' lang='grc'>2</span> <span class='ocrx_word' id='word_1_124' title='bbox 223 1746 276 1786; x_wconf 82' lang='lat' dir='ltr'>In,</span> <span class='ocrx_word' id='word_1_125' title='bbox 290 1745 356 1785; x_wconf 55' lang='grc' dir='ltr'>ἔγω]</span> <span class='ocrx_word' id='word_1_126' title='bbox 373 1746 526 1777; x_wconf 80' lang='lat' dir='ltr'>Grandia</span> <span class='ocrx_word' id='word_1_127' title='bbox 542 1750 578 1777; x_wconf 88' lang='lat' dir='ltr'>ct</span> <span class='ocrx_word' id='word_1_128' title='bbox 592 1747 747 1778; x_wconf 84' lang='lat' dir='ltr'>sublimia</span> <span class='ocrx_word' id='word_1_129' title='bbox 764 1758 842 1779; x_wconf 89' lang='lat' dir='ltr'>con-</span> 
     </span>
     <span class='ocr_line' id='line_1_29' title="bbox 137 1794 841 1840; baseline 0.007 -16"><span class='ocrx_word' id='word_1_130' title='bbox 137 1794 259 1834; x_wconf 91' lang='lat' dir='ltr'>denda,</span> <span class='ocrx_word' id='word_1_131' title='bbox 275 1795 394 1835; x_wconf 87' lang='lat' dir='ltr'>quibus</span> <span class='ocrx_word' id='word_1_132' title='bbox 411 1796 563 1828; x_wconf 87' lang='lat' dir='ltr'>sublimis</span> <span class='ocrx_word' id='word_1_133' title='bbox 580 1798 725 1828; x_wconf 85' lang='lat' dir='ltr'>materia</span> <span class='ocrx_word' id='word_1_134' title='bbox 738 1798 841 1840; x_wconf 78' lang='lat' dir='ltr'>digne</span> 
     </span>
     <span class='ocr_line' id='line_1_30' title="bbox 136 1844 518 1883; baseline 0.005 -9"><span class='ocrx_word' id='word_1_135' title='bbox 136 1845 359 1883; x_wconf 80' lang='lat' dir='ltr'>exprimatur.</span> <span class='ocrx_word' id='word_1_136' title='bbox 403 1844 518 1876; x_wconf 81' lang='lat' dir='ltr'>Lubin.</span> 
     </span>
    </p>

    <p class='ocr_par' dir='ltr' id='par_1_7' title="bbox 136 1894 844 2426">
     <span class='ocr_line' id='line_1_31' title="bbox 180 1894 840 1936; baseline 0.006 -12"><span class='ocrx_word' id='word_1_137' title='bbox 180 1896 198 1924; x_wconf 88' lang='grc'>3</span> <span class='ocrx_word' id='word_1_138' title='bbox 224 1894 358 1934; x_wconf 81' lang='lat' dir='ltr'>Fabula]</span> <span class='ocrx_word' id='word_1_139' title='bbox 382 1895 423 1925; x_wconf 93' lang='lat' dir='ltr'>Id</span> <span class='ocrx_word' id='word_1_140' title='bbox 445 1899 509 1934; x_wconf 87' lang='lat' dir='ltr'>est,</span> <span class='ocrx_word' id='word_1_141' title='bbox 524 1896 716 1936; x_wconf 77' lang='lat' dir='ltr'>Tragoedia.</span> <span class='ocrx_word' id='word_1_142' title='bbox 761 1897 840 1928; x_wconf 83' lang='lat' dir='ltr'>Sive</span> 
     </span>
     <span class='ocr_line' id='line_1_32' title="bbox 136 1945 841 1986; baseline 0.006 -11"><span class='ocrx_word' id='word_1_143' title='bbox 136 1954 274 1975; x_wconf 84' lang='lat' dir='ltr'>carmen</span> <span class='ocrx_word' id='word_1_144' title='bbox 286 1945 466 1986; x_wconf 82' lang='lat' dir='ltr'>Tragicum</span> <span class='ocrx_word' id='word_1_145' title='bbox 480 1947 551 1977; x_wconf 88' lang='lat' dir='ltr'>sive</span> <span class='ocrx_word' id='word_1_146' title='bbox 565 1946 750 1978; x_wconf 85' lang='lat' dir='ltr'>Heroicum</span> <span class='ocrx_word' id='word_1_147' title='bbox 764 1957 841 1979; x_wconf 91' lang='lat' dir='ltr'>con-</span> 
     </span>
     <span class='ocr_line' id='line_1_33' title="bbox 137 1995 843 2038; baseline 0.007 -13"><span class='ocrx_word' id='word_1_148' title='bbox 137 1995 241 2026; x_wconf 85' lang='lat' dir='ltr'>dituri</span> <span class='ocrx_word' id='word_1_149' title='bbox 268 1996 348 2035; x_wconf 82' lang='lat' dir='ltr'>sint,</span> <span class='ocrx_word' id='word_1_150' title='bbox 374 2002 510 2028; x_wconf 81' lang='lat' dir='ltr'>centum</span> <span class='ocrx_word' id='word_1_151' title='bbox 537 2007 608 2035; x_wconf 79' lang='lat' dir='ltr'>ora,</span> <span class='ocrx_word' id='word_1_152' title='bbox 638 1998 771 2038; x_wconf 83' lang='lat' dir='ltr'>linguas</span> <span class='ocrx_word' id='word_1_153' title='bbox 806 2004 843 2030; x_wconf 91' lang='lat' dir='ltr'>et</span> 
     </span>
     <span class='ocr_line' id='line_1_34' title="bbox 137 2047 841 2090; baseline 0.004 -13"><span class='ocrx_word' id='word_1_154' title='bbox 137 2055 240 2078; x_wconf 80' lang='lat' dir='ltr'>voees</span> <span class='ocrx_word' id='word_1_155' title='bbox 281 2047 344 2078; x_wconf 88' lang='lat' dir='ltr'>sibi</span> <span class='ocrx_word' id='word_1_156' title='bbox 382 2049 667 2088; x_wconf 77' lang='lat' dir='ltr'>expostulant.—</span> <span class='ocrx_word' id='word_1_157' title='bbox 683 2050 841 2090; x_wconf 80' lang='lat' dir='ltr'>Ponatur]</span> 
     </span>
     <span class='ocr_line' id='line_1_35' title="bbox 138 2095 841 2140; baseline 0.007 -15"><span class='ocrx_word' id='word_1_158' title='bbox 138 2095 523 2138; x_wconf 78' lang='lat' dir='ltr'>Scribatur.—Hianda]</span> <span class='ocrx_word' id='word_1_159' title='bbox 560 2099 687 2136; x_wconf 71' lang='lat' dir='ltr'>Magno</span> <span class='ocrx_word' id='word_1_160' title='bbox 718 2099 841 2140; x_wconf 81' lang='lat' dir='ltr'>spiritu</span> 
     </span>
     <span class='ocr_line' id='line_1_36' title="bbox 139 2145 843 2186; baseline 0.007 -11"><span class='ocrx_word' id='word_1_161' title='bbox 139 2149 175 2176; x_wconf 89' lang='lat' dir='ltr'>et</span> <span class='ocrx_word' id='word_1_162' title='bbox 192 2146 312 2185; x_wconf 86' lang='lat' dir='ltr'>grandi</span> <span class='ocrx_word' id='word_1_163' title='bbox 329 2145 424 2176; x_wconf 89' lang='lat' dir='ltr'>hiatu</span> <span class='ocrx_word' id='word_1_164' title='bbox 440 2147 706 2186; x_wconf 76' lang='lat' dir='ltr'>pronuncianda.</span> <span class='ocrx_word' id='word_1_165' title='bbox 754 2149 843 2181; x_wconf 84' lang='lat' dir='ltr'>Quia</span> 
     </span>
     <span class='ocr_line' id='line_1_37' title="bbox 137 2195 844 2239; baseline 0.006 -13"><span class='ocrx_word' id='word_1_166' title='bbox 137 2195 321 2235; x_wconf 81' lang='lat' dir='ltr'>Tragoedia</span> <span class='ocrx_word' id='word_1_167' title='bbox 351 2201 486 2227; x_wconf 79' lang='lat' dir='ltr'>constat</span> <span class='ocrx_word' id='word_1_168' title='bbox 513 2198 676 2238; x_wconf 81' lang='lat' dir='ltr'>altiloquo</span> <span class='ocrx_word' id='word_1_169' title='bbox 698 2199 844 2239; x_wconf 64' lang='lat' dir='ltr'>stylo.—</span> 
     </span>
     <span class='ocr_line' id='line_1_38' title="bbox 139 2245 844 2289; baseline 0.006 -14"><span class='ocrx_word' id='word_1_170' title='bbox 139 2245 269 2285; x_wconf 69' lang='lat' dir='ltr'>Moesta]</span> <span class='ocrx_word' id='word_1_171' title='bbox 293 2245 344 2275; x_wconf 71' lang='lat' dir='ltr'>Ad</span> <span class='ocrx_word' id='word_1_172' title='bbox 362 2251 517 2276; x_wconf 87' lang='lat' dir='ltr'>naturam</span> <span class='ocrx_word' id='word_1_173' title='bbox 534 2248 722 2286; x_wconf 80' lang='lat' dir='ltr'>Tragoediae</span> <span class='ocrx_word' id='word_1_174' title='bbox 740 2250 844 2289; x_wconf 84' lang='lat' dir='ltr'>respi-</span> 
     </span>
     <span class='ocr_line' id='line_1_39' title="bbox 139 2295 843 2338; baseline 0.007 -14"><span class='ocrx_word' id='word_1_175' title='bbox 139 2295 198 2334; x_wconf 89' lang='lat' dir='ltr'>cit,</span> <span class='ocrx_word' id='word_1_176' title='bbox 226 2296 322 2336; x_wconf 88' lang='lat' dir='ltr'>cujus</span> <span class='ocrx_word' id='word_1_177' title='bbox 351 2306 425 2326; x_wconf 83' lang='lat' dir='ltr'>cum</span> <span class='ocrx_word' id='word_1_178' title='bbox 452 2296 626 2327; x_wconf 82' lang='lat' dir='ltr'>luctuosus</span> <span class='ocrx_word' id='word_1_179' title='bbox 651 2298 696 2329; x_wconf 88' lang='lat' dir='ltr'>sit</span> <span class='ocrx_word' id='word_1_180' title='bbox 719 2300 843 2338; x_wconf 58' lang='lat' dir='ltr'>exitus,</span> 
     </span>
     <span class='ocr_line' id='line_1_40' title="bbox 138 2345 842 2386; baseline 0.009 -12"><span class='ocrx_word' id='word_1_181' title='bbox 138 2345 326 2386; x_wconf 77' lang='lat' dir='ltr'>Tragoedus</span> <span class='ocrx_word' id='word_1_182' title='bbox 354 2356 488 2386; x_wconf 84' lang='lat' dir='ltr'>quoquc</span> <span class='ocrx_word' id='word_1_183' title='bbox 514 2352 651 2378; x_wconf 77' lang='lat' dir='ltr'>moestus</span> <span class='ocrx_word' id='word_1_184' title='bbox 675 2358 715 2379; x_wconf 85' lang='lat' dir='ltr'>ac</span> <span class='ocrx_word' id='word_1_185' title='bbox 736 2349 842 2380; x_wconf 82' lang='lat' dir='ltr'>tristis</span> 
     </span>
     <span class='ocr_line' id='line_1_41' title="bbox 139 2394 483 2426; baseline 0.006 -2"><span class='ocrx_word' id='word_1_186' title='bbox 139 2394 322 2425; x_wconf 74' lang='lat' dir='ltr'>inducitur.</span> <span class='ocrx_word' id='word_1_187' title='bbox 372 2396 483 2426; x_wconf 76' lang='lat' dir='ltr'>Lubin.</span> 
     </span>
    </p>

    <p class='ocr_par' dir='ltr' id='par_1_8' title="bbox 141 2444 844 2739">
     <span class='ocr_line' id='line_1_42' title="bbox 183 2444 843 2488; baseline 0.005 -14"><span class='ocrx_word' id='word_1_188' title='bbox 183 2447 203 2474; x_wconf 82' lang='grc'>4</span> <span class='ocrx_word' id='word_1_189' title='bbox 235 2444 378 2484; x_wconf 74' lang='lat' dir='ltr'>Vulnera]</span> <span class='ocrx_word' id='word_1_190' title='bbox 403 2446 489 2477; x_wconf 75' lang='lat' dir='ltr'>Quae</span> <span class='ocrx_word' id='word_1_191' title='bbox 516 2450 574 2475; x_wconf 81' lang='lat' dir='ltr'>aut</span> <span class='ocrx_word' id='word_1_192' title='bbox 601 2446 672 2486; x_wconf 88' lang='lat' dir='ltr'>ipse</span> <span class='ocrx_word' id='word_1_193' title='bbox 697 2447 843 2488; x_wconf 77' lang='lat' dir='ltr'>acecpit,</span> 
     </span>
     <span class='ocr_line' id='line_1_43' title="bbox 142 2495 844 2534; baseline 0.006 -10"><span class='ocrx_word' id='word_1_194' title='bbox 142 2498 200 2525; x_wconf 87' lang='lat' dir='ltr'>aut</span> <span class='ocrx_word' id='word_1_195' title='bbox 216 2495 289 2525; x_wconf 82' lang='lat' dir='ltr'>aliis</span> <span class='ocrx_word' id='word_1_196' title='bbox 310 2495 435 2526; x_wconf 75' lang='lat' dir='ltr'>intulit.</span> <span class='ocrx_word' id='word_1_197' title='bbox 485 2495 562 2534; x_wconf 85' lang='lat' dir='ltr'>Vel,</span> <span class='ocrx_word' id='word_1_198' title='bbox 586 2503 730 2527; x_wconf 74' lang='lat' dir='ltr'>cruenta</span> <span class='ocrx_word' id='word_1_199' title='bbox 757 2497 844 2529; x_wconf 81' lang='lat' dir='ltr'>belia</span> 
     </span>
     <span class='ocr_line' id='line_1_44' title="bbox 141 2546 843 2586; baseline 0.004 -11"><span class='ocrx_word' id='word_1_200' title='bbox 141 2554 217 2575; x_wconf 88' lang='lat' dir='ltr'>cum</span> <span class='ocrx_word' id='word_1_201' title='bbox 233 2546 380 2585; x_wconf 73' lang='lat' dir='ltr'>Parthis,</span> <span class='ocrx_word' id='word_1_202' title='bbox 397 2547 454 2586; x_wconf 87' lang='lat' dir='ltr'>qui</span> <span class='ocrx_word' id='word_1_203' title='bbox 483 2546 587 2577; x_wconf 84' lang='lat' dir='ltr'>etiam</span> <span class='ocrx_word' id='word_1_204' title='bbox 616 2546 751 2578; x_wconf 85' lang='lat' dir='ltr'>letifera</span> <span class='ocrx_word' id='word_1_205' title='bbox 773 2549 843 2579; x_wconf 87' lang='lat' dir='ltr'>tela</span> 
     </span>
     <span class='ocr_line' id='line_1_45' title="bbox 142 2593 840 2641; baseline 0.009 -18"><span class='ocrx_word' id='word_1_206' title='bbox 142 2593 185 2624; x_wconf 91' lang='lat' dir='ltr'>ab</span> <span class='ocrx_word' id='word_1_207' title='bbox 208 2594 343 2634; x_wconf 87' lang='lat' dir='ltr'>inguine</span> <span class='ocrx_word' id='word_1_208' title='bbox 371 2596 532 2641; x_wconf 72' lang='lat' dir='ltr'>educunt,</span> <span class='ocrx_word' id='word_1_209' title='bbox 557 2602 591 2627; x_wconf 78' lang='lat' dir='ltr'>ct</span> <span class='ocrx_word' id='word_1_210' title='bbox 617 2596 787 2636; x_wconf 82' lang='lat' dir='ltr'>fugientes</span> <span class='ocrx_word' id='word_1_211' title='bbox 807 2599 840 2629; x_wconf 90' lang='lat' dir='ltr'>in</span> 
     </span>
     <span class='ocr_line' id='line_1_46' title="bbox 141 2643 842 2687; baseline 0.01 -14"><span class='ocrx_word' id='word_1_212' title='bbox 141 2643 273 2673; x_wconf 82' lang='lat' dir='ltr'>hostem</span> <span class='ocrx_word' id='word_1_213' title='bbox 289 2648 498 2685; x_wconf 81' lang='lat' dir='ltr'>retorquent.</span> <span class='ocrx_word' id='word_1_214' title='bbox 531 2647 596 2677; x_wconf 76' lang='lat' dir='ltr'>Vel</span> <span class='ocrx_word' id='word_1_215' title='bbox 619 2647 764 2687; x_wconf 81' lang='lat' dir='ltr'>Vulnera,</span> <span class='ocrx_word' id='word_1_216' title='bbox 780 2657 842 2687; x_wconf 83' lang='lat' dir='ltr'>pro</span> 
     </span>
     <span class='ocr_line' id='line_1_47' title="bbox 142 2692 844 2739; baseline 0.009 -16"><span class='ocrx_word' id='word_1_217' title='bbox 142 2693 253 2734; x_wconf 90' lang='lat' dir='ltr'>Bello,</span> <span class='ocrx_word' id='word_1_218' title='bbox 281 2692 314 2723; x_wconf 90' lang='lat' dir='ltr'>in</span> <span class='ocrx_word' id='word_1_219' title='bbox 341 2703 406 2735; x_wconf 90' lang='lat' dir='ltr'>quo</span> <span class='ocrx_word' id='word_1_220' title='bbox 445 2696 587 2728; x_wconf 81' lang='lat' dir='ltr'>vulnera</span> <span class='ocrx_word' id='word_1_221' title='bbox 615 2695 844 2739; x_wconf 81' lang='lat' dir='ltr'>fliguntur.--</span> 
     </span>
    </p>
   </div>
   <div class='ocr_carea' id='block_1_6' title="bbox 890 640 1605 2732">
    <p class='ocr_par' dir='ltr' id='par_1_9' title="bbox 890 640 1603 981">
     <span class='ocr_line' id='line_1_48' title="bbox 890 640 1603 683; baseline 0.004 -12"><span class='ocrx_word' id='word_1_222' title='bbox 890 640 1021 681; x_wconf 78' lang='lat' dir='ltr'>Parthi]</span> <span class='ocrx_word' id='word_1_223' title='bbox 1055 641 1270 672; x_wconf 81' lang='lat' dir='ltr'>Ferocissimi</span> <span class='ocrx_word' id='word_1_224' title='bbox 1302 640 1335 671; x_wconf 89' lang='lat' dir='ltr'>in</span> <span class='ocrx_word' id='word_1_225' title='bbox 1367 642 1514 674; x_wconf 82' lang='lat' dir='ltr'>Oriente</span> <span class='ocrx_word' id='word_1_226' title='bbox 1539 652 1603 683; x_wconf 77' lang='lat' dir='ltr'>po·¹</span> 
     </span>
     <span class='ocr_line' id='line_1_49' title="bbox 891 691 1596 733; baseline 0.004 -13"><span class='ocrx_word' id='word_1_227' title='bbox 891 691 959 730; x_wconf 88' lang='lat' dir='ltr'>puli</span> <span class='ocrx_word' id='word_1_228' title='bbox 986 701 1005 721; x_wconf 91' lang='lat' dir='ltr'>a</span> <span class='ocrx_word' id='word_1_229' title='bbox 1036 691 1172 732; x_wconf 88' lang='lat' dir='ltr'>Scythis</span> <span class='ocrx_word' id='word_1_230' title='bbox 1199 691 1347 730; x_wconf 88' lang='lat' dir='ltr'>oriundi,</span> <span class='ocrx_word' id='word_1_231' title='bbox 1372 691 1414 722; x_wconf 86' lang='lat' dir='ltr'>ab</span> <span class='ocrx_word' id='word_1_232' title='bbox 1438 691 1596 733; x_wconf 81' lang='lat' dir='ltr'>Augusto</span> 
     </span>
     <span class='ocr_line' id='line_1_50' title="bbox 891 740 1599 782; baseline 0.003 -11"><span class='ocrx_word' id='word_1_233' title='bbox 891 740 1025 772; x_wconf 81' lang='lat' dir='ltr'>demum</span> <span class='ocrx_word' id='word_1_234' title='bbox 1054 741 1194 773; x_wconf 86' lang='lat' dir='ltr'>devicti.</span> <span class='ocrx_word' id='word_1_235' title='bbox 1255 741 1295 772; x_wconf 92' lang='lat' dir='ltr'>In</span> <span class='ocrx_word' id='word_1_236' title='bbox 1325 752 1389 782; x_wconf 93' lang='lat' dir='ltr'>quo</span> <span class='ocrx_word' id='word_1_237' title='bbox 1421 742 1510 774; x_wconf 84' lang='lat' dir='ltr'>bello</span> <span class='ocrx_word' id='word_1_238' title='bbox 1542 743 1599 773; x_wconf 91' lang='lat' dir='ltr'>de-</span> 
     </span>
     <span class='ocr_line' id='line_1_51' title="bbox 891 791 1596 832; baseline 0 -10"><span class='ocrx_word' id='word_1_239' title='bbox 891 792 1073 823; x_wconf 69' lang='lat' dir='ltr'>scribendo</span> <span class='ocrx_word' id='word_1_240' title='bbox 1100 793 1196 822; x_wconf 82' lang='lat' dir='ltr'>multi</span> <span class='ocrx_word' id='word_1_241' title='bbox 1217 791 1452 832; x_wconf 85' lang='lat' dir='ltr'>proculdubio</span> <span class='ocrx_word' id='word_1_242' title='bbox 1469 792 1596 824; x_wconf 89' lang='lat' dir='ltr'>intenti</span> 
     </span>
     <span class='ocr_line' id='line_1_52' title="bbox 891 841 1601 882; baseline 0.001 -10"><span class='ocrx_word' id='word_1_243' title='bbox 891 841 1215 882; x_wconf 55' lang='lat' dir='ltr'>fuera—Ducentis]</span> <span class='ocrx_word' id='word_1_244' title='bbox 1238 842 1279 872; x_wconf 89' lang='lat' dir='ltr'>Id</span> <span class='ocrx_word' id='word_1_245' title='bbox 1297 846 1360 881; x_wconf 82' lang='lat' dir='ltr'>est,</span> <span class='ocrx_word' id='word_1_246' title='bbox 1375 843 1601 874; x_wconf 78' lang='lat' dir='ltr'>Extrahentis</span> 
     </span>
     <span class='ocr_line' id='line_1_53' title="bbox 893 891 1596 933; baseline 0.004 -12"><span class='ocrx_word' id='word_1_247' title='bbox 893 891 934 922; x_wconf 90' lang='lat' dir='ltr'>ab</span> <span class='ocrx_word' id='word_1_248' title='bbox 961 891 1098 932; x_wconf 87' lang='lat' dir='ltr'>inguine</span> <span class='ocrx_word' id='word_1_249' title='bbox 1126 892 1495 933; x_wconf 59' lang='lat' dir='ltr'>percussa—Ferrum]</span> <span class='ocrx_word' id='word_1_250' title='bbox 1525 893 1596 924; x_wconf 88' lang='lat' dir='ltr'>Pro</span> 
     </span>
     <span class='ocr_line' id='line_1_54' title="bbox 893 941 1174 981; baseline 0.007 -10"><span class='ocrx_word' id='word_1_251' title='bbox 893 941 1027 981; x_wconf 80' lang='lat' dir='ltr'>sagittis</span> <span class='ocrx_word' id='word_1_252' title='bbox 1045 941 1174 973; x_wconf 84' lang='lat' dir='ltr'>ferreis.</span> 
     </span>
    </p>

    <p class='ocr_par' dir='ltr' id='par_1_10' title="bbox 891 993 1605 1676">
     <span class='ocr_line' id='line_1_55' title="bbox 934 993 1601 1034; baseline 0.004 -12"><span class='ocrx_word' id='word_1_253' title='bbox 934 996 952 1022; x_wconf 86' lang='lat'>5</span> <span class='ocrx_word' id='word_1_254' title='bbox 974 993 1138 1031; x_wconf 80' lang='lat' dir='ltr'>Quorsum,</span> <span class='ocrx_word' id='word_1_255' title='bbox 1155 993 1224 1034; x_wconf 62' lang='lat' dir='ltr'>Sym]</span> <span class='ocrx_word' id='word_1_256' title='bbox 1242 993 1389 1024; x_wconf 81' lang='lat' dir='ltr'>Miratur</span> <span class='ocrx_word' id='word_1_257' title='bbox 1407 994 1498 1025; x_wconf 87' lang='lat' dir='ltr'>enim</span> <span class='ocrx_word' id='word_1_258' title='bbox 1517 995 1601 1025; x_wconf 83' lang='lat' dir='ltr'>Cor·</span> 
     </span>
     <span class='ocr_line' id='line_1_56' title="bbox 892 1044 1601 1085; baseline 0.003 -12"><span class='ocrx_word' id='word_1_259' title='bbox 892 1047 1004 1083; x_wconf 89' lang='lat' dir='ltr'>nutus,</span> <span class='ocrx_word' id='word_1_260' title='bbox 1020 1053 1095 1074; x_wconf 89' lang='lat' dir='ltr'>cum</span> <span class='ocrx_word' id='word_1_261' title='bbox 1121 1044 1279 1075; x_wconf 87' lang='lat' dir='ltr'>humilem</span> <span class='ocrx_word' id='word_1_262' title='bbox 1295 1048 1427 1075; x_wconf 77' lang='lat' dir='ltr'>tantum</span> <span class='ocrx_word' id='word_1_263' title='bbox 1442 1046 1601 1085; x_wconf 79' lang='lat' dir='ltr'>Satyram</span> 
     </span>
     <span class='ocr_line' id='line_1_57' title="bbox 892 1096 1600 1138; baseline 0.004 -12"><span class='ocrx_word' id='word_1_264' title='bbox 892 1096 1030 1127; x_wconf 81' lang='lat' dir='ltr'>Persius</span> <span class='ocrx_word' id='word_1_265' title='bbox 1071 1097 1277 1137; x_wconf 86' lang='lat' dir='ltr'>conscribat,</span> <span class='ocrx_word' id='word_1_266' title='bbox 1306 1097 1397 1138; x_wconf 91' lang='lat' dir='ltr'>quod</span> <span class='ocrx_word' id='word_1_267' title='bbox 1437 1102 1600 1138; x_wconf 86' lang='lat' dir='ltr'>tanquam</span> 
     </span>
     <span class='ocr_line' id='line_1_58' title="bbox 892 1145 1602 1189; baseline 0.007 -14"><span class='ocrx_word' id='word_1_268' title='bbox 892 1145 1003 1184; x_wconf 85' lang='lat' dir='ltr'>Epica</span> <span class='ocrx_word' id='word_1_269' title='bbox 1020 1151 1054 1177; x_wconf 86' lang='lat' dir='ltr'>et</span> <span class='ocrx_word' id='word_1_270' title='bbox 1069 1147 1219 1188; x_wconf 84' lang='lat' dir='ltr'>Tragica</span> <span class='ocrx_word' id='word_1_271' title='bbox 1235 1152 1458 1189; x_wconf 78' lang='lat' dir='ltr'>tractaturus,</span> <span class='ocrx_word' id='word_1_272' title='bbox 1475 1152 1526 1180; x_wconf 89' lang='lat' dir='ltr'>tot</span> <span class='ocrx_word' id='word_1_273' title='bbox 1541 1158 1602 1180; x_wconf 88' lang='lat' dir='ltr'>ora</span> 
     </span>
     <span class='ocr_line' id='line_1_59' title="bbox 892 1195 1601 1238; baseline 0.006 -13"><span class='ocrx_word' id='word_1_274' title='bbox 892 1200 928 1225; x_wconf 89' lang='lat' dir='ltr'>et</span> <span class='ocrx_word' id='word_1_275' title='bbox 957 1195 1090 1235; x_wconf 86' lang='lat' dir='ltr'>linguas</span> <span class='ocrx_word' id='word_1_276' title='bbox 1119 1196 1183 1227; x_wconf 85' lang='lat' dir='ltr'>sibi</span> <span class='ocrx_word' id='word_1_277' title='bbox 1215 1198 1601 1238; x_wconf 53' lang='lat' dir='ltr'>exoptem-«Quorsum</span> 
     </span>
     <span class='ocr_line' id='line_1_60' title="bbox 891 1245 1599 1288; baseline 0.007 -13"><span class='ocrx_word' id='word_1_278' title='bbox 891 1245 970 1285; x_wconf 77' lang='lat' dir='ltr'>hcec]</span> <span class='ocrx_word' id='word_1_279' title='bbox 993 1246 1170 1277; x_wconf 77' lang='lat' dir='ltr'>Su‘baudi:</span> <span class='ocrx_word' id='word_1_280' title='bbox 1197 1247 1506 1287; x_wconf 54' lang='lat' dir='ltr'>Dicis—Quantas,</span> <span class='ocrx_word' id='word_1_281' title='bbox 1529 1247 1599 1288; x_wconf 59' lang='lat' dir='ltr'>fisa]</span> 
     </span>
     <span class='ocr_line' id='line_1_61' title="bbox 894 1295 1601 1339; baseline 0.004 -13"><span class='ocrx_word' id='word_1_282' title='bbox 894 1295 935 1326; x_wconf 91' lang='lat' dir='ltr'>Id</span> <span class='ocrx_word' id='word_1_283' title='bbox 964 1300 1028 1336; x_wconf 90' lang='lat' dir='ltr'>est,</span> <span class='ocrx_word' id='word_1_284' title='bbox 1052 1297 1227 1337; x_wconf 85' lang='lat' dir='ltr'>Tumores,</span> <span class='ocrx_word' id='word_1_285' title='bbox 1260 1298 1390 1337; x_wconf 81' lang='lat' dir='ltr'>globos,</span> <span class='ocrx_word' id='word_1_286' title='bbox 1420 1298 1601 1339; x_wconf 82' lang='lat' dir='ltr'>ampullas.</span> 
     </span>
     <span class='ocr_line' id='line_1_62' title="bbox 893 1346 1603 1388; baseline 0.003 -12"><span class='ocrx_word' id='word_1_287' title='bbox 893 1346 1033 1377; x_wconf 83' lang='lat' dir='ltr'>Dicitur</span> <span class='ocrx_word' id='word_1_288' title='bbox 1068 1346 1103 1377; x_wconf 91' lang='lat' dir='ltr'>in</span> <span class='ocrx_word' id='word_1_289' title='bbox 1143 1347 1431 1388; x_wconf 79' lang='lat' dir='ltr'>vituperationem</span> <span class='ocrx_word' id='word_1_290' title='bbox 1473 1347 1603 1388; x_wconf 84' lang='lat' dir='ltr'>operis,</span> 
     </span>
     <span class='ocr_line' id='line_1_63' title="bbox 894 1394 1602 1438; baseline 0.008 -15"><span class='ocrx_word' id='word_1_291' title='bbox 894 1394 983 1434; x_wconf 90' lang='lat' dir='ltr'>quod</span> <span class='ocrx_word' id='word_1_292' title='bbox 1015 1395 1154 1427; x_wconf 89' lang='lat' dir='ltr'>nimium</span> <span class='ocrx_word' id='word_1_293' title='bbox 1182 1401 1371 1438; x_wconf 81' lang='lat' dir='ltr'>turgescat,</span> <span class='ocrx_word' id='word_1_294' title='bbox 1397 1401 1434 1429; x_wconf 89' lang='lat' dir='ltr'>et</span> <span class='ocrx_word' id='word_1_295' title='bbox 1458 1402 1602 1429; x_wconf 77' lang='lat' dir='ltr'>tumeat.</span> 
     </span>
     <span class='ocr_line' id='line_1_64' title="bbox 895 1443 1603 1487; baseline 0.006 -13"><span class='ocrx_word' id='word_1_296' title='bbox 895 1443 1071 1484; x_wconf 82' lang='lat' dir='ltr'>Quidquid</span> <span class='ocrx_word' id='word_1_297' title='bbox 1089 1446 1176 1476; x_wconf 67' lang='lat' dir='ltr'>enim</span> <span class='ocrx_word' id='word_1_298' title='bbox 1201 1446 1410 1486; x_wconf 87' lang='lat' dir='ltr'>intumescit,</span> <span class='ocrx_word' id='word_1_299' title='bbox 1431 1447 1496 1487; x_wconf 76' lang='lat' dir='ltr'>⁰ffi¹</span> <span class='ocrx_word' id='word_1_300' title='bbox 1519 1447 1603 1478; x_wconf 85' lang='lat' dir='ltr'>dici·</span> 
     </span>
     <span class='ocr_line' id='line_1_65' title="bbox 895 1493 1602 1536; baseline 0.008 -14"><span class='ocrx_word' id='word_1_301' title='bbox 895 1496 962 1523; x_wconf 76' lang='lat' dir='ltr'>tur.</span> <span class='ocrx_word' id='word_1_302' title='bbox 992 1493 1245 1536; x_wconf 78' lang='lat' dir='ltr'>Lubin.-—Offa,</span> <span class='ocrx_word' id='word_1_303' title='bbox 1273 1495 1343 1535; x_wconf 50' lang='lat' dir='ltr'>tna]</span> <span class='ocrx_word' id='word_1_304' title='bbox 1378 1497 1440 1527; x_wconf 83' lang='lat' dir='ltr'>Est</span> <span class='ocrx_word' id='word_1_305' title='bbox 1464 1506 1602 1528; x_wconf 82' lang='lat' dir='ltr'>carmen</span> 
     </span>
     <span class='ocr_line' id='line_1_66' title="bbox 897 1542 1602 1587; baseline 0.006 -14"><span class='ocrx_word' id='word_1_306' title='bbox 897 1551 963 1573; x_wconf 90' lang='lat' dir='ltr'>non</span> <span class='ocrx_word' id='word_1_307' title='bbox 980 1542 1179 1584; x_wconf 86' lang='lat' dir='ltr'>deductum,</span> <span class='ocrx_word' id='word_1_308' title='bbox 1204 1548 1240 1576; x_wconf 88' lang='lat' dir='ltr'>et</span> <span class='ocrx_word' id='word_1_309' title='bbox 1263 1555 1377 1576; x_wconf 77' lang='lat' dir='ltr'>crasso</span> <span class='ocrx_word' id='word_1_310' title='bbox 1393 1545 1450 1576; x_wconf 86' lang='lat' dir='ltr'>filo</span> <span class='ocrx_word' id='word_1_311' title='bbox 1467 1555 1602 1587; x_wconf 82' lang='lat' dir='ltr'>compo-</span> 
     </span>
     <span class='ocr_line' id='line_1_67' title="bbox 895 1593 1605 1638; baseline 0.007 -16"><span class='ocrx_word' id='word_1_312' title='bbox 895 1593 1008 1631; x_wconf 80' lang='lat' dir='ltr'>situm,</span> <span class='ocrx_word' id='word_1_313' title='bbox 1034 1594 1269 1635; x_wconf 79' lang='lat' dir='ltr'>ampullatum,</span> <span class='ocrx_word' id='word_1_314' title='bbox 1297 1595 1469 1636; x_wconf 83' lang='lat' dir='ltr'>turgidum</span> <span class='ocrx_word' id='word_1_315' title='bbox 1497 1600 1605 1638; x_wconf 85' lang='lat' dir='ltr'>atque.</span> 
     </span>
     <span class='ocr_line' id='line_1_68' title="bbox 894 1641 1334 1676; baseline 0.007 -4"><span class='ocrx_word' id='word_1_316' title='bbox 894 1641 1152 1675; x_wconf 81' lang='lat' dir='ltr'>inelaboratum.</span> <span class='ocrx_word' id='word_1_317' title='bbox 1201 1645 1334 1676; x_wconf 79' lang='lat' dir='ltr'>casaub.</span> 
     </span>
    </p>

    <p class='ocr_par' dir='ltr' id='par_1_11' title="bbox 894 1692 1604 1978">
     <span class='ocr_line' id='line_1_69' title="bbox 937 1692 1604 1737; baseline 0.009 -15"><span class='ocrx_word' id='word_1_318' title='bbox 937 1695 958 1722; x_wconf 84' lang='lat'>6</span> <span class='ocrx_word' id='word_1_319' title='bbox 982 1692 1273 1734; x_wconf 54' lang='lat' dir='ltr'>Inger-iq-Infers,</span> <span class='ocrx_word' id='word_1_320' title='bbox 1299 1704 1412 1735; x_wconf 88' lang='lat' dir='ltr'>paras,</span> <span class='ocrx_word' id='word_1_321' title='bbox 1426 1705 1604 1737; x_wconf 75' lang='lat' dir='ltr'>aggregas.</span> 
     </span>
     <span class='ocr_line' id='line_1_70' title="bbox 894 1743 1603 1785; baseline 0.008 -13"><span class='ocrx_word' id='word_1_322' title='bbox 894 1743 1000 1782; x_wconf 85' lang='lat' dir='ltr'>—Ut,</span> <span class='ocrx_word' id='word_1_323' title='bbox 1023 1744 1092 1784; x_wconf 57' lang='lat' dir='ltr'>esca]</span> <span class='ocrx_word' id='word_1_324' title='bbox 1130 1745 1178 1775; x_wconf 88' lang='lat' dir='ltr'>Ut</span> <span class='ocrx_word' id='word_1_325' title='bbox 1205 1755 1350 1785; x_wconf 81' lang='lat' dir='ltr'>aequum,</span> <span class='ocrx_word' id='word_1_326' title='bbox 1379 1752 1414 1777; x_wconf 87' lang='lat' dir='ltr'>ct</span> <span class='ocrx_word' id='word_1_327' title='bbox 1443 1756 1603 1778; x_wconf 88' lang='lat' dir='ltr'>necessa-</span> 
     </span>
     <span class='ocr_line' id='line_1_71' title="bbox 894 1793 1603 1836; baseline 0.008 -14"><span class='ocrx_word' id='word_1_328' title='bbox 894 1793 980 1823; x_wconf 86' lang='lat' dir='ltr'>rium</span> <span class='ocrx_word' id='word_1_329' title='bbox 1008 1793 1053 1824; x_wconf 90' lang='lat' dir='ltr'>sit</span> <span class='ocrx_word' id='word_1_330' title='bbox 1084 1798 1118 1824; x_wconf 89' lang='lat' dir='ltr'>te</span> <span class='ocrx_word' id='word_1_331' title='bbox 1149 1799 1286 1826; x_wconf 87' lang='lat' dir='ltr'>centum</span> <span class='ocrx_word' id='word_1_332' title='bbox 1311 1796 1446 1836; x_wconf 87' lang='lat' dir='ltr'>linguis,</span> <span class='ocrx_word' id='word_1_333' title='bbox 1475 1796 1603 1836; x_wconf 88' lang='lat' dir='ltr'>oribus,</span> 
     </span>
     <span class='ocr_line' id='line_1_72' title="bbox 894 1842 1604 1885; baseline 0.008 -13"><span class='ocrx_word' id='word_1_334' title='bbox 894 1842 1035 1873; x_wconf 68' lang='lat' dir='ltr'>vocibus</span> <span class='ocrx_word' id='word_1_335' title='bbox 1048 1843 1124 1881; x_wconf 86' lang='lat' dir='ltr'>niti,</span> <span class='ocrx_word' id='word_1_336' title='bbox 1137 1848 1173 1874; x_wconf 82' lang='lat' dir='ltr'>et</span> <span class='ocrx_word' id='word_1_337' title='bbox 1187 1845 1354 1884; x_wconf 87' lang='lat' dir='ltr'>adjuvari.</span> <span class='ocrx_word' id='word_1_338' title='bbox 1377 1846 1493 1878; x_wconf 72' lang='lat' dir='ltr'>Lubin.</span> <span class='ocrx_word' id='word_1_339' title='bbox 1510 1848 1604 1885; x_wconf 71' lang='lat' dir='ltr'>¹Qui-</span> 
     </span>
     <span class='ocr_line' id='line_1_73' title="bbox 895 1894 1603 1940; baseline 0.008 -15"><span class='ocrx_word' id='word_1_340' title='bbox 895 1894 972 1925; x_wconf 80' lang='lat' dir='ltr'>uam</span> <span class='ocrx_word' id='word_1_341' title='bbox 987 1895 1129 1934; x_wconf 81' lang='lat' dir='ltr'>gurgite.</span> <span class='ocrx_word' id='word_1_342' title='bbox 1175 1896 1262 1936; x_wconf 76' lang='lat' dir='ltr'>Nili,</span> <span class='ocrx_word' id='word_1_343' title='bbox 1279 1907 1339 1937; x_wconf 88' lang='lat' dir='ltr'>pro</span> <span class='ocrx_word' id='word_1_344' title='bbox 1366 1898 1518 1940; x_wconf 88' lang='lat' dir='ltr'>Habere,</span> <span class='ocrx_word' id='word_1_345' title='bbox 1538 1898 1603 1930; x_wconf 82' lang='lat' dir='ltr'>ful-</span> 
     </span>
     <span class='ocr_line' id='line_1_74' title="bbox 896 1947 1252 1978; baseline 0.008 -4"><span class='ocrx_word' id='word_1_346' title='bbox 896 1948 968 1975; x_wconf 88' lang='lat' dir='ltr'>tum</span> <span class='ocrx_word' id='word_1_347' title='bbox 986 1955 1070 1976; x_wconf 83' lang='lat' dir='ltr'>esse.</span> <span class='ocrx_word' id='word_1_348' title='bbox 1120 1947 1252 1978; x_wconf 70' lang='lat' dir='ltr'>Casaub.</span> 
     </span>
    </p>

    <p class='ocr_par' dir='ltr' id='par_1_12' title="bbox 896 1996 1605 2477">
     <span class='ocr_line' id='line_1_75' title="bbox 940 1996 1605 2038; baseline 0.006 -12"><span class='ocrx_word' id='word_1_349' title='bbox 940 1998 958 2026; x_wconf 86' lang='grc'><strong>7</strong></span> <span class='ocrx_word' id='word_1_350' title='bbox 983 1996 1124 2035; x_wconf 78' lang='lat' dir='ltr'>Grande,</span> <span class='ocrx_word' id='word_1_351' title='bbox 1139 1997 1209 2036; x_wconf 60' lang='lat' dir='ltr'>lisa]</span> <span class='ocrx_word' id='word_1_352' title='bbox 1231 1997 1434 2038; x_wconf 81' lang='lat' dir='ltr'>Quicunque</span> <span class='ocrx_word' id='word_1_353' title='bbox 1462 1997 1605 2038; x_wconf 80' lang='lat' dir='ltr'>grande,</span> 
     </span>
     <span class='ocr_line' id='line_1_76' title="bbox 898 2046 1604 2090; baseline 0.007 -15"><span class='ocrx_word' id='word_1_354' title='bbox 898 2046 1074 2085; x_wconf 83' lang='lat' dir='ltr'>tumidum,</span> <span class='ocrx_word' id='word_1_355' title='bbox 1100 2051 1135 2076; x_wconf 87' lang='lat' dir='ltr'>ct</span> <span class='ocrx_word' id='word_1_356' title='bbox 1165 2046 1317 2077; x_wconf 82' lang='lat' dir='ltr'>inflatum</span> <span class='ocrx_word' id='word_1_357' title='bbox 1347 2047 1466 2087; x_wconf 78' lang='lat' dir='ltr'>po&#39;e&#39;ma</span> <span class='ocrx_word' id='word_1_358' title='bbox 1488 2049 1604 2090; x_wconf 87' lang='lat' dir='ltr'>Tragi-</span> 
     </span>
     <span class='ocr_line' id='line_1_77' title="bbox 897 2096 1603 2139; baseline 0.006 -14"><span class='ocrx_word' id='word_1_359' title='bbox 897 2106 986 2134; x_wconf 91' lang='lat' dir='ltr'>cum,</span> <span class='ocrx_word' id='word_1_360' title='bbox 1005 2101 1038 2126; x_wconf 88' lang='lat' dir='ltr'>ut</span> <span class='ocrx_word' id='word_1_361' title='bbox 1062 2096 1213 2126; x_wconf 80' lang='lat' dir='ltr'>Procnes</span> <span class='ocrx_word' id='word_1_362' title='bbox 1229 2101 1263 2126; x_wconf 87' lang='lat' dir='ltr'>et</span> <span class='ocrx_word' id='word_1_363' title='bbox 1279 2097 1441 2137; x_wconf 82' lang='lat' dir='ltr'>&#39;l‘hyestae</span> <span class='ocrx_word' id='word_1_364' title='bbox 1459 2107 1603 2139; x_wconf 83' lang='lat' dir='ltr'>coenam,</span> 
     </span>
     <span class='ocr_line' id='line_1_78' title="bbox 898 2145 1601 2188; baseline 0.004 -13"><span class='ocrx_word' id='word_1_365' title='bbox 898 2151 957 2176; x_wconf 82' lang='lat' dir='ltr'>aut</span> <span class='ocrx_word' id='word_1_366' title='bbox 989 2145 1134 2185; x_wconf 86' lang='lat' dir='ltr'>Epicmn</span> <span class='ocrx_word' id='word_1_367' title='bbox 1170 2146 1317 2176; x_wconf 89' lang='lat' dir='ltr'>locuturi</span> <span class='ocrx_word' id='word_1_368' title='bbox 1348 2151 1407 2177; x_wconf 88' lang='lat' dir='ltr'>aut</span> <span class='ocrx_word' id='word_1_369' title='bbox 1438 2147 1601 2188; x_wconf 88' lang='lat' dir='ltr'>scripturi</span> 
     </span>
     <span class='ocr_line' id='line_1_79' title="bbox 896 2195 1602 2234; baseline 0.004 -9"><span class='ocrx_word' id='word_1_370' title='bbox 896 2200 975 2226; x_wconf 86' lang='lat' dir='ltr'>sunt</span> <span class='ocrx_word' id='word_1_371' title='bbox 1004 2195 1144 2234; x_wconf 65' lang='lat' dir='ltr'>Poie&#39;tae3</span> <span class='ocrx_word' id='word_1_372' title='bbox 1179 2195 1228 2225; x_wconf 88' lang='lat' dir='ltr'>illi</span> <span class='ocrx_word' id='word_1_373' title='bbox 1256 2196 1388 2226; x_wconf 86' lang='lat' dir='ltr'>demum</span> <span class='ocrx_word' id='word_1_374' title='bbox 1421 2196 1454 2226; x_wconf 93' lang='lat' dir='ltr'>in</span> <span class='ocrx_word' id='word_1_375' title='bbox 1485 2203 1602 2228; x_wconf 87' lang='lat' dir='ltr'>monte</span> 
     </span>
     <span class='ocr_line' id='line_1_80' title="bbox 900 2246 1604 2288; baseline 0.003 -12"><span class='ocrx_word' id='word_1_376' title='bbox 900 2246 1077 2285; x_wconf 82' lang='lat' dir='ltr'>Helicone,</span> <span class='ocrx_word' id='word_1_377' title='bbox 1105 2247 1211 2277; x_wconf 85' lang='lat' dir='ltr'>Musis</span> <span class='ocrx_word' id='word_1_378' title='bbox 1237 2257 1345 2285; x_wconf 80' lang='lat' dir='ltr'>sacro,</span> <span class='ocrx_word' id='word_1_379' title='bbox 1376 2257 1476 2278; x_wconf 83' lang='lat' dir='ltr'>vanos</span> <span class='ocrx_word' id='word_1_380' title='bbox 1506 2248 1604 2288; x_wconf 88' lang='lat' dir='ltr'>spiri-</span> 
     </span>
     <span class='ocr_line' id='line_1_81' title="bbox 899 2295 1604 2337; baseline 0.004 -12"><span class='ocrx_word' id='word_1_381' title='bbox 899 2300 966 2333; x_wconf 86' lang='lat' dir='ltr'>tus,</span> <span class='ocrx_word' id='word_1_382' title='bbox 986 2296 1137 2335; x_wconf 87' lang='lat' dir='ltr'>nebulas,</span> <span class='ocrx_word' id='word_1_383' title='bbox 1154 2295 1274 2336; x_wconf 84' lang='lat' dir='ltr'>fumos,</span> <span class='ocrx_word' id='word_1_384' title='bbox 1297 2307 1416 2337; x_wconf 87' lang='lat' dir='ltr'>nugas,</span> <span class='ocrx_word' id='word_1_385' title='bbox 1431 2301 1465 2328; x_wconf 88' lang='lat' dir='ltr'>et</span> <span class='ocrx_word' id='word_1_386' title='bbox 1486 2297 1604 2328; x_wconf 84' lang='lat' dir='ltr'>inania</span> 
     </span>
     <span class='ocr_line' id='line_1_82' title="bbox 898 2345 1602 2386; baseline 0.004 -11"><span class='ocrx_word' id='word_1_387' title='bbox 898 2346 1079 2376; x_wconf 60' lang='lat' dir='ltr'>Poetarum</span> <span class='ocrx_word' id='word_1_388' title='bbox 1103 2345 1265 2386; x_wconf 78' lang='lat' dir='ltr'>figmenta</span> <span class='ocrx_word' id='word_1_389' title='bbox 1290 2346 1388 2377; x_wconf 82' lang='lat' dir='ltr'>sumis</span> <span class='ocrx_word' id='word_1_390' title='bbox 1413 2352 1447 2377; x_wconf 76' lang='lat' dir='ltr'>et</span> <span class='ocrx_word' id='word_1_391' title='bbox 1468 2346 1602 2378; x_wconf 82' lang='lat' dir='ltr'>nebulis</span> 
     </span>
     <span class='ocr_line' id='line_1_83' title="bbox 898 2396 1604 2437; baseline 0.003 -11"><span class='ocrx_word' id='word_1_392' title='bbox 898 2396 1019 2427; x_wconf 87' lang='lat' dir='ltr'>similia</span> <span class='ocrx_word' id='word_1_393' title='bbox 1034 2397 1185 2436; x_wconf 77' lang='lat' dir='ltr'>legunw,</span> <span class='ocrx_word' id='word_1_394' title='bbox 1200 2402 1236 2427; x_wconf 90' lang='lat' dir='ltr'>et</span> <span class='ocrx_word' id='word_1_395' title='bbox 1252 2402 1426 2437; x_wconf 77' lang='lat' dir='ltr'>captante.</span> <span class='ocrx_word' id='word_1_396' title='bbox 1451 2397 1604 2429; x_wconf 83' lang='lat' dir='ltr'>Turneb.</span> 
     </span>
     <span class='ocr_line' id='line_1_84' title="bbox 900 2446 1168 2477; baseline 0 -1"><span class='ocrx_word' id='word_1_397' title='bbox 900 2454 960 2476; x_wconf 82' lang='lat' dir='ltr'>xx.</span> <span class='ocrx_word' id='word_1_398' title='bbox 980 2449 1009 2476; x_wconf 87' lang='lat'>1.</span> <span class='ocrx_word' id='word_1_399' title='bbox 1056 2446 1168 2477; x_wconf 66' lang='lat' dir='ltr'>Lultz&#39;n.</span> 
     </span>
    </p>

    <p class='ocr_par' dir='ltr' id='par_1_13' title="bbox 898 2496 1602 2732">
     <span class='ocr_line' id='line_1_85' title="bbox 941 2496 1602 2536; baseline -0.002 -10"><span class='ocrx_word' id='word_1_400' title='bbox 941 2499 960 2526; x_wconf 86' lang='grc'>8</span> <span class='ocrx_word' id='word_1_401' title='bbox 985 2496 1117 2536; x_wconf 39' lang='lat' dir='ltr'>Sipha]</span> <span class='ocrx_word' id='word_1_402' title='bbox 1139 2496 1263 2526; x_wconf 86' lang='lat' dir='ltr'>Sensus</span> <span class='ocrx_word' id='word_1_403' title='bbox 1280 2501 1352 2526; x_wconf 77' lang='lat' dir='ltr'>est:</span> <span class='ocrx_word' id='word_1_404' title='bbox 1381 2497 1416 2526; x_wconf 80' lang='lat' dir='ltr'>Si</span> <span class='ocrx_word' id='word_1_405' title='bbox 1442 2496 1495 2526; x_wconf 88' lang='lat' dir='ltr'>cui</span> <span class='ocrx_word' id='word_1_406' title='bbox 1523 2496 1602 2526; x_wconf 89' lang='lat' dir='ltr'>Tra-</span> 
     </span>
     <span class='ocr_line' id='line_1_86' title="bbox 898 2544 1601 2586; baseline -0.003 -10"><span class='ocrx_word' id='word_1_407' title='bbox 898 2546 1009 2586; x_wconf 82' lang='lat' dir='ltr'>goedia</span> <span class='ocrx_word' id='word_1_408' title='bbox 1035 2546 1188 2577; x_wconf 83' lang='lat' dir='ltr'>Procnes</span> <span class='ocrx_word' id='word_1_409' title='bbox 1210 2552 1268 2576; x_wconf 85' lang='lat' dir='ltr'>aut</span> <span class='ocrx_word' id='word_1_410' title='bbox 1295 2547 1451 2585; x_wconf 66' lang='lat' dir='ltr'>Thyestae</span> <span class='ocrx_word' id='word_1_411' title='bbox 1476 2544 1601 2574; x_wconf 84' lang='lat' dir='ltr'>descri-</span> 
     </span>
     <span class='ocr_line' id='line_1_87' title="bbox 899 2593 1602 2638; baseline -0.004 -11"><span class='ocrx_word' id='word_1_412' title='bbox 899 2598 1009 2628; x_wconf 85' lang='lat' dir='ltr'>benda</span> <span class='ocrx_word' id='word_1_413' title='bbox 1032 2598 1075 2628; x_wconf 85' lang='lat' dir='ltr'>sit</span> <span class='ocrx_word' id='word_1_414' title='bbox 1091 2609 1190 2638; x_wconf 80' lang='lat' dir='ltr'>quam</span> <span class='ocrx_word' id='word_1_415' title='bbox 1209 2599 1341 2637; x_wconf 81' lang='lat' dir='ltr'>Glycon</span> <span class='ocrx_word' id='word_1_416' title='bbox 1365 2594 1545 2635; x_wconf 73' lang='lat' dir='ltr'>Tragoedus</span> <span class='ocrx_word' id='word_1_417' title='bbox 1567 2593 1602 2625; x_wconf 89' lang='lat' dir='ltr'>iu</span> 
     </span>
     <span class='ocr_line' id='line_1_88' title="bbox 898 2642 1600 2688; baseline -0.007 -10"><span class='ocrx_word' id='word_1_418' title='bbox 898 2648 1032 2678; x_wconf 88' lang='lat' dir='ltr'>theatro</span> <span class='ocrx_word' id='word_1_419' title='bbox 1053 2645 1349 2688; x_wconf 78' lang='lat' dir='ltr'>aga1.-Procnes.]</span> <span class='ocrx_word' id='word_1_420' title='bbox 1373 2645 1465 2676; x_wconf 89' lang='lat' dir='ltr'>Nota</span> <span class='ocrx_word' id='word_1_421' title='bbox 1484 2642 1600 2674; x_wconf 84' lang='lat' dir='ltr'>sabula</span> 
     </span>
     <span class='ocr_line' id='line_1_89' title="bbox 898 2693 1599 2732; baseline -0.006 -4"><span class='ocrx_word' id='word_1_422' title='bbox 898 2707 940 2728; x_wconf 82' lang='lat' dir='ltr'>ex</span> <span class='ocrx_word' id='word_1_423' title='bbox 957 2698 988 2729; x_wconf 85' lang='grc'>6.</span> <span class='ocrx_word' id='word_1_424' title='bbox 1006 2697 1148 2729; x_wconf 82' lang='lat' dir='ltr'>Metam.</span> <span class='ocrx_word' id='word_1_425' title='bbox 1193 2697 1258 2727; x_wconf 86' lang='lat' dir='ltr'>Illa</span> <span class='ocrx_word' id='word_1_426' title='bbox 1270 2699 1307 2726; x_wconf 90' lang='lat' dir='ltr'>ut</span> <span class='ocrx_word' id='word_1_427' title='bbox 1321 2694 1388 2725; x_wconf 90' lang='lat' dir='ltr'>vim</span> <span class='ocrx_word' id='word_1_428' title='bbox 1403 2693 1599 2732; x_wconf 74' lang='lat' dir='ltr'>Philomelae</span> 
     </span>
    </p>
   </div>
  </div>
 </body>
</html>
