1888 3032
248 132 336 173 ‘220
713 136 855 167 No‘rffl

251 241 295 271 Et
311 239 417 280 primo
434 238 570 280 quidem
589 235 716 265 indocti
742 233 954 274 pbilosopho-

252 299 325 320 rum
343 290 506 319 irrisores.
534 286 680 316 thtnns.
724 284 862 315 Persius
881 286 954 315 Cre-

250 339 340 380 pidas
358 339 544 375 nominans,
556 341 664 366 totuin
682 335 840 373 imenigit
860 334 956 364 Gra:-

252 399 368 420 eorum
393 387 540 418 studium
565 384 750 425 φιλοκαλίας
773 385 864 415 circa
891 384 957 415 eul-

251 443 335 469 tum.
369 437 622 468 C‹1.s‹1ul›.—N0n
649 435 714 475 hic]
754 436 830 466 Nou
863 435 956 465 illum

251 489 380 519 seilicet
406 489 568 518 lectorem
593 487 680 525 volo,
698 496 820 525 moror,
837 490 894 516 ant
910 495 959 515 re-

256 540 363 581 quiro,
380 540 435 579 qni
453 545 506 570 est
524 539 618 569 rudis
643 543 677 569 et
701 538 859 568 indoctus
878 538 957 568 San-

252 589 491 629 nio—Gesta]
518 590 729 629 Delectatur,
746 588 879 620 Studet.
896 589 958 618 Lu-

255 640 358 671 bimis.

297 694 358 722 128
376 691 538 730 Sordidus]
562 691 627 721 Vel
645 690 687 720 ad
704 689 880 720 avaritiam
901 697 960 728 po-

254 744 323 772 test
333 740 451 772 referri
465 752 471 771 :
483 741 535 771 vel
548 740 589 771 ad
604 740 740 769 nimiam
756 739 868 768 cultus
882 747 960 777 neg-

253 791 439 831 ligentiam.
454 788 769 830 Cas‹1nb.——Et‚85c.]
789 789 961 828 Qnipetu-

255 841 328 872 lans
340 846 376 872 et
388 841 553 881 superbus
570 846 700 871 natur-m
720 840 801 870 vitia
814 840 890 870 aliis
907 839 963 869 ob-

248 892 375 932 jectat.
422 892 600 922 Naturalia
618 901 696 921 vero
714 890 866 930 eorporis
883 890 963 920 vitia

256 950 321 972 non
337 942 455 973 suntin
470 941 543 971 aliis
556 940 848 981 reprehendenda.
863 940 963 971 Plato

256 992 290 1022 in
306 993 446 1032 Protag.
457 992 754 1023 commiseratione
766 991 877 1031 potius
891 991 964 1030 dig-

257 1052 312 1072 na.
352 1042 460 1073 Arist.
482 1042 594 1073 Etliic.
626 1042 877 1073 Nieom.111.5.
902 1042 965 1073 Ca-

258 1095 428 1125 saubonus
444 1095 498 1124 hic
513 1095 609 1134 legit,
633 1095 741 1134 poscit.

303 1146 364 1175 129
389 1143 472 1181 Sese,
488 1144 557 1183 ὅπη]
596 1144 636 1174 Id
654 1148 718 1184 est,
735 1145 912 1185 ¹superbus,
930 1154 965 1175 se

259 1193 432 1235 quantivis
448 1193 554 1234 precii
565 1194 675 1224 virum
689 1198 781 1225 ratus
796 1206 803 1232 ;
822 1204 861 1225 eo
876 1194 965 1236 qnod

259 1245 292 1275 in
310 1245 422 1286 aliquo
440 1243 626 1285 municipio
644 1244 767 1284 Italiae,
780 1245 965 1276 AEdil'itatis

260 1296 386 1325 honore
410 1294 547 1325 functus
565 1295 619 1325 sit.
654 1295 966 1336 Lahiru—Supinas]

260 1346 448 1386 Arrogans,
463 1350 499 1376 et
523 1346 623 1375 animi
642 1346 760 1376 vitium
781 1346 854 1386 ipso
870 1351 967 1385 gestu

263 1398 414 1438 corporis
438 1398 549 1437 palam
577 1396 716 1428 faciens.
774 1398 836 1428 Est
864 1407 968 1437 genus

261 1448 431 1478 hominum
448 1447 606 1487 superbia
623 1446 830 1486 inflatorum,
848 1447 904 1487 qui
921 1447 969 1477 in-

262 1498 464 1539 grediuntur
488 1498 573 1528 adeo
597 1502 714 1528 erecto
739 1506 895 1538 corpore,
923 1501 971 1528 at-

262 1559 328 1590 que
341 1547 521 1589 ὑψαύχενες,
534 1553 570 1579 ut
585 1549 617 1578 in
632 1549 734 1579 coelos
749 1548 838 1579 oculi
853 1557 971 1578 eorum

263 1599 429 1637 ferantur,
446 1610 509 1630 non
526 1600 632 1630 multo
657 1609 752 1630 secus
775 1608 814 1629 ac
843 1598 972 1638 resupi-

263 1655 432 1680 natorum.
465 1648 598 1679 Casmil).

307 1702 371 1730 130
401 1699 555 1738 l-‘regffl-it,
586 1698 654 1738 θα]
698 1697 858 1728 AEdilium
884 1697 971 1727 enim

263 1753 336 1781 erat
368 1749 589 1780 vendentium
629 1748 758 1779 rabiem·
798 1749 971 1790 coercere,

263 1810 430 1831 annonam
456 1809 586 1837 curare,
604 1799 646 1829 de
672 1798 899 1839 mensurajus
926 1799 972 1829 di-

267 1859 358 1890 cere,
375 1859 454 1880 vasa
467 1849 592 1879 minora
607 1847 774 1888 frangere.
812 1849 974 1879 Testatur

265 1901 353 1932 idem
379 1900 567 1939 Juvenalis,
585 1901 652 1930 Sat.
672 1908 706 1930 x.
722 1899 730 1915 ‘
750 1900 793 1929 Et
817 1899 859 1929 de
883 1909 974 1931 meu-

268 1961 346 1982 sura
363 1951 420 1991 jus
445 1951 572 1989 dicere,
603 1959 681 1980 vasa
707 1949 837 1980 minora
871 1951 975 1981 Fran-

269 2011 360 2041 gere,
389 2010 560 2041 pannosus
593 2000 707 2029 vacuis
739 1999 859 2030 AEdilis
894 2000 977 2030 Ulu-

268 2052 577 2091 bris.'—Heminas.]
604 2051 657 2082 Ab
684 2052 788 2092 ἥμισυ,
816 2062 855 2084 eo
887 2053 975 2094 quod

269 2102 410 2133 dimidia
431 2112 508 2142 pars
535 2102 694 2140 sextarii3
719 2103 772 2133 liic
799 2113 861 2143 pro
886 2104 975 2134 omni

268 2163 439 2184 mensura.
463 2152 612 2183 Turneb.
640 2162 746 2185 xxm.
771 2154 976 2193 20.—-Areti]

270 2204 399 2245 Oppidi
414 2204 447 2234 in
460 2203 596 2234 Tuscia.
642 2203 710 2234 Alii
729 2205 847 2244 legunt
859 2204 977 2244 Erotis,

270 2254 361 2294 quod
375 2254 574 2285 Sabinorum
588 2254 761 2295 oppidum.
790 2255 976 2295 Stephano,

272 2304 392 2343 ἥρητος.

316 2357 374 2384 131
401 2355 480 2392 Nec,
505 2355 572 2394 ἔγω]
611 2355 652 2385 Id
684 2360 749 2392 est,
773 2355 837 2387 Qui
863 2355 976 2386 liuma-

269 2403 379 2434 niores
396 2407 485 2432 artes
502 2405 702 2441 contemnit,
716 2409 751 2435 et
767 2404 880 2435 studia
898 2405 973 2435 Phi-

271 2453 433 2493 losophiae
464 2452 564 2491 ridet,
595 2458 630 2483 et
666 2453 973 2485 Aritlnnetieorum

274 2513 442 2535 numeros.
460 2502 629 2541 —Almfflq
675 2502 975 2534 Aritlnnetieornm

275 2553 403 2584 tabula.
464 2551 709 2581 Aritlnneticos
746 2561 902 2582 numeros
943 2557 978 2582 et

275 2604 402 2643 figuras
447 2602 708 2633 Mathematieas
754 2601 979 2641 intelligit.—

276 2655 379 2693 Secto,
404 2653 472 2693 &ej
496 2651 691 2682 Geometrae
716 2651 805 2681 enim
834 2652 920 2692 stylo
946 2652 979 2682 in

278 2708 369 2735 terra
387 2704 439 2734 vel
455 2702 595 2743 pulvere
619 2700 742 2741 figuras
764 2701 980 2734 Mathemati-

889 135 948 164 VA
962 134 1112 166 RIORU
1123 137 1153 165 M
1189 137 1239 166 ΙΝ

1005 244 1060 265 eas
1098 235 1285 275 depingere
1316 237 1436 268 solent.
1501 235 1580 275 Vel,
1618 234 1708 276 quod

1006 285 1115 326 pulvis
1133 286 1188 316 ille
1204 287 1352 317 numeris
1380 291 1414 318 et
1438 286 1554 328 figuris
1583 290 1709 325 sectus,

1006 336 1059 366 vel
1085 336 1211 367 divisus
1235 337 1290 367 sit.
1338 337 1414 368 Hoc
1442 342 1554 368 autem
1582 341 1635 367 est
1656 346 1712 366 ex·

1006 390 1124 417 tremae
1141 387 1321 417 dementiae
1348 391 1382 418 et
1398 387 1631 428 impudentiae,
1657 397 1711 417 res

1007 446 1068 477 per
1084 447 1117 467 se
1133 437 1287 468 laudatas
1306 437 1461 468 deridere
1474 439 1573 477 velle,
1584 437 1712 468 artibus

1008 492 1042 518 et
1059 488 1267 528 philosophis
1284 488 1437 519 illudere.
1455 487 1713 519 Lubin.Fm·nab.

1052 542 1113 569 132
1140 539 1288 578 Multum,
1305 538 1375 579 δῖα]
1408 539 1475 571 Qui
1492 539 1585 569 nulla
1602 538 1713 569 uberi-

1009 598 1066 619 ore
1096 589 1274 628 voluptate
1305 587 1463 627 afficitur,
1499 598 1598 628 quam
1636 597 1712 618 cum

1008 638 1104 668 videt
1122 648 1299 678 procacem
1319 639 1467 680 aliquam
1496 638 1713 669 meretricem

1009 689 1215 729 Pliilosoplio
1256 690 1450 729 procaciter
1482 687 1638 728 illudere,
1679 692 1715 718 et

1011 739 1150 770 barbam
1169 740 1306 770 vellere.
1335 740 1436 770 Idem.

1055 792 1116 820 133
1143 789 1273 830 Cynico]
1311 789 1459 820 Vivebat
1491 793 1561 820 tum
1588 790 1716 820 Deme-

1013 840 1097 871 trius
1130 840 1290 880 Cynicum
1317 839 1414 879 eujus
1445 839 1649 879 singularem
1678 850 1718 871 ae

1012 889 1216 930 stupendam
1230 890 1391 920 virtutem
1409 890 1563 921 dilaudat
1578 891 1721 930 Seneca,

1015 944 1050 971 et
1066 939 1154 980 apud
1172 939 1353 970 Arrianum
1363 940 1555 980 Epictetus,
1574 940 1719 981 inhujus

1013 990 1172 1020 honorem
1190 994 1225 1020 et
1241 990 1409 1030 similium,
1424 991 1479 1031 qui
1496 989 1636 1022 fuerunt
1652 1001 1722 1022 om-

1014 1040 1112 1071 nibus
1128 1040 1250 1071 seculis
1268 1040 1394 1081 oppido
1422 1040 1531 1080 pauci.
1589 1040 1724 1081 Cynicus

1014 1092 1091 1121 heic
1123 1090 1228 1121 ἇπλῶς
1258 1101 1320 1131 pro
1348 1091 1548 1132 philosopho
1574 1091 1722 1131 ponitur.

1016 1141 1056 1171 In
1075 1150 1198 1181 genere
1214 1150 1294 1171 vero
1309 1141 1350 1171 de
1368 1142 1518 1182 Cynicis,
1529 1151 1668 1183 quorum
1681 1151 1722 1173 ea

1016 1195 1223 1232 tempestate
1237 1191 1424 1222 uberrimus
1439 1195 1512 1223 erat
1522 1195 1722 1232 proventus,

1017 1242 1103 1272 male
1119 1246 1309 1281 senserunt,
1326 1251 1389 1271 non
1406 1242 1514 1271 solum
1532 1241 1585 1271 isti
1605 1250 1722 1272 osores

1018 1293 1219 1324 Graecarum
1246 1292 1516 1332 disciplinarum,
1533 1291 1592 1323 sed
1619 1292 1724 1323 etiam

1019 1352 1037 1373 e
1054 1343 1186 1374 Graeeis
1203 1342 1442 1382 sapientissimi
1461 1341 1597 1382 quique.
1644 1341 1725 1372 Non

1019 1394 1107 1424 enim
1125 1403 1204 1424 vera
1217 1393 1345 1423 virtute
1358 1392 1617 1423 admirationem
1634 1391 1727 1432 vulgi

1019 1444 1245 1485 colligebant:
1272 1443 1331 1474 sed
1349 1444 1462 1474 vultus
1477 1443 1673 1474 torvitatem
1692 1447 1728 1473 et

1020 1495 1195 1526 tristitiam
1210 1505 1248 1526 ac
1263 1494 1523 1525 dissentientem
1548 1505 1567 1525 a
1590 1494 1726 1525 caeteris

1020 1546 1171 1576 habitum
1188 1545 1342 1585 pessimis
1366 1544 1517 1575 moribus
1541 1548 1643 1584 atque
1666 1543 1726 1573 im-

1021 1605 1115 1635 purte
1147 1594 1365 1625 obscoenitati
1397 1593 1726 1634 praetendebant.—

1025 1645 1157 1685 Cgmico]
1181 1646 1251 1675 Pro
1274 1644 1470 1684 Philosopho.
1511 1644 1558 1674 Hi
1577 1644 1730 1675 Philoso—

1022 1695 1080 1735 plii
1108 1695 1243 1735 reliquis
1268 1695 1503 1735 patientiores,
1529 1699 1564 1725 et
1593 1694 1729 1734 injuria-

1024 1754 1096 1774 rum
1136 1748 1375 1775 contemtores.
1392 1763 1435 1766 -
1450 1744 1590 1774 Barbam
1623 1745 1730 1785 vellat]

1024 1796 1115 1826 Quia
1135 1795 1358 1825 indolentiam
1382 1804 1420 1825 ac
1444 1795 1654 1825 vacuitatem
1680 1793 1728 1824 af-

1023 1844 1176 1876 fectuum
1215 1844 1464 1885 profitebantur
1490 1844 1595 1875 Stoici
1625 1847 1727 1884 atque

1026 1896 1166 1936 Cynici3
1192 1900 1376 1936 propterea
1401 1905 1501 1936 quum
1530 1895 1564 1925 in
1592 1894 1728 1935 publico

1026 1947 1339 1988 conspiciebantur,
1374 1956 1439 1987 quo
1471 1946 1644 1986 specimen
1676 1945 1734 1976 da·

1026 2003 1103 2028 rent
1117 2008 1185 2028 suae
1202 1998 1349 2037 virtutis,
1370 1997 1412 2027 ab
1429 1997 1535 2027 obviis
1554 1996 1646 2027 varie
1660 1996 1733 2027 irri-

1026 2048 1203 2086 tabantur3
1229 2048 1313 2078 alius
1331 2057 1386 2077 eos
1404 2057 1508 2077 sanna
1525 2046 1733 2087 excipiebat,

1027 2100 1111 2130 alius
1128 2099 1312 2130 convitium
1331 2099 1480 2137 dicebat,
1498 2099 1582 2128 alius
1599 2102 1731 2128 vestem

1028 2150 1198 2188 trahebat,
1226 2154 1284 2180 aut
1316 2149 1455 2179 barbam
1482 2147 1644 2187 vellebat,
1670 2152 1734 2178 ant

1026 2201 1090 2232 alio
1106 2200 1223 2241 quovis
1240 2200 1340 2230 niodo
1360 2200 1522 2230 molestus
1540 2202 1625 2229 erat.
1672 2198 1733 2228 Ca-

1026 2250 1350 2289 mahom—Barbam,
1373 2250 1426 2288 ὅγε.
1444 2248 1554 2287 vellat]
1598 2247 1640 2278 Id
1673 2251 1736 2287 est,

1029 2303 1191 2332 Extreme
1207 2304 1416 2338 contemnat,
1439 2298 1587 2338 turpiter
1603 2297 1733 2328 illudat.

1028 2351 1230 2390 —-N0nm·1'‹t]
1273 2350 1411 2381 Nonam-ia
1435 2349 1527 2379 dicta
1556 2347 1735 2384 meretrix,

1030 2403 1108 2444 quia
1124 2402 1214 2442 apud
1233 2399 1379 2432 veteres‘
1397 2410 1416 2430 a
1440 2408 1529 2429 nona
1553 2399 1635 2428 hora
1659 2406 1735 2437 pro-

1029 2452 1179 2489 stabant,
1213 2461 1254 2480 ne
1280 2460 1376 2480 mane
1415 2449 1536 2479 omissa
1571 2446 1736 2477 exercita-

1030 2500 1298 2539 tionffiilloirent
1311 2500 1561 2530 adolescentes.
1582 2497 1734 2529 Vet.Sch.

1028 2551 1231 2589 ——Nonurz'a]
1255 2551 1310 2581 Sic
1329 2551 1425 2580 dieta
1445 2549 1620 2588 meretrix,
1644 2549 1736 2590 quod

1029 2602 1111 2632 hora
1128 2610 1214 2631 nona
1238 2600 1270 2629 in
1294 2599 1448 2640 lupanari
1482 2600 1664 2639 prostaret,
1692 2607 1736 2629 ne

1030 2662 1128 2684 inane
1139 2652 1262 2683 omissa
1275 2651 1534 2690 exercitatione,
1546 2651 1735 2691 eojuvenes

1031 2705 1231 2747 migrarent.
1257 2702 1386 2734 Alludit
1400 2702 1455 2734 hic
1472 2702 1515 2733 ad
1532 2701 1735 2743 Diogenem,
