1888 3032
655 131 815 164 mansu

137 229 223 261 male
237 228 396 268 collocas,
411 226 520 260 effluis
537 232 573 259 et
588 228 724 260 transis.
758 228 835 259 Lub.

180 283 220 313 21
258 281 473 321 Contemnere]
505 280 590 311 Haec
618 280 660 311 ab
695 280 837 311 Horatio

138 332 226 363 male
257 332 425 363 translata
462 332 703 372 intempestiva
737 338 834 363 sunt:

137 381 253 414 ‘Quin
286 388 322 412 tu
353 382 516 413 invidiam
558 384 690 422 placare
730 393 839 421 paras,

140 433 267 463 virtute
293 434 432 464 relicta?
462 435 689 465 Contemnere
713 433 839 463 miser?

145 484 213 515 Ver.
230 484 566 524 SAL—Contemnere]
597 486 699 517 Quasi
725 485 836 514 dicat:

141 535 226 565 Cum
245 535 324 565 nihil
353 537 384 565 in
410 542 441 566 te
467 536 579 566 studio
597 541 633 566 et
652 536 764 565 labore
783 535 837 565 ad-

139 584 315 625 quisitum,
330 586 463 621 σπουδῆς
478 585 570 624 ἄξιον,
588 590 623 615 ot
647 585 744 615 laude
769 585 839 625 dig-

139 643 218 665 num
243 635 532 675 deprehendatur,
561 645 625 666 non
655 636 775 676 injuria
797 636 839 665 ab

139 684 292 715 omnibus
325 685 403 715 viris
429 685 578 716 cordatis
609 690 642 715 vt
669 685 842 725 prudenti-

141 734 203 765 bus
219 739 378 775 tanquam
391 738 511 775 pondus
526 736 636 765 inutile
648 739 753 773 tcrroe,
765 746 841 766 con-

141 789 307 823 temnere,
324 791 357 816 et
385 784 483 816 θοαί-ἰ
515 787 659 826 nihilque
677 785 842 816 fies.——Et

140 836 244 876 sonat]
268 837 316 867 Ut
332 837 456 877 Virgil.
474 839 482 852 ‘
504 838 575 867 Nec
595 847 657 867 vox
675 837 841 867 hominem

143 886 263 916 sonat.'
292 886 360 918 vet.
374 886 592 917 Scit—Sonat
609 887 734 927 citium]
751 888 842 917 Gno-

143 944 197 966 me
228 941 289 966 est.
350 937 470 966 Vitiosi
501 943 535 966 et
566 938 660 967 stulti
691 937 842 967 hominos

142 987 337 1028 neutiquam
354 988 547 1026 stultitiam,
564 994 597 1018 et
618 988 698 1018 vitia
713 998 773 1018 sua
789 997 841 1018 ce-

142 1038 213 1068 lare
240 1043 379 1078 possunt
406 1043 441 1068 et
466 1043 596 1078 tegere,
624 1038 683 1068 scd
711 1047 844 1078 semper

143 1094 278 1128 sonant,
296 1098 360 1119 nou
383 1099 479 1120 secus
493 1099 532 1120 ac
552 1090 666 1120 inania
683 1100 759 1120 vasa
777 1100 844 1120 ma-

143 1141 194 1182 gis
211 1141 357 1171 tinniunt
373 1152 379 1171 :
405 1142 452 1171 sic
471 1146 505 1172 et
522 1151 626 1171 vanus
646 1147 694 1180 tu,
710 1150 845 1181 semper

142 1191 304 1230 majorem
330 1192 514 1231 strepitum
541 1191 635 1230 edes,
657 1198 691 1221 et
717 1191 844 1222 vanita—

143 1246 213 1272 tem
231 1246 321 1272 tuam
340 1242 493 1282 deteges.
521 1243 678 1282 Respicit
693 1242 733 1272 ad
752 1242 846 1281 illud,

145 1294 234 1335 quod
251 1294 318 1325 dici
341 1295 438 1332 solet,
468 1297 613 1335 ‘Sermo,
636 1295 739 1325 animi
762 1294 846 1324 iudi-

145 1345 234 1375 cium
260 1349 296 1376 et
323 1345 753 1385 character.'——Percussa,
777 1345 847 1385 ἔξω]

145 1396 364 1427 Constructio
395 1402 429 1426 et
460 1397 633 1427 sententia
668 1397 740 1427 liaec
771 1401 847 1433 est,

146 1445 270 1476 Fictile
295 1456 362 1485 vas,
388 1447 442 1477 vel
468 1446 596 1486 fidelia,
611 1447 638 1476 si
664 1456 707 1476 ex
731 1446 850 1485 argilla

146 1496 202 1526 vel
229 1496 309 1527 limo
340 1496 453 1535 viridi,
480 1501 516 1527 et
543 1496 649 1527 crudo
678 1505 743 1526 non
767 1495 849 1526 satis

146 1546 252 1587 probe
267 1552 369 1577 cocta
384 1547 439 1585 sit,
465 1548 506 1577 ab
531 1553 661 1578 emtore
679 1547 788 1587 digito
804 1547 850 1577 le-

147 1597 235 1628 viter
259 1607 432 1637 percussa,
455 1598 569 1628 statim
596 1597 729 1635 vitium,
752 1602 786 1628 et
809 1598 850 1628 ri-

146 1657 218 1678 mas
247 1652 358 1686 sonat,
390 1657 452 1678 nec
488 1649 579 1679 claro
614 1648 750 1688 tinnitu,
790 1648 850 1678 sed

147 1697 271 1739 fracto,
287 1708 402 1738 rauco,
419 1705 454 1729 et
479 1699 624 1729 absurdo
643 1698 768 1737 sonitu,
784 1708 851 1728 ma-

146 1748 239 1789 ligne
256 1750 401 1790 spondet
418 1755 453 1780 et
468 1749 581 1789 prodit
597 1749 716 1779 vitium
732 1758 826 1779 suum
843 1759 851 1786 ;

150 1799 198 1830 ita
213 1803 251 1830 tu
263 1798 353 1831 futili
367 1805 402 1831 et
419 1800 495 1830 rudi
519 1809 673 1830 sermone
695 1800 852 1840 ignoran-

149 1848 234 1879 tiam
261 1849 572 1888 tuam.—M‹1ligne]
597 1850 762 1890 Raucum,
786 1859 853 1880 non

150 1904 287 1932 acutum
303 1905 339 1930 et
355 1900 533 1931 tinnulum.
578 1899 693 1931 Lubin.

193 1953 235 1981 22
260 1950 397 1991 Fidelia]
434 1949 558 1980 Fictile
590 1959 661 1988 vas,
689 1948 780 1990 quod
806 1948 855 1979 in-

148 1999 225 2031 fusa
239 1999 390 2031 fideliter
412 1999 600 2039 contineat,
622 1999 855 2031 dicta.—Per-

150 2052 252 2092 cussa]
273 2050 476 2092 significans
492 2050 663 2081 hominem
678 2051 772 2081 nulla
787 2059 804 2081 e
822 2060 856 2081 re

151 2102 258 2143 magis
273 2103 444 2141 cognosci,
461 2111 561 2142 quam
582 2111 624 2131 ex
647 2110 857 2132 sermone.—

154 2152 253 2183 Sonat
269 2151 396 2190 vitium]
418 2151 537 2182 Vitium
553 2151 734 2182 accusandi
749 2161 855 2182 casus.

153 2202 210 2233 Sic
236 2202 245 2219 ‘
265 2211 329 2233 vox
360 2201 530 2232 hominem
562 2201 682 2233 sonat!
727 2201 768 2232 Id
791 2206 857 2241 est,

154 2257 448 2294 repraesentat.—
467 2251 584 2292 Viridi]
617 2251 725 2284 Quasi
753 2251 858 2290 dicat,

156 2312 199 2334 ex
214 2303 331 2343 crudo,
347 2313 413 2334 non
429 2303 511 2333 satis
532 2306 653 2339 cocto;
679 2301 731 2332 vel
748 2311 767 2332 e
783 2311 859 2332 cru-

156 2354 199 2385 do
215 2359 250 2385 et
267 2354 366 2384 viridi
382 2354 460 2384 limo
476 2352 578 2384 facta.
626 2352 723 2384 Idem.

197 2407 241 2436 23
269 2405 382 2444 Udum,
406 2404 476 2444 85⁶]
503 2404 609 2436 Quasi
635 2404 748 2434 dicat:
774 2403 859 2434 Cum

155 2455 262 2496 igitur
287 2459 324 2486 tu
351 2456 413 2486 liac
432 2455 578 2495 juvenili
605 2458 710 2485 aetate
739 2463 860 2485 cereus

158 2507 218 2546 sis,
241 2509 277 2536 et
302 2504 369 2536 udo
393 2510 428 2535 et
454 2504 544 2535 molli
575 2505 659 2544 luto,
674 2509 708 2534 et
730 2503 860 2544 argillae

159 2554 292 2596 similis,
305 2565 380 2596 quae
402 2554 437 2585 in
453 2563 569 2585 omues
585 2553 710 2585 formas
726 2552 808 2594 fingi
825 2557 861 2584 et

159 2603 280 2645 refingi
294 2609 422 2646 potest,
438 2604 482 2636 ab
498 2609 658 2636 accurato
681 2603 859 2645 sapientiae

161 2658 198 2685 et
221 2653 357 2685 virtutis
383 2655 559 2695 magistro,
582 2658 743 2696 tanquam
763 2664 784 2685 a
809 2663 861 2685 so-

159 2703 238 2736 lerti
251 2702 368 2745 figulo,
389 2714 536 2746 propere
560 2705 650 2736 omni
678 2705 804 2737 virtute
825 2707 862 2735 et

877 132 983 164 sxr.
1015 133 1089 163 ιιι.
1505 121 1592 164 235

890 227 1066 257 honestate
1083 226 1323 266 instituendus,
1338 229 1375 258 et
1397 224 1440 258 ad
1458 234 1591 257 omnem

890 278 1100 309 honi-statem
1133 276 1323 315 fingendus.
1351 275 1533 307 finmandns
1555 284 1593 306 es

890 334 923 359 et
951 328 1312 361 fonnundus.-Nunc.
1338 338 1428 364 nunc,
1452 325 1521 366 850]
1544 326 1595 357 Ut

892 379 967 409 ille:
994 381 1001 395 ‘
1021 380 1111 409 Dum
1137 384 1231 410 tem-1·
1249 386 1301 409 e›t
1324 383 1436 414 natus,
1453 385 1593 417 genero-

889 440 942 460 sos
954 431 1063 460 insere
1076 427 1486 469 m‹›rosJssl’ropernndus]
1496 426 1594 467 Mag-

892 490 933 510 na
961 478 1181 510 festinatione
1209 480 1450 516 instituendus,
1468 483 1504 509 et
1526 475 1594 508 for-

892 532 1034 561 mandus
1067 533 1107 560 ati
1150 531 1323 561 xirtntvm.
1384 529 1597 569 1⁴roperandue

892 581 989 621 dicit,
1006 591 1045 611 eo
1062 581 1151 621 quod
1168 581 1200 611 in
1219 581 1352 611 virtutis
1370 587 1404 610 et
1419 578 1595 619 sapientiae

893 635 1006 665 studio
1024 634 1104 664 nihil
1123 632 1362 669 differendum,
1379 640 1437 663 aut
1458 642 1491 662 in
1507 641 1597 663 cras-

894 685 997 715 tinum
1027 684 1387 724 rejiciendum—Acri
1412 682 1496 721 rota]
1530 681 1596 714 Ac-

893 741 1011 766 curata
1026 741 1060 765 et
1077 744 1197 765 severa
1216 734 1396 773 disciplina
1413 739 1446 763 et
1465 731 1596 764 institu-

893 787 998 817 tione.
1037 786 1238 816 Perseverat
1260 786 1290 815 in
1313 786 1462 823 metaph.
1480 793 1500 814 a
1515 782 1599 824 figu-

894 835 944 875 lis,
961 835 1018 876 qui
1036 840 1108 866 rota
1123 846 1202 865 vasa
1218 845 1279 865 sua
1294 834 1439 875 fingunt.

936 889 977 916 2⁷1
1015 885 1092 916 Sine
1109 885 1193 926 fine]
1235 886 1415 925 Nunquam
1443 884 1533 915 enim
1563 884 1598 914 in

895 936 1028 966 virtutis
1056 935 1293 966 informatione
1323 936 1364 965 ad
1392 934 1492 966 finem
1523 945 1600 975 per-

896 987 1050 1017 venitur:
1076 987 1129 1017 vel
1144 986 1298 1027 sinefine,
1314 987 1386 1016 sine
1404 995 1510 1025 mora,
1526 986 1600 1016 sine

895 1037 1143 1068 intermissione
1175 1042 1210 1068 et
1243 1042 1401 1067 continua
1441 1046 1601 1077 opera.—

897 1089 971 1129 Setl,
986 1088 1055 1128 Cra]
1081 1089 1185 1121 Quasi
1202 1088 1316 1119 dieat:
1341 1088 1467 1117 Verum
1487 1092 1523 1117 tu
1542 1086 1603 1117 ob-

889 1140 1002 1180 jicies,
1020 1139 1110 1180 quod
1132 1140 1259 1169 virtute
1283 1139 1448 1178 majorum
1467 1143 1603 1169 tuorum

897 1191 992 1221 dives
1008 1191 1089 1221 satis
1103 1190 1158 1230 sis,
1174 1199 1237 1221 nec
1261 1190 1404 1221 honesta
1422 1189 1604 1230 disciplina

899 1241 961 1272 tibi
978 1251 1062 1282 opus
1080 1240 1136 1272 sit.

940 1294 980 1323 25
1018 1291 1097 1329 Far,
1127 1290 1193 1331 Sym]
1228 1291 1452 1331 synecdoche
1479 1291 1605 1331 speciei

899 1351 962 1382 pro
997 1340 1354 1382 genere.-Modicum]
1390 1341 1605 1380 Empnatice.

898 1393 947 1422 Τιι
978 1392 1080 1422 habes
1108 1392 1295 1422 mediocres
1321 1392 1470 1430 divitiam,
1498 1391 1541 1422 ob
1570 1390 1606 1422 id

901 1451 984 1481 opus
1007 1451 1072 1472 non
1100 1441 1219 1479 habes,
1235 1446 1274 1471 ut
1295 1441 1423 1481 aliquid
1440 1441 1607 1472 discas—-

901 1491 1038 1531 Parum]
1061 1491 1092 1521 A
1108 1491 1290 1531 majoribus
1303 1501 1368 1522 non
1382 1491 1502 1522 fraude
1517 1501 1607 1532 quae-

901 1542 1021 1572 situm:
1046 1542 1113 1580 vel,
1135 1550 1177 1571 ex
1198 1547 1341 1581 argento
1367 1551 1466 1581 puro,
1483 1541 1517 1571 id
1540 1546 1608 1581 est,

901 1602 965 1624 non
981 1593 1113 1623 caelato.
1145 1592 1463 1631 Farnab.—Purum,
1478 1592 1549 1632 350]
1573 1591 1605 1622 A

901 1643 1068 1682 sordibus,
1094 1646 1131 1673 et
1153 1643 1308 1673 avaritiae
1334 1642 1407 1673 labe
1436 1642 1607 1681 alienum3

903 1695 957 1725 vel
984 1703 1114 1734 pauper
1136 1703 1204 1724 non
1231 1703 1278 1724 es.
1324 1693 1488 1733 supellex
1504 1693 1609 1724 etiam

903 1745 967 1775 tibi
980 1745 1072 1775 domi
1096 1752 1150 1775 est
1172 1744 1252 1775 satis
1274 1742 1459 1782 sufficiens,
1474 1743 1610 1783 munda,

904 1801 938 1826 et
962 1795 1082 1825 nitida.
1114 1794 1228 1825 Lubz'n.
1278 1794 1341 1825 Vel
1370 1794 1502 1834 Puram,
1529 1794 1610 1834 quia.

903 1845 966 1876 sali
982 1845 1032 1875 vis
1049 1845 1138 1875 inest
1152 1849 1274 1875 contra
1284 1845 1516 1885 putredinem,
1530 1844 1609 1875 inde

905 1905 1028 1937 purum
1044 1899 1168 1927 vocant
1182 1895 1314 1926 Poetae.
1362 1895 1568 1925 Casaubonus.

947 1948 990 1976 26
1015 1945 1111 1985 Quid,
1138 1944 1208 1984 estu]
1243 1944 1413 1975 Nimirum
1446 1949 1483 1974 tu
1515 1948 1612 1975 extra

907 2006 1040 2028 omnem
1060 1995 1205 2026 fortunae
1234 1996 1343 2026 aleam
1369 1995 1514 2035 positus,
1542 1993 1611 2025 for-

907 2052 999 2086 tuna,
1023 2051 1060 2077 et
1083 2046 1212 2076 invidia
1241 2045 1347 2086 major
1376 2054 1427 2084 es,
1454 2044 1610 2085 adeoque

908 2099 916 2114 ‘
934 2097 1053 2138 major,
1070 2106 1169 2138 quam
1183 2095 1238 2127 cui
1255 2100 1369 2136 posset
1392 2093 1532 2126 fortuna
1555 2103 1612 2126 no-

908 2148 1010 2180 cere.'
1056 2147 1227 2178 Nimirum
1252 2146 1356 2177 habes
1384 2146 1474 2187 quod
1500 2144 1612 2176 ventri

908 2197 1056 2229 sufficiat
1080 2202 1116 2229 et
1143 2196 1292 2236 corpori,
1317 2199 1355 2226 ut
1383 2195 1486 2225 animi
1517 2194 1613 2225 bonis

909 2248 993 2279 nihil
1015 2247 1079 2278 tibi
1105 2247 1148 2278 sit
1169 2256 1265 2286 opuS.
1303 2245 1416 2276 Lubin.
1463 2245 1614 2276 Possunt

909 2299 983 2329 hoec
1010 2296 1218 2336 Philosopho
1247 2294 1409 2333 adscribi,
1439 2293 1489 2324 διὰ
1517 2292 1617 2332 μέσου

910 2347 1098 2379 orationem
1110 2345 1249 2386 juvenis
1263 2343 1455 2375 interfanti.
1481 2344 1614 2375 Casaub.

910 2398 1143 2437 —Cultrz'xque
1166 2395 1250 2436 foci]
1295 2395 1386 2428 Quia
1422 2394 1614 2426 delibandae

911 2449 1016 2490 dapes
1040 2450 1073 2480 in
1099 2459 1140 2480 ea
1164 2448 1285 2489 positae
1309 2449 1350 2478 ad
1371 2446 1484 2478 focum
1500 2446 1614 2477 ferun-

912 2503 979 2530 tur.
1029 2499 1099 2531 Vet.
1123 2498 1431 2538 Sch.-Cultrixque
1446 2496 1528 2535 foci]
1551 2496 1616 2527 Est

912 2550 975 2582 tibi
1006 2553 1175 2591 praeterea
1205 2549 1333 2590 patella
1359 2547 1428 2578 foci
1459 2550 1496 2577 et
1519 2545 1615 2576 Laris

913 2601 1052 2641 cultrix,
1074 2610 1195 2640 secura,
1210 2604 1246 2630 et
1271 2599 1313 2629 ab
1335 2597 1424 2628 omni
1451 2595 1614 2626 sollicitu-

913 2651 994 2682 dine
1015 2651 1185 2690 immunis,
1209 2654 1247 2680 ut
1271 2648 1365 2679 nulla
1387 2656 1423 2677 re
1449 2645 1614 2686 indigeas,

912 2701 1065 2744 nihilque
1091 2705 1238 2740 metuas,
1262 2706 1325 2729 nec
1352 2694 1525 2737 sapientia
1550 2695 1614 2729 tibi
