<?xml version="1.0" encoding="UTF-8"?>
<!DOCTYPE html PUBLIC "-//W3C//DTD XHTML 1.0 Transitional//EN"
    "http://www.w3.org/TR/xhtml1/DTD/xhtml1-transitional.dtd">
<html xmlns="http://www.w3.org/1999/xhtml" xml:lang="en" lang="en">
 <head>
  <title>
</title>
<meta http-equiv="Content-Type" content="text/html;charset=utf-8" />
  <meta name='ocr-system' content='tesseract 3.04.00' />
  <meta name='ocr-capabilities' content='ocr_page ocr_carea ocr_par ocr_line ocrx_word'/>
</head>
<body>
  <div class='ocr_page' id='page_1' title='image "./operaomnia00persuoft_0227.png"; bbox 0 0 1888 3032; ppageno 0'>
   <div class='ocr_carea' id='block_1_1' title="bbox 667 133 830 167">
    <p class='ocr_par' dir='ltr' id='par_1_1' title="bbox 667 133 830 167">
     <span class='ocr_line' id='line_1_1' title="bbox 667 133 830 167; baseline -0.012 -1"><span class='ocrx_word' id='word_1_1' title='bbox 667 133 830 167; x_wconf 81' lang='lat' dir='ltr'>PERSII</span> 
     </span>
    </p>
   </div>
   <div class='ocr_carea' id='block_1_2' title="bbox 97 231 816 2738">
    <p class='ocr_par' dir='ltr' id='par_1_2' title="bbox 105 231 816 1183">
     <span class='ocr_line' id='line_1_2' title="bbox 116 231 814 273; baseline -0.003 -9"><span class='ocrx_word' id='word_1_2' title='bbox 116 234 192 271; x_wconf 82' lang='lat' dir='ltr'><strong>Vel,</strong></span> <span class='ocrx_word' id='word_1_3' title='bbox 207 238 245 265; x_wconf 88' lang='lat' dir='ltr'><strong>ut</strong></span> <span class='ocrx_word' id='word_1_4' title='bbox 264 232 450 265; x_wconf 86' lang='lat' dir='ltr'><strong>Farnabius</strong></span> <span class='ocrx_word' id='word_1_5' title='bbox 467 231 626 273; x_wconf 78' lang='lat' dir='ltr'>exponit:</span> <span class='ocrx_word' id='word_1_6' title='bbox 651 231 712 262; x_wconf 87' lang='lat' dir='ltr'><strong>Est</strong></span> <span class='ocrx_word' id='word_1_7' title='bbox 735 239 814 262; x_wconf 88' lang='lat' dir='ltr'><strong>sane</strong></span> 
     </span>
     <span class='ocr_line' id='line_1_3' title="bbox 116 280 815 324; baseline -0.006 -9"><span class='ocrx_word' id='word_1_8' title='bbox 116 295 226 315; x_wconf 87' lang='lat' dir='ltr'><strong>ramus</strong></span> <span class='ocrx_word' id='word_1_9' title='bbox 242 284 295 315; x_wconf 81' lang='lat' dir='ltr'><strong>vel</strong></span> <span class='ocrx_word' id='word_1_10' title='bbox 313 283 414 314; x_wconf 87' lang='lat' dir='ltr'><strong>arbor</strong></span> <span class='ocrx_word' id='word_1_11' title='bbox 429 282 564 324; x_wconf 77' lang='lat' dir='ltr'><strong>grandis</strong></span> <span class='ocrx_word' id='word_1_12' title='bbox 581 281 730 319; x_wconf 78' lang='lat' dir='ltr'><strong>corticis,</strong></span> <span class='ocrx_word' id='word_1_13' title='bbox 756 280 815 311; x_wconf 81' lang='lat' dir='ltr'><strong>scd</strong></span> 
     </span>
     <span class='ocr_line' id='line_1_4' title="bbox 114 331 816 376; baseline -0.009 -9"><span class='ocrx_word' id='word_1_14' title='bbox 114 336 212 376; x_wconf 87' lang='lat' dir='ltr'><strong>cnjus</strong></span> <span class='ocrx_word' id='word_1_15' title='bbox 228 335 400 366; x_wconf 88' lang='lat' dir='ltr'><strong>humorem</strong></span> <span class='ocrx_word' id='word_1_16' title='bbox 416 334 552 365; x_wconf 74' lang='lat' dir='ltr'><strong>decoxit</strong></span> <span class='ocrx_word' id='word_1_17' title='bbox 574 338 679 369; x_wconf 80' lang='lat' dir='ltr'><strong>aetas;</strong></span> <span class='ocrx_word' id='word_1_18' title='bbox 705 331 737 361; x_wconf 93' lang='lat' dir='ltr'><strong>id</strong></span> <span class='ocrx_word' id='word_1_19' title='bbox 752 336 816 370; x_wconf 85' lang='lat' dir='ltr'><strong>est,</strong></span> 
     </span>
     <span class='ocr_line' id='line_1_5' title="bbox 113 383 815 417; baseline -0.006 -1"><span class='ocrx_word' id='word_1_20' title='bbox 113 385 261 417; x_wconf 86' lang='lat' dir='ltr'><strong>Sublinie</strong></span> <span class='ocrx_word' id='word_1_21' title='bbox 297 395 435 416; x_wconf 71' lang='lat' dir='ltr'><strong>carmen</strong></span> <span class='ocrx_word' id='word_1_22' title='bbox 467 390 501 415; x_wconf 87' lang='lat' dir='ltr'><strong>et</strong></span> <span class='ocrx_word' id='word_1_23' title='bbox 534 383 675 414; x_wconf 82' lang='lat' dir='ltr'><strong>solidum</strong></span> <span class='ocrx_word' id='word_1_24' title='bbox 707 386 815 413; x_wconf 81' lang='lat' dir='ltr'><strong>est.—</strong></span> 
     </span>
     <span class='ocr_line' id='line_1_6' title="bbox 115 433 814 475; baseline -0.007 -9"><span class='ocrx_word' id='word_1_25' title='bbox 115 436 244 466; x_wconf 78' lang='lat' dir='ltr'><strong>Ramale</strong></span> <span class='ocrx_word' id='word_1_26' title='bbox 259 434 359 475; x_wconf 74' lang='lat' dir='ltr'><strong>retus]</strong></span> <span class='ocrx_word' id='word_1_27' title='bbox 398 434 438 465; x_wconf 91' lang='lat' dir='ltr'><strong>Id</strong></span> <span class='ocrx_word' id='word_1_28' title='bbox 456 438 518 469; x_wconf 68' lang='lat' dir='ltr'><strong>est,</strong></span> <span class='ocrx_word' id='word_1_29' title='bbox 533 433 685 464; x_wconf 62' lang='lat' dir='ltr'><strong>Anno-sus</strong></span> <span class='ocrx_word' id='word_1_30' title='bbox 702 441 814 462; x_wconf 83' lang='lat' dir='ltr'><strong>ramus</strong></span> 
     </span>
     <span class='ocr_line' id='line_1_7' title="bbox 113 481 814 526; baseline -0.006 -10"><span class='ocrx_word' id='word_1_31' title='bbox 113 485 231 516; x_wconf 86' lang='lat' dir='ltr'><strong>arbore</strong></span> <span class='ocrx_word' id='word_1_32' title='bbox 251 486 418 526; x_wconf 60' lang='lat' dir='ltr'><strong>dejectus,</strong></span> <span class='ocrx_word' id='word_1_33' title='bbox 435 484 491 526; x_wconf 86' lang='lat' dir='ltr'><strong>qui</strong></span> <span class='ocrx_word' id='word_1_34' title='bbox 510 494 573 515; x_wconf 90' lang='lat' dir='ltr'><strong>non</strong></span> <span class='ocrx_word' id='word_1_35' title='bbox 590 482 691 514; x_wconf 88' lang='lat' dir='ltr'><strong>facile</strong></span> <span class='ocrx_word' id='word_1_36' title='bbox 707 481 814 513; x_wconf 84' lang='lat' dir='ltr'><strong>flecti-</strong></span> 
     </span>
     <span class='ocr_line' id='line_1_8' title="bbox 112 533 813 575; baseline -0.007 -9"><span class='ocrx_word' id='word_1_37' title='bbox 112 535 414 575; x_wconf 75' lang='lat' dir='ltr'><strong>tur.-—l&#39;oegrandi‚</strong></span> <span class='ocrx_word' id='word_1_38' title='bbox 449 534 518 574; x_wconf 49' lang='grc' dir='ltr'><strong>ξω]</strong></span> <span class='ocrx_word' id='word_1_39' title='bbox 576 533 646 564; x_wconf 85' lang='lat' dir='ltr'><strong>Alii</strong></span> <span class='ocrx_word' id='word_1_40' title='bbox 683 533 813 570; x_wconf 89' lang='lat' dir='ltr'><strong>dicunt,</strong></span> 
     </span>
     <span class='ocr_line' id='line_1_9' title="bbox 112 583 812 627; baseline -0.006 -10"><span class='ocrx_word' id='word_1_41' title='bbox 112 586 202 627; x_wconf 89' lang='lat' dir='ltr'><strong>quod</strong></span> <span class='ocrx_word' id='word_1_42' title='bbox 220 587 387 626; x_wconf 82' lang='lat' dir='ltr'><strong>particula</strong></span> <span class='ocrx_word' id='word_1_43' title='bbox 407 587 457 616; x_wconf 72' lang='lat' dir='ltr'><strong>Voe</strong></span> <span class='ocrx_word' id='word_1_44' title='bbox 479 584 555 614; x_wconf 79' lang='lat' dir='ltr'><strong>voci</strong></span> <span class='ocrx_word' id='word_1_45' title='bbox 578 583 731 624; x_wconf 64' lang='lat' dir='ltr'><strong>praefixa,</strong></span> <span class='ocrx_word' id='word_1_46' title='bbox 747 584 812 623; x_wconf 81' lang='lat' dir='ltr'><strong>sig-</strong></span> 
     </span>
     <span class='ocr_line' id='line_1_10' title="bbox 111 635 812 676; baseline -0.004 -8"><span class='ocrx_word' id='word_1_47' title='bbox 111 637 341 668; x_wconf 80' lang='lat' dir='ltr'><strong>nificationem</strong></span> <span class='ocrx_word' id='word_1_48' title='bbox 359 645 495 676; x_wconf 81' lang='lat' dir='ltr'>semper</span> <span class='ocrx_word' id='word_1_49' title='bbox 514 640 637 673; x_wconf 68' lang='lat' dir='ltr'><strong>augeat</strong></span> <span class='ocrx_word' id='word_1_50' title='bbox 653 640 686 666; x_wconf 88' lang='lat' dir='ltr'><strong>et</strong></span> <span class='ocrx_word' id='word_1_51' title='bbox 704 635 812 665; x_wconf 89' lang='lat' dir='ltr'><strong>inten-</strong></span> 
     </span>
     <span class='ocr_line' id='line_1_11' title="bbox 113 685 812 726; baseline -0.004 -8"><span class='ocrx_word' id='word_1_52' title='bbox 113 688 187 726; x_wconf 84' lang='lat' dir='ltr'><strong>dat,</strong></span> <span class='ocrx_word' id='word_1_53' title='bbox 215 692 251 718; x_wconf 89' lang='lat' dir='ltr'><strong>ut</strong></span> <span class='ocrx_word' id='word_1_54' title='bbox 278 686 630 726; x_wconf 71' lang='lat' dir='ltr'><strong>roesanus,voepallidus.</strong></span> <span class='ocrx_word' id='word_1_55' title='bbox 676 685 744 716; x_wconf 86' lang='lat' dir='ltr'><strong>Alii</strong></span> <span class='ocrx_word' id='word_1_56' title='bbox 769 685 812 716; x_wconf 92' lang='lat' dir='ltr'><strong>le-</strong></span> 
     </span>
     <span class='ocr_line' id='line_1_12' title="bbox 112 735 810 778; baseline -0.001 -11"><span class='ocrx_word' id='word_1_57' title='bbox 112 742 207 778; x_wconf 79' lang='lat' dir='ltr'><strong>gunt,</strong></span> <span class='ocrx_word' id='word_1_58' title='bbox 227 737 408 778; x_wconf 74' lang='lat' dir='ltr'><strong>proegraudi</strong></span> <span class='ocrx_word' id='word_1_59' title='bbox 422 735 718 774; x_wconf 50' lang='lat' dir='ltr'><strong>subere-Subest,</strong></span> <span class='ocrx_word' id='word_1_60' title='bbox 741 735 810 776; x_wconf 49' lang='grc' dir='ltr'><strong>ξω]</strong></span> 
     </span>
     <span class='ocr_line' id='line_1_13' title="bbox 108 788 807 829; baseline 0 -9"><span class='ocrx_word' id='word_1_61' title='bbox 108 789 218 820; x_wconf 88' lang='lat' dir='ltr'><strong>Suber</strong></span> <span class='ocrx_word' id='word_1_62' title='bbox 256 794 375 820; x_wconf 74' lang='lat' dir='ltr'><strong>cortex</strong></span> <span class='ocrx_word' id='word_1_63' title='bbox 418 788 560 819; x_wconf 83' lang='lat' dir='ltr'><strong>arboris.</strong></span> <span class='ocrx_word' id='word_1_64' title='bbox 618 789 781 829; x_wconf 68' lang='lat' dir='ltr'><strong>Virgilius</strong></span> <span class='ocrx_word' id='word_1_65' title='bbox 799 800 807 820; x_wconf 91' lang='lat'>:</span> 
     </span>
     <span class='ocr_line' id='line_1_14' title="bbox 107 839 811 879; baseline -0.001 -8"><span class='ocrx_word' id='word_1_66' title='bbox 107 842 117 857; x_wconf 87' lang='lat'>‘</span> <span class='ocrx_word' id='word_1_67' title='bbox 135 840 225 871; x_wconf 85' lang='lat' dir='ltr'><strong>Huic</strong></span> <span class='ocrx_word' id='word_1_68' title='bbox 250 845 362 870; x_wconf 78' lang='lat' dir='ltr'><strong>natam</strong></span> <span class='ocrx_word' id='word_1_69' title='bbox 389 839 487 878; x_wconf 82' lang='lat' dir='ltr'><strong>libro,</strong></span> <span class='ocrx_word' id='word_1_70' title='bbox 510 845 545 870; x_wconf 89' lang='lat' dir='ltr'><strong>et</strong></span> <span class='ocrx_word' id='word_1_71' title='bbox 572 840 729 879; x_wconf 86' lang='lat' dir='ltr'><strong>sylvestri</strong></span> <span class='ocrx_word' id='word_1_72' title='bbox 757 850 811 871; x_wconf 89' lang='lat' dir='ltr'><strong>su-</strong></span> 
     </span>
     <span class='ocr_line' id='line_1_15' title="bbox 108 889 810 930; baseline -0.001 -9"><span class='ocrx_word' id='word_1_73' title='bbox 108 890 189 921; x_wconf 85' lang='lat' dir='ltr'><strong>bere</strong></span> <span class='ocrx_word' id='word_1_74' title='bbox 204 889 376 921; x_wconf 55' lang='lat' dir='ltr'><strong>clausam)</strong></span> <span class='ocrx_word' id='word_1_75' title='bbox 400 889 553 921; x_wconf 74' lang='lat' dir='ltr'><strong>l&#39;et.Sch.</strong></span> <span class='ocrx_word' id='word_1_76' title='bbox 576 890 810 930; x_wconf 84' lang='lat' dir='ltr'><strong>Suber,arbor</strong></span> 
     </span>
     <span class='ocr_line' id='line_1_16' title="bbox 108 940 808 981; baseline 0.001 -10"><span class='ocrx_word' id='word_1_77' title='bbox 108 940 309 981; x_wconf 79' lang='lat' dir='ltr'>glandifera,</span> <span class='ocrx_word' id='word_1_78' title='bbox 333 950 444 971; x_wconf 89' lang='lat' dir='ltr'><strong>crasso</strong></span> <span class='ocrx_word' id='word_1_79' title='bbox 467 940 646 972; x_wconf 86' lang='lat' dir='ltr'>admodum</span> <span class='ocrx_word' id='word_1_80' title='bbox 665 941 808 980; x_wconf 79' lang='lat' dir='ltr'><strong>cortice,</strong></span> 
     </span>
     <span class='ocr_line' id='line_1_17' title="bbox 109 990 808 1030; baseline 0 -8"><span class='ocrx_word' id='word_1_81' title='bbox 109 990 401 1030; x_wconf 81' lang='lat' dir='ltr'><strong>Kork.—Coctum]</strong></span> <span class='ocrx_word' id='word_1_82' title='bbox 445 990 486 1021; x_wconf 92' lang='lat' dir='ltr'><strong>Id</strong></span> <span class='ocrx_word' id='word_1_83' title='bbox 504 995 569 1030; x_wconf 86' lang='lat' dir='ltr'><strong>est,</strong></span> <span class='ocrx_word' id='word_1_84' title='bbox 590 991 712 1022; x_wconf 86' lang='lat' dir='ltr'><strong>Calore</strong></span> <span class='ocrx_word' id='word_1_85' title='bbox 729 992 808 1022; x_wconf 87' lang='lat' dir='ltr'><strong>solis</strong></span> 
     </span>
     <span class='ocr_line' id='line_1_18' title="bbox 107 1040 807 1082; baseline 0 -9"><span class='ocrx_word' id='word_1_86' title='bbox 107 1042 328 1073; x_wconf 70' lang='lat' dir='ltr'><strong>exsiccatum.</strong></span> <span class='ocrx_word' id='word_1_87' title='bbox 344 1041 456 1072; x_wconf 78' lang='lat' dir='ltr'><strong>Lubi&#39;n.</strong></span> <span class='ocrx_word' id='word_1_88' title='bbox 489 1040 659 1082; x_wconf 83' lang='lat' dir='ltr'><strong>Quicquid</strong></span> <span class='ocrx_word' id='word_1_89' title='bbox 671 1042 807 1073; x_wconf 79' lang='lat' dir='ltr'><strong>laudare</strong></span> 
     </span>
     <span class='ocr_line' id='line_1_19' title="bbox 107 1091 807 1129; baseline 0.001 -8"><span class='ocrx_word' id='word_1_90' title='bbox 107 1092 247 1129; x_wconf 79' lang='lat' dir='ltr'><strong>vellent,</strong></span> <span class='ocrx_word' id='word_1_91' title='bbox 268 1094 386 1122; x_wconf 81' lang='lat' dir='ltr'><strong>coctum</strong></span> <span class='ocrx_word' id='word_1_92' title='bbox 413 1091 599 1122; x_wconf 79' lang='lat' dir='ltr'><strong>vocabant:</strong></span> <span class='ocrx_word' id='word_1_93' title='bbox 625 1096 662 1122; x_wconf 89' lang='lat' dir='ltr'><strong>ut</strong></span> <span class='ocrx_word' id='word_1_94' title='bbox 689 1097 807 1123; x_wconf 77' lang='lat' dir='ltr'><strong>contra</strong></span> 
     </span>
     <span class='ocr_line' id='line_1_20' title="bbox 105 1141 742 1183; baseline -0.002 -11"><span class='ocrx_word' id='word_1_95' title='bbox 105 1151 182 1183; x_wconf 80' lang='lat' dir='ltr'><strong>quae</strong></span> <span class='ocrx_word' id='word_1_96' title='bbox 199 1142 451 1182; x_wconf 74' lang='lat' dir='ltr'><strong>vituperabant,</strong></span> <span class='ocrx_word' id='word_1_97' title='bbox 465 1141 583 1172; x_wconf 87' lang='lat' dir='ltr'><strong>cruda.</strong></span> <span class='ocrx_word' id='word_1_98' title='bbox 609 1141 742 1172; x_wconf 66' lang='lat' dir='ltr'><strong>Casuub⁴</strong></span> 
     </span>
    </p>

    <p class='ocr_par' dir='ltr' id='par_1_3' title="bbox 99 1193 806 2291">
     <span class='ocr_line' id='line_1_21' title="bbox 148 1193 805 1234; baseline -0.002 -10"><span class='ocrx_word' id='word_1_99' title='bbox 148 1196 191 1224; x_wconf 79' lang='lat'><strong>98</strong></span> <span class='ocrx_word' id='word_1_100' title='bbox 215 1193 386 1234; x_wconf 81' lang='lat' dir='ltr'><strong>Quidnam,</strong></span> <span class='ocrx_word' id='word_1_101' title='bbox 402 1194 472 1234; x_wconf 51' lang='lat' dir='ltr'><strong>ea]</strong></span> <span class='ocrx_word' id='word_1_102' title='bbox 518 1195 687 1226; x_wconf 79' lang='lat' dir='ltr'><strong>Quoniam</strong></span> <span class='ocrx_word' id='word_1_103' title='bbox 713 1203 805 1233; x_wconf 84' lang='lat' dir='ltr'><strong>ergo,</strong></span> 
     </span>
     <span class='ocr_line' id='line_1_22' title="bbox 105 1242 805 1283; baseline 0.001 -10"><span class='ocrx_word' id='word_1_104' title='bbox 105 1252 124 1274; x_wconf 95' lang='lat' dir='ltr'><strong>o</strong></span> <span class='ocrx_word' id='word_1_105' title='bbox 142 1242 252 1282; x_wconf 88' lang='lat' dir='ltr'><strong>Persi,</strong></span> <span class='ocrx_word' id='word_1_106' title='bbox 275 1244 387 1274; x_wconf 88' lang='lat' dir='ltr'><strong>omnia</strong></span> <span class='ocrx_word' id='word_1_107' title='bbox 412 1253 511 1282; x_wconf 86' lang='lat' dir='ltr'><strong>vana,</strong></span> <span class='ocrx_word' id='word_1_108' title='bbox 536 1243 682 1283; x_wconf 82' lang='lat' dir='ltr'><strong>turgida,</strong></span> <span class='ocrx_word' id='word_1_109' title='bbox 705 1248 740 1274; x_wconf 87' lang='lat' dir='ltr'><strong>et</strong></span> <span class='ocrx_word' id='word_1_110' title='bbox 763 1244 805 1274; x_wconf 90' lang='lat' dir='ltr'><strong>ad</strong></span> 
     </span>
     <span class='ocr_line' id='line_1_23' title="bbox 106 1293 805 1335; baseline 0 -11"><span class='ocrx_word' id='word_1_111' title='bbox 106 1303 255 1325; x_wconf 88' lang='lat' dir='ltr'><strong>rumores</strong></span> <span class='ocrx_word' id='word_1_112' title='bbox 305 1294 421 1335; x_wconf 89' lang='lat' dir='ltr'><strong>populi</strong></span> <span class='ocrx_word' id='word_1_113' title='bbox 468 1293 697 1334; x_wconf 82' lang='lat' dir='ltr'><strong>aucupandos,</strong></span> <span class='ocrx_word' id='word_1_114' title='bbox 744 1293 805 1324; x_wconf 90' lang='lat' dir='ltr'><strong>tibi</strong></span> 
     </span>
     <span class='ocr_line' id='line_1_24' title="bbox 104 1343 806 1385; baseline -0.001 -10"><span class='ocrx_word' id='word_1_115' title='bbox 104 1349 301 1384; x_wconf 80' lang='lat' dir='ltr'><strong>comparata</strong></span> <span class='ocrx_word' id='word_1_116' title='bbox 316 1344 492 1375; x_wconf 88' lang='lat' dir='ltr'><strong>videntur:</strong></span> <span class='ocrx_word' id='word_1_117' title='bbox 519 1343 680 1385; x_wconf 88' lang='lat' dir='ltr'><strong>quidnam</strong></span> <span class='ocrx_word' id='word_1_118' title='bbox 703 1344 806 1384; x_wconf 85' lang='lat' dir='ltr'><strong>igitur</strong></span> 
     </span>
     <span class='ocr_line' id='line_1_25' title="bbox 103 1394 805 1436; baseline -0.001 -11"><span class='ocrx_word' id='word_1_119' title='bbox 103 1395 241 1426; x_wconf 85' lang='lat' dir='ltr'><strong>tandem</strong></span> <span class='ocrx_word' id='word_1_120' title='bbox 279 1400 445 1434; x_wconf 86' lang='lat' dir='ltr'><strong>tenerum,</strong></span> <span class='ocrx_word' id='word_1_121' title='bbox 482 1395 595 1433; x_wconf 87' lang='lat' dir='ltr'><strong>molle,</strong></span> <span class='ocrx_word' id='word_1_122' title='bbox 628 1394 805 1436; x_wconf 84' lang='lat' dir='ltr'><strong>minusque</strong></span> 
     </span>
     <span class='ocr_line' id='line_1_26' title="bbox 104 1445 802 1486; baseline 0 -10"><span class='ocrx_word' id='word_1_123' title='bbox 104 1455 261 1486; x_wconf 85' lang='lat' dir='ltr'><strong>asperum</strong></span> <span class='ocrx_word' id='word_1_124' title='bbox 286 1451 322 1476; x_wconf 91' lang='lat' dir='ltr'><strong>et</strong></span> <span class='ocrx_word' id='word_1_125' title='bbox 349 1445 536 1476; x_wconf 85' lang='lat' dir='ltr'><strong>tumidum?</strong></span> <span class='ocrx_word' id='word_1_126' title='bbox 562 1445 666 1477; x_wconf 84' lang='lat' dir='ltr'><strong>Quasi</strong></span> <span class='ocrx_word' id='word_1_127' title='bbox 689 1445 802 1476; x_wconf 85' lang='lat' dir='ltr'><strong>dieat:</strong></span> 
     </span>
     <span class='ocr_line' id='line_1_27' title="bbox 105 1495 803 1537; baseline -0.001 -10"><span class='ocrx_word' id='word_1_128' title='bbox 105 1496 177 1535; x_wconf 76' lang='lat' dir='ltr'><strong>Age</strong></span> <span class='ocrx_word' id='word_1_129' title='bbox 193 1496 352 1537; x_wconf 84' lang='lat' dir='ltr'><strong>quidnam</strong></span> <span class='ocrx_word' id='word_1_130' title='bbox 372 1495 508 1527; x_wconf 88' lang='lat' dir='ltr'><strong>tandem</strong></span> <span class='ocrx_word' id='word_1_131' title='bbox 531 1500 584 1526; x_wconf 85' lang='lat' dir='ltr'><strong>est</strong></span> <span class='ocrx_word' id='word_1_132' title='bbox 604 1495 803 1527; x_wconf 85' lang='lat' dir='ltr'><strong>concinnum</strong></span> 
     </span>
     <span class='ocr_line' id='line_1_28' title="bbox 102 1545 802 1587; baseline 0 -10"><span class='ocrx_word' id='word_1_133' title='bbox 102 1552 137 1578; x_wconf 89' lang='lat' dir='ltr'><strong>et</strong></span> <span class='ocrx_word' id='word_1_134' title='bbox 154 1552 307 1577; x_wconf 87' lang='lat' dir='ltr'><strong>tenerum</strong></span> <span class='ocrx_word' id='word_1_135' title='bbox 323 1551 357 1577; x_wconf 90' lang='lat' dir='ltr'><strong>et</strong></span> <span class='ocrx_word' id='word_1_136' title='bbox 374 1556 440 1576; x_wconf 89' lang='lat' dir='ltr'><strong>non</strong></span> <span class='ocrx_word' id='word_1_137' title='bbox 459 1545 526 1577; x_wconf 87' lang='lat' dir='ltr'><strong>tale</strong></span> <span class='ocrx_word' id='word_1_138' title='bbox 547 1555 696 1584; x_wconf 88' lang='lat' dir='ltr'><strong>carmen,</strong></span> <span class='ocrx_word' id='word_1_139' title='bbox 712 1546 802 1587; x_wconf 85' lang='lat' dir='ltr'><strong>quod</strong></span> 
     </span>
     <span class='ocr_line' id='line_1_29' title="bbox 102 1597 801 1639; baseline -0.003 -10"><span class='ocrx_word' id='word_1_140' title='bbox 102 1599 260 1639; x_wconf 82' lang='lat' dir='ltr'><strong>pinguem</strong></span> <span class='ocrx_word' id='word_1_141' title='bbox 298 1598 460 1629; x_wconf 86' lang='lat' dir='ltr'><strong>corticem</strong></span> <span class='ocrx_word' id='word_1_142' title='bbox 505 1597 801 1637; x_wconf 79' lang='lat' dir='ltr'><strong>habeat?—La:ca‚</strong></span> 
     </span>
     <span class='ocr_line' id='line_1_30' title="bbox 101 1646 802 1688; baseline 0 -10"><span class='ocrx_word' id='word_1_143' title='bbox 101 1648 168 1688; x_wconf 50' lang='lat' dir='ltr'><strong>Qu]</strong></span> <span class='ocrx_word' id='word_1_144' title='bbox 214 1648 255 1678; x_wconf 92' lang='lat' dir='ltr'><strong>Id</strong></span> <span class='ocrx_word' id='word_1_145' title='bbox 283 1652 348 1686; x_wconf 86' lang='lat' dir='ltr'><strong>est,</strong></span> <span class='ocrx_word' id='word_1_146' title='bbox 378 1647 411 1677; x_wconf 88' lang='lat' dir='ltr'><strong>in</strong></span> <span class='ocrx_word' id='word_1_147' title='bbox 441 1656 507 1688; x_wconf 91' lang='lat' dir='ltr'><strong>quo</strong></span> <span class='ocrx_word' id='word_1_148' title='bbox 534 1646 802 1686; x_wconf 86' lang='lat' dir='ltr'><strong>pronunciando,</strong></span> 
     </span>
     <span class='ocr_line' id='line_1_31' title="bbox 101 1696 802 1739; baseline -0.001 -10"><span class='ocrx_word' id='word_1_149' title='bbox 101 1702 223 1738; x_wconf 81' lang='lat' dir='ltr'><strong>utpote</strong></span> <span class='ocrx_word' id='word_1_150' title='bbox 239 1698 374 1739; x_wconf 83' lang='lat' dir='ltr'><strong>turgido</strong></span> <span class='ocrx_word' id='word_1_151' title='bbox 392 1702 428 1728; x_wconf 94' lang='lat' dir='ltr'><strong>et</strong></span> <span class='ocrx_word' id='word_1_152' title='bbox 451 1696 580 1736; x_wconf 85' lang='lat' dir='ltr'><strong>inflato,</strong></span> <span class='ocrx_word' id='word_1_153' title='bbox 606 1706 672 1728; x_wconf 90' lang='lat' dir='ltr'><strong>non</strong></span> <span class='ocrx_word' id='word_1_154' title='bbox 696 1698 802 1738; x_wconf 83' lang='lat' dir='ltr'><strong>pulmo</strong></span> 
     </span>
     <span class='ocr_line' id='line_1_32' title="bbox 99 1748 801 1789; baseline -0.001 -9"><span class='ocrx_word' id='word_1_155' title='bbox 99 1750 210 1780; x_wconf 82' lang='lat' dir='ltr'><strong>am&#39;moe</strong></span> <span class='ocrx_word' id='word_1_156' title='bbox 222 1750 398 1789; x_wconf 65' lang='lat' dir='ltr'><strong>pra’largus</strong></span> <span class='ocrx_word' id='word_1_157' title='bbox 412 1749 542 1779; x_wconf 75' lang='lat' dir='ltr'><strong>anhelet.</strong></span> <span class='ocrx_word' id='word_1_158' title='bbox 566 1748 607 1779; x_wconf 92' lang='lat' dir='ltr'><strong>Id</strong></span> <span class='ocrx_word' id='word_1_159' title='bbox 622 1753 687 1788; x_wconf 80' lang='lat' dir='ltr'><strong>est,</strong></span> <span class='ocrx_word' id='word_1_160' title='bbox 701 1749 801 1782; x_wconf 84' lang='lat' dir='ltr'><strong>Quod</strong></span> 
     </span>
     <span class='ocr_line' id='line_1_33' title="bbox 102 1799 801 1840; baseline 0 -10"><span class='ocrx_word' id='word_1_161' title='bbox 102 1809 166 1830; x_wconf 89' lang='lat' dir='ltr'><strong>non</strong></span> <span class='ocrx_word' id='word_1_162' title='bbox 184 1799 230 1830; x_wconf 85' lang='lat' dir='ltr'><strong>sit</strong></span> <span class='ocrx_word' id='word_1_163' title='bbox 244 1799 429 1839; x_wconf 84' lang='lat' dir='ltr'><strong>turgidum,</strong></span> <span class='ocrx_word' id='word_1_164' title='bbox 444 1804 479 1829; x_wconf 90' lang='lat' dir='ltr'><strong>et</strong></span> <span class='ocrx_word' id='word_1_165' title='bbox 495 1809 560 1829; x_wconf 91' lang='lat' dir='ltr'><strong>non</strong></span> <span class='ocrx_word' id='word_1_166' title='bbox 579 1804 646 1829; x_wconf 87' lang='lat' dir='ltr'><strong>tam</strong></span> <span class='ocrx_word' id='word_1_167' title='bbox 669 1799 801 1840; x_wconf 87' lang='lat' dir='ltr'><strong>magnis</strong></span> 
     </span>
     <span class='ocr_line' id='line_1_34' title="bbox 101 1850 801 1890; baseline 0 -10"><span class='ocrx_word' id='word_1_168' title='bbox 101 1851 246 1881; x_wconf 86' lang='lat' dir='ltr'><strong>laterum</strong></span> <span class='ocrx_word' id='word_1_169' title='bbox 263 1850 389 1880; x_wconf 72' lang='lat' dir='ltr'><strong>vii-ibus</strong></span> <span class='ocrx_word' id='word_1_170' title='bbox 405 1855 440 1880; x_wconf 91' lang='lat' dir='ltr'><strong>et</strong></span> <span class='ocrx_word' id='word_1_171' title='bbox 465 1859 587 1890; x_wconf 84' lang='lat' dir='ltr'><strong>magna</strong></span> <span class='ocrx_word' id='word_1_172' title='bbox 603 1850 696 1880; x_wconf 86' lang='lat' dir='ltr'><strong>vocis</strong></span> <span class='ocrx_word' id='word_1_173' title='bbox 723 1860 801 1880; x_wconf 90' lang='lat' dir='ltr'><strong>con-</strong></span> 
     </span>
     <span class='ocr_line' id='line_1_35' title="bbox 102 1899 800 1940; baseline 0 -9"><span class='ocrx_word' id='word_1_174' title='bbox 102 1901 253 1931; x_wconf 85' lang='lat' dir='ltr'><strong>tentione</strong></span> <span class='ocrx_word' id='word_1_175' title='bbox 279 1900 536 1940; x_wconf 70' lang='lat' dir='ltr'><strong>pronunciet-ir,</strong></span> <span class='ocrx_word' id='word_1_176' title='bbox 551 1899 611 1930; x_wconf 91' lang='lat' dir='ltr'><strong>sed</strong></span> <span class='ocrx_word' id='word_1_177' title='bbox 638 1900 714 1930; x_wconf 88' lang='lat' dir='ltr'><strong>laxa</strong></span> <span class='ocrx_word' id='word_1_178' title='bbox 729 1910 800 1931; x_wconf 87' lang='lat' dir='ltr'><strong>cer-</strong></span> 
     </span>
     <span class='ocr_line' id='line_1_36' title="bbox 100 1949 800 1989; baseline 0.001 -9"><span class='ocrx_word' id='word_1_179' title='bbox 100 1951 186 1987; x_wconf 88' lang='lat' dir='ltr'><strong>vice,</strong></span> <span class='ocrx_word' id='word_1_180' title='bbox 216 1960 282 1981; x_wconf 87' lang='lat' dir='ltr'><strong>non</strong></span> <span class='ocrx_word' id='word_1_181' title='bbox 309 1950 406 1980; x_wconf 89' lang='lat' dir='ltr'><strong>nimis</strong></span> <span class='ocrx_word' id='word_1_182' title='bbox 436 1949 542 1989; x_wconf 87' lang='lat' dir='ltr'><strong>firma,</strong></span> <span class='ocrx_word' id='word_1_183' title='bbox 570 1955 732 1981; x_wconf 88' lang='lat' dir='ltr'><strong>contenta</strong></span> <span class='ocrx_word' id='word_1_184' title='bbox 766 1956 800 1981; x_wconf 87' lang='lat' dir='ltr'><strong>et</strong></span> 
     </span>
     <span class='ocr_line' id='line_1_37' title="bbox 100 1999 799 2042; baseline -0.001 -10"><span class='ocrx_word' id='word_1_185' title='bbox 100 2001 220 2042; x_wconf 84' lang='lat' dir='ltr'><strong>rigida.</strong></span> <span class='ocrx_word' id='word_1_186' title='bbox 244 2000 505 2039; x_wconf 64' lang='lat' dir='ltr'><strong>habim—Luxu,</strong></span> <span class='ocrx_word' id='word_1_187' title='bbox 520 1999 588 2040; x_wconf 52' lang='grc' dir='ltr'><strong>ξω]</strong></span> <span class='ocrx_word' id='word_1_188' title='bbox 612 1999 799 2031; x_wconf 87' lang='lat' dir='ltr'><strong>Alluditad</strong></span> 
     </span>
     <span class='ocr_line' id='line_1_38' title="bbox 100 2049 800 2092; baseline 0 -10"><span class='ocrx_word' id='word_1_189' title='bbox 100 2052 319 2082; x_wconf 82' lang='lat' dir='ltr'><strong>recitationes</strong></span> <span class='ocrx_word' id='word_1_190' title='bbox 347 2061 421 2092; x_wconf 85' lang='lat' dir='ltr'><strong>quae</strong></span> <span class='ocrx_word' id='word_1_191' title='bbox 436 2050 565 2081; x_wconf 84' lang='lat' dir='ltr'><strong>fiebant</strong></span> <span class='ocrx_word' id='word_1_192' title='bbox 591 2049 634 2080; x_wconf 91' lang='lat' dir='ltr'><strong>de</strong></span> <span class='ocrx_word' id='word_1_193' title='bbox 657 2050 800 2090; x_wconf 87' lang='lat' dir='ltr'><strong>scripto.</strong></span> 
     </span>
     <span class='ocr_line' id='line_1_39' title="bbox 102 2101 801 2140; baseline -0.003 -7"><span class='ocrx_word' id='word_1_194' title='bbox 102 2101 168 2134; x_wconf 84' lang='lat' dir='ltr'><strong>Qui</strong></span> <span class='ocrx_word' id='word_1_195' title='bbox 182 2101 331 2132; x_wconf 88' lang='lat' dir='ltr'><strong>molliter</strong></span> <span class='ocrx_word' id='word_1_196' title='bbox 354 2101 558 2140; x_wconf 69' lang='lat' dir='ltr'><strong>recitabant,</strong></span> <span class='ocrx_word' id='word_1_197' title='bbox 574 2101 676 2132; x_wconf 86' lang='lat' dir='ltr'><strong>etiam</strong></span> <span class='ocrx_word' id='word_1_198' title='bbox 692 2101 801 2131; x_wconf 89' lang='lat' dir='ltr'><strong>cervi-</strong></span> 
     </span>
     <span class='ocr_line' id='line_1_40' title="bbox 100 2151 800 2191; baseline 0 -9"><span class='ocrx_word' id='word_1_199' title='bbox 100 2161 174 2182; x_wconf 87' lang='lat' dir='ltr'><strong>cem</strong></span> <span class='ocrx_word' id='word_1_200' title='bbox 191 2161 250 2182; x_wconf 86' lang='lat' dir='ltr'><strong>suo</strong></span> <span class='ocrx_word' id='word_1_201' title='bbox 278 2151 424 2191; x_wconf 86' lang='lat' dir='ltr'><strong>quodam</strong></span> <span class='ocrx_word' id='word_1_202' title='bbox 452 2156 488 2182; x_wconf 89' lang='lat' dir='ltr'><strong>et</strong></span> <span class='ocrx_word' id='word_1_203' title='bbox 511 2151 676 2191; x_wconf 85' lang='lat' dir='ltr'><strong>peculiari</strong></span> <span class='ocrx_word' id='word_1_204' title='bbox 700 2151 800 2182; x_wconf 91' lang='lat' dir='ltr'><strong>modo</strong></span> 
     </span>
     <span class='ocr_line' id='line_1_41' title="bbox 101 2200 800 2241; baseline 0 -9"><span class='ocrx_word' id='word_1_205' title='bbox 101 2200 342 2232; x_wconf 79' lang='lat' dir='ltr'><strong>inflectebant:</strong></span> <span class='ocrx_word' id='word_1_206' title='bbox 363 2201 388 2231; x_wconf 90' lang='lat' dir='ltr'><strong>is</strong></span> <span class='ocrx_word' id='word_1_207' title='bbox 404 2200 530 2241; x_wconf 88' lang='lat' dir='ltr'><strong>quippe</strong></span> <span class='ocrx_word' id='word_1_208' title='bbox 546 2211 617 2231; x_wconf 90' lang='lat' dir='ltr'><strong>mos</strong></span> <span class='ocrx_word' id='word_1_209' title='bbox 631 2211 670 2232; x_wconf 88' lang='lat' dir='ltr'><strong>ac</strong></span> <span class='ocrx_word' id='word_1_210' title='bbox 685 2206 800 2241; x_wconf 85' lang='lat' dir='ltr'><strong>gestus</strong></span> 
     </span>
     <span class='ocr_line' id='line_1_42' title="bbox 100 2250 720 2291; baseline -0.003 -8"><span class='ocrx_word' id='word_1_211' title='bbox 100 2253 319 2284; x_wconf 86' lang='lat' dir='ltr'><strong>delicatorum</strong></span> <span class='ocrx_word' id='word_1_212' title='bbox 337 2259 372 2283; x_wconf 86' lang='lat' dir='ltr'><strong>et</strong></span> <span class='ocrx_word' id='word_1_213' title='bbox 387 2250 560 2291; x_wconf 72' lang='grc' dir='ltr'>τρυφή-νων.</span> <span class='ocrx_word' id='word_1_214' title='bbox 587 2251 720 2282; x_wconf 79' lang='lat' dir='ltr'><strong>Casaub.</strong></span> 
     </span>
    </p>

    <p class='ocr_par' dir='ltr' id='par_1_4' title="bbox 97 2302 800 2738">
     <span class='ocr_line' id='line_1_43' title="bbox 141 2302 800 2343; baseline 0 -9"><span class='ocrx_word' id='word_1_215' title='bbox 141 2306 183 2334; x_wconf 80' lang='lat'><strong>99</strong></span> <span class='ocrx_word' id='word_1_216' title='bbox 202 2304 311 2340; x_wconf 78' lang='lat' dir='ltr'><strong>Tor-ra,</strong></span> <span class='ocrx_word' id='word_1_217' title='bbox 326 2303 394 2343; x_wconf 49' lang='grc' dir='ltr'><strong>εγω]</strong></span> <span class='ocrx_word' id='word_1_218' title='bbox 410 2304 535 2334; x_wconf 79' lang='lat' dir='ltr'><strong>Versus</strong></span> <span class='ocrx_word' id='word_1_219' title='bbox 550 2302 699 2333; x_wconf 79' lang='lat' dir='ltr'><strong>Neronis</strong></span> <span class='ocrx_word' id='word_1_220' title='bbox 711 2306 800 2334; x_wconf 72' lang='lat' dir='ltr'><strong>sunt,</strong></span> 
     </span>
     <span class='ocr_line' id='line_1_44' title="bbox 97 2353 800 2394; baseline -0.003 -8"><span class='ocrx_word' id='word_1_221' title='bbox 97 2354 367 2394; x_wconf 79' lang='lat' dir='ltr'><strong>-Mz&#39;mall‹›neis]</strong></span> <span class='ocrx_word' id='word_1_222' title='bbox 404 2355 617 2385; x_wconf 84' lang='lat' dir='ltr'><strong>Mimallones</strong></span> <span class='ocrx_word' id='word_1_223' title='bbox 639 2353 800 2385; x_wconf 88' lang='lat' dir='ltr'><strong>dicuntur</strong></span> 
     </span>
     <span class='ocr_line' id='line_1_45' title="bbox 98 2403 799 2445; baseline -0.003 -9"><span class='ocrx_word' id='word_1_224' title='bbox 98 2405 242 2436; x_wconf 86' lang='lat' dir='ltr'><strong>ministri</strong></span> <span class='ocrx_word' id='word_1_225' title='bbox 267 2404 381 2436; x_wconf 74' lang='lat' dir='ltr'><strong>Liberi</strong></span> <span class='ocrx_word' id='word_1_226' title='bbox 404 2405 524 2445; x_wconf 62' lang='lat' dir='ltr'><strong>patrie,</strong></span> <span class='ocrx_word' id='word_1_227' title='bbox 548 2403 608 2434; x_wconf 81' lang='grc' dir='ltr'><strong>ἀπὸ</strong></span> <span class='ocrx_word' id='word_1_228' title='bbox 633 2405 689 2441; x_wconf 83' lang='grc' dir='ltr'><strong>τῆς</strong></span> <span class='ocrx_word' id='word_1_229' title='bbox 711 2403 799 2443; x_wconf 67' lang='grc' dir='ltr'>μιμή-</span> 
     </span>
     <span class='ocr_line' id='line_1_46' title="bbox 97 2454 797 2494; baseline 0 -9"><span class='ocrx_word' id='word_1_230' title='bbox 97 2467 184 2487; x_wconf 84' lang='grc' dir='ltr'>σεως.</span> <span class='ocrx_word' id='word_1_231' title='bbox 230 2454 416 2486; x_wconf 82' lang='lat' dir='ltr'><strong>Calandrns</strong></span> <span class='ocrx_word' id='word_1_232' title='bbox 443 2454 638 2494; x_wconf 82' lang='lat' dir='ltr'><strong>Illyriorum</strong></span> <span class='ocrx_word' id='word_1_233' title='bbox 659 2455 733 2485; x_wconf 86' lang='lat' dir='ltr'><strong>Rex</strong></span> <span class='ocrx_word' id='word_1_234' title='bbox 754 2455 797 2485; x_wconf 91' lang='lat' dir='ltr'><strong>ad</strong></span> 
     </span>
     <span class='ocr_line' id='line_1_47' title="bbox 98 2504 796 2536; baseline 0 0"><span class='ocrx_word' id='word_1_235' title='bbox 98 2505 337 2536; x_wconf 81' lang='lat' dir='ltr'><strong>Macedoniani</strong></span> <span class='ocrx_word' id='word_1_236' title='bbox 377 2514 453 2534; x_wconf 88' lang='lat' dir='ltr'><strong>cnm</strong></span> <span class='ocrx_word' id='word_1_237' title='bbox 492 2504 644 2534; x_wconf 79' lang='lat' dir='ltr'><strong>exercitu</strong></span> <span class='ocrx_word' id='word_1_238' title='bbox 682 2505 796 2536; x_wconf 67' lang='lat' dir='ltr'><strong>venit:</strong></span> 
     </span>
     <span class='ocr_line' id='line_1_48' title="bbox 97 2556 797 2595; baseline 0.001 -10"><span class='ocrx_word' id='word_1_239' title='bbox 97 2556 305 2586; x_wconf 81' lang='lat' dir='ltr'><strong>Macedones</strong></span> <span class='ocrx_word' id='word_1_240' title='bbox 333 2565 409 2586; x_wconf 91' lang='lat' dir='ltr'><strong>cum</strong></span> <span class='ocrx_word' id='word_1_241' title='bbox 439 2564 575 2595; x_wconf 85' lang='lat' dir='ltr'><strong>parvum</strong></span> <span class='ocrx_word' id='word_1_242' title='bbox 607 2556 797 2587; x_wconf 85' lang='lat' dir='ltr'><strong>exercitum</strong></span> 
     </span>
     <span class='ocr_line' id='line_1_49' title="bbox 98 2605 796 2646; baseline 0.001 -11"><span class='ocrx_word' id='word_1_243' title='bbox 98 2605 278 2643; x_wconf 83' lang='lat' dir='ltr'><strong>haherent,</strong></span> <span class='ocrx_word' id='word_1_244' title='bbox 303 2606 464 2646; x_wconf 87' lang='lat' dir='ltr'><strong>plurimas</strong></span> <span class='ocrx_word' id='word_1_245' title='bbox 490 2605 645 2636; x_wconf 87' lang='lat' dir='ltr'><strong>mulieres</strong></span> <span class='ocrx_word' id='word_1_246' title='bbox 661 2606 796 2637; x_wconf 87' lang='lat' dir='ltr'><strong>cothur-</strong></span> 
     </span>
     <span class='ocr_line' id='line_1_50' title="bbox 99 2650 796 2694; baseline 0 -8"><span class='ocrx_word' id='word_1_247' title='bbox 99 2656 151 2686; x_wconf 86' lang='lat' dir='ltr'><strong>nis</strong></span> <span class='ocrx_word' id='word_1_248' title='bbox 169 2658 204 2685; x_wconf 83' lang='lat' dir='ltr'><strong>et</strong></span> <span class='ocrx_word' id='word_1_249' title='bbox 228 2655 350 2694; x_wconf 72' lang='lat' dir='ltr'><strong>thyrsis</strong></span> <span class='ocrx_word' id='word_1_250' title='bbox 373 2656 404 2686; x_wconf 92' lang='lat' dir='ltr'><strong>in</strong></span> <span class='ocrx_word' id='word_1_251' title='bbox 427 2650 560 2686; x_wconf 78' lang='lat' dir='ltr'><strong>modum</strong></span> <span class='ocrx_word' id='word_1_252' title='bbox 584 2656 796 2686; x_wconf 86' lang='lat' dir='ltr'><strong>Baccharum</strong></span> 
     </span>
     <span class='ocr_line' id='line_1_51' title="bbox 98 2705 796 2738; baseline 0.001 -1"><span class='ocrx_word' id='word_1_253' title='bbox 98 2709 313 2737; x_wconf 79' lang='lat' dir='ltr'><strong>ornaverunt.</strong></span> <span class='ocrx_word' id='word_1_254' title='bbox 343 2705 400 2736; x_wconf 93' lang='lat' dir='ltr'><strong>Illi</strong></span> <span class='ocrx_word' id='word_1_255' title='bbox 411 2705 592 2738; x_wconf 82' lang='lat' dir='ltr'><strong>credentes</strong></span> <span class='ocrx_word' id='word_1_256' title='bbox 607 2706 796 2738; x_wconf 79' lang='lat' dir='ltr'><strong>exercitum</strong></span> 
     </span>
    </p>
   </div>
   <div class='ocr_carea' id='block_1_3' title="bbox 865 123 1573 166">
    <p class='ocr_par' dir='ltr' id='par_1_5' title="bbox 865 123 1573 166">
     <span class='ocr_line' id='line_1_52' title="bbox 865 123 1573 166; baseline 0 -2"><span class='ocrx_word' id='word_1_257' title='bbox 865 132 972 166; x_wconf 68' lang='lat' dir='ltr'><strong>sm.</strong></span> <span class='ocrx_word' id='word_1_258' title='bbox 1005 134 1035 165; x_wconf 89' lang='lat'><strong>1.</strong></span> <span class='ocrx_word' id='word_1_259' title='bbox 1488 123 1573 164; x_wconf 78' lang='lat'><strong>215</strong></span> 
     </span>
    </p>
   </div>
   <div class='ocr_carea' id='block_1_4' title="bbox 845 227 1575 2748">
    <p class='ocr_par' dir='ltr' id='par_1_6' title="bbox 861 227 1575 1224">
     <span class='ocr_line' id='line_1_53' title="bbox 869 227 1575 266; baseline -0.003 -7"><span class='ocrx_word' id='word_1_260' title='bbox 869 228 1069 266; x_wconf 81' lang='lat' dir='ltr'><strong>adventare,</strong></span> <span class='ocrx_word' id='word_1_261' title='bbox 1096 227 1336 261; x_wconf 76' lang='lat' dir='ltr'><strong>discesserunt.</strong></span> <span class='ocrx_word' id='word_1_262' title='bbox 1366 227 1436 259; x_wconf 78' lang='lat' dir='ltr'><strong>Vet.</strong></span> <span class='ocrx_word' id='word_1_263' title='bbox 1455 227 1575 258; x_wconf 75' lang='lat' dir='ltr'><strong>Seli.—</strong></span> 
     </span>
     <span class='ocr_line' id='line_1_54' title="bbox 872 278 1575 321; baseline -0.003 -10"><span class='ocrx_word' id='word_1_264' title='bbox 872 281 980 321; x_wconf 69' lang='grc' dir='ltr'><strong>Τοντα,</strong></span> <span class='ocrx_word' id='word_1_265' title='bbox 1005 280 1074 320; x_wconf 70' lang='lat' dir='ltr'><strong>Bm]</strong></span> <span class='ocrx_word' id='word_1_266' title='bbox 1118 279 1320 321; x_wconf 85' lang='lat' dir='ltr'><strong>Respondet</strong></span> <span class='ocrx_word' id='word_1_267' title='bbox 1346 278 1485 310; x_wconf 80' lang='lat' dir='ltr'><strong>Persius</strong></span> <span class='ocrx_word' id='word_1_268' title='bbox 1512 288 1575 319; x_wconf 88' lang='lat' dir='ltr'><strong>per</strong></span> 
     </span>
     <span class='ocr_line' id='line_1_55' title="bbox 868 329 1571 363; baseline -0.001 -1"><span class='ocrx_word' id='word_1_269' title='bbox 868 331 1027 362; x_wconf 89' lang='lat' dir='ltr'><strong>Ironiam.</strong></span> <span class='ocrx_word' id='word_1_270' title='bbox 1089 331 1196 363; x_wconf 85' lang='lat' dir='ltr'><strong>Quasi</strong></span> <span class='ocrx_word' id='word_1_271' title='bbox 1234 329 1347 361; x_wconf 81' lang='lat' dir='ltr'><strong>dicat:</strong></span> <span class='ocrx_word' id='word_1_272' title='bbox 1382 329 1476 360; x_wconf 86' lang='lat' dir='ltr'><strong>Tune</strong></span> <span class='ocrx_word' id='word_1_273' title='bbox 1508 330 1571 361; x_wconf 86' lang='lat' dir='ltr'><strong>hoc</strong></span> 
     </span>
     <span class='ocr_line' id='line_1_56' title="bbox 868 380 1572 422; baseline -0.001 -12"><span class='ocrx_word' id='word_1_274' title='bbox 868 383 1010 422; x_wconf 74' lang='lat' dir='ltr'><strong>quaeris?</strong></span> <span class='ocrx_word' id='word_1_275' title='bbox 1039 382 1173 422; x_wconf 84' lang='lat' dir='ltr'><strong>Nempe</strong></span> <span class='ocrx_word' id='word_1_276' title='bbox 1190 381 1253 412; x_wconf 90' lang='lat' dir='ltr'><strong>hoc</strong></span> <span class='ocrx_word' id='word_1_277' title='bbox 1270 380 1420 411; x_wconf 89' lang='lat' dir='ltr'><strong>divinum</strong></span> <span class='ocrx_word' id='word_1_278' title='bbox 1444 383 1479 411; x_wconf 88' lang='lat' dir='ltr'><strong>et</strong></span> <span class='ocrx_word' id='word_1_279' title='bbox 1504 389 1572 410; x_wconf 91' lang='lat' dir='ltr'><strong>om-</strong></span> 
     </span>
     <span class='ocr_line' id='line_1_57' title="bbox 866 429 1571 462; baseline -0.001 -1"><span class='ocrx_word' id='word_1_280' title='bbox 866 431 964 462; x_wconf 87' lang='lat' dir='ltr'><strong>nibus</strong></span> <span class='ocrx_word' id='word_1_281' title='bbox 991 431 1138 462; x_wconf 80' lang='lat' dir='ltr'><strong>numeris</strong></span> <span class='ocrx_word' id='word_1_282' title='bbox 1163 431 1357 462; x_wconf 83' lang='lat' dir='ltr'><strong>ahsolutum</strong></span> <span class='ocrx_word' id='word_1_283' title='bbox 1383 429 1513 462; x_wconf 65' lang='lat' dir='ltr'><strong>Poema</strong></span> <span class='ocrx_word' id='word_1_284' title='bbox 1528 440 1571 461; x_wconf 78' lang='lat' dir='ltr'><strong>ex</strong></span> 
     </span>
     <span class='ocr_line' id='line_1_58' title="bbox 868 479 1573 521; baseline 0.003 -11"><span class='ocrx_word' id='word_1_285' title='bbox 868 481 1015 511; x_wconf 80' lang='lat' dir='ltr'><strong>Neronis</strong></span> <span class='ocrx_word' id='word_1_286' title='bbox 1033 479 1168 512; x_wconf 86' lang='lat' dir='ltr'><strong>officina</strong></span> <span class='ocrx_word' id='word_1_287' title='bbox 1191 480 1441 521; x_wconf 85' lang='lat' dir='ltr'><strong>depromptum.</strong></span> <span class='ocrx_word' id='word_1_288' title='bbox 1487 481 1573 512; x_wconf 85' lang='lat' dir='ltr'><strong>Sunt</strong></span> 
     </span>
     <span class='ocr_line' id='line_1_59' title="bbox 867 531 1570 572; baseline 0.001 -11"><span class='ocrx_word' id='word_1_289' title='bbox 867 537 982 562; x_wconf 88' lang='lat' dir='ltr'><strong>autem</strong></span> <span class='ocrx_word' id='word_1_290' title='bbox 1006 535 1188 572; x_wconf 84' lang='lat' dir='ltr'><strong>sequentes</strong></span> <span class='ocrx_word' id='word_1_291' title='bbox 1217 541 1333 562; x_wconf 83' lang='lat' dir='ltr'><strong>versus</strong></span> <span class='ocrx_word' id='word_1_292' title='bbox 1350 531 1479 571; x_wconf 85' lang='lat' dir='ltr'><strong>insulsi,</strong></span> <span class='ocrx_word' id='word_1_293' title='bbox 1503 536 1570 562; x_wconf 88' lang='lat' dir='ltr'><strong>tur-</strong></span> 
     </span>
     <span class='ocr_line' id='line_1_60' title="bbox 867 582 1569 623; baseline 0.001 -10"><span class='ocrx_word' id='word_1_294' title='bbox 867 583 937 623; x_wconf 81' lang='lat' dir='ltr'><strong>gidi</strong></span> <span class='ocrx_word' id='word_1_295' title='bbox 968 587 1005 614; x_wconf 93' lang='lat' dir='ltr'><strong>et</strong></span> <span class='ocrx_word' id='word_1_296' title='bbox 1033 582 1185 614; x_wconf 84' lang='lat' dir='ltr'><strong>affectati</strong></span> <span class='ocrx_word' id='word_1_297' title='bbox 1213 593 1256 614; x_wconf 83' lang='lat' dir='ltr'><strong>ex</strong></span> <span class='ocrx_word' id='word_1_298' title='bbox 1283 582 1398 614; x_wconf 88' lang='lat' dir='ltr'><strong>fabula</strong></span> <span class='ocrx_word' id='word_1_299' title='bbox 1422 583 1569 615; x_wconf 86' lang='lat' dir='ltr'><strong>Neronis</strong></span> 
     </span>
     <span class='ocr_line' id='line_1_61' title="bbox 867 634 1570 675; baseline 0 -10"><span class='ocrx_word' id='word_1_300' title='bbox 867 634 966 665; x_wconf 75' lang='lat' dir='ltr'><strong>Niobe</strong></span> <span class='ocrx_word' id='word_1_301' title='bbox 991 634 1096 673; x_wconf 81' lang='lat' dir='ltr'><strong>dicta,</strong></span> <span class='ocrx_word' id='word_1_302' title='bbox 1113 634 1321 675; x_wconf 78' lang='lat' dir='ltr'><strong>deprompti.</strong></span> <span class='ocrx_word' id='word_1_303' title='bbox 1370 634 1470 665; x_wconf 77' lang='lat' dir='ltr'><strong>Torva</strong></span> <span class='ocrx_word' id='word_1_304' title='bbox 1495 634 1570 665; x_wconf 79' lang='lat' dir='ltr'><strong>Cvr-</strong></span> 
     </span>
     <span class='ocr_line' id='line_1_62' title="bbox 864 684 1570 725; baseline 0.001 -11"><span class='ocrx_word' id='word_1_305' title='bbox 864 695 936 723; x_wconf 78' lang='lat' dir='ltr'><strong>mm,</strong></span> <span class='ocrx_word' id='word_1_306' title='bbox 951 694 1012 725; x_wconf 89' lang='lat' dir='ltr'><strong>pro</strong></span> <span class='ocrx_word' id='word_1_307' title='bbox 1029 685 1120 716; x_wconf 82' lang='lat' dir='ltr'><strong>tibiis</strong></span> <span class='ocrx_word' id='word_1_308' title='bbox 1138 684 1333 724; x_wconf 77' lang='lat' dir='ltr'><strong>ingentibus</strong></span> <span class='ocrx_word' id='word_1_309' title='bbox 1350 689 1385 715; x_wconf 88' lang='lat' dir='ltr'><strong>et</strong></span> <span class='ocrx_word' id='word_1_310' title='bbox 1410 684 1570 716; x_wconf 85' lang='lat' dir='ltr'><strong>terribili-</strong></span> 
     </span>
     <span class='ocr_line' id='line_1_63' title="bbox 865 734 1569 775; baseline -0.001 -9"><span class='ocrx_word' id='word_1_311' title='bbox 865 736 938 775; x_wconf 87' lang='lat' dir='ltr'><strong>bus,</strong></span> <span class='ocrx_word' id='word_1_312' title='bbox 956 734 1132 766; x_wconf 73' lang='lat' dir='ltr'><strong>adfectato</strong></span> <span class='ocrx_word' id='word_1_313' title='bbox 1149 741 1184 766; x_wconf 86' lang='lat' dir='ltr'><strong>et</strong></span> <span class='ocrx_word' id='word_1_314' title='bbox 1202 735 1330 774; x_wconf 83' lang='lat' dir='ltr'><strong>inepte.</strong></span> <span class='ocrx_word' id='word_1_315' title='bbox 1379 734 1490 773; x_wconf 67' lang='lat' dir='ltr'><strong>Torva,</strong></span> <span class='ocrx_word' id='word_1_316' title='bbox 1508 744 1569 774; x_wconf 87' lang='lat' dir='ltr'><strong>pro</strong></span> 
     </span>
     <span class='ocr_line' id='line_1_64' title="bbox 864 783 1567 826; baseline -0.003 -9"><span class='ocrx_word' id='word_1_317' title='bbox 864 786 1198 826; x_wconf 66' lang='lat' dir='ltr'><strong>torta.—Implerm1t‚</strong></span> <span class='ocrx_word' id='word_1_318' title='bbox 1211 784 1279 825; x_wconf 55' lang='lat' dir='ltr'><strong>&amp;cd</strong></span> <span class='ocrx_word' id='word_1_319' title='bbox 1308 785 1377 816; x_wconf 89' lang='lat' dir='ltr'><strong>Pro</strong></span> <span class='ocrx_word' id='word_1_320' title='bbox 1394 783 1567 816; x_wconf 86' lang='lat' dir='ltr'><strong>inflarunt.</strong></span> 
     </span>
     <span class='ocr_line' id='line_1_65' title="bbox 862 835 1568 877; baseline 0 -10"><span class='ocrx_word' id='word_1_321' title='bbox 862 837 1165 877; x_wconf 74' lang='lat' dir='ltr'><strong>Lubin.—-Bomhis]</strong></span> <span class='ocrx_word' id='word_1_322' title='bbox 1207 836 1376 866; x_wconf 75' lang='lat' dir='ltr'><strong>&#39;l‘ubarum</strong></span> <span class='ocrx_word' id='word_1_323' title='bbox 1392 840 1428 867; x_wconf 87' lang='lat' dir='ltr'><strong>et</strong></span> <span class='ocrx_word' id='word_1_324' title='bbox 1444 835 1568 867; x_wconf 85' lang='lat' dir='ltr'><strong>instru-</strong></span> 
     </span>
     <span class='ocr_line' id='line_1_66' title="bbox 862 886 1567 919; baseline -0.001 0"><span class='ocrx_word' id='word_1_325' title='bbox 862 893 1053 919; x_wconf 78' lang='lat' dir='ltr'><strong>mentorum</strong></span> <span class='ocrx_word' id='word_1_326' title='bbox 1090 897 1189 918; x_wconf 89' lang='lat' dir='ltr'><strong>sonos</strong></span> <span class='ocrx_word' id='word_1_327' title='bbox 1217 887 1331 917; x_wconf 87' lang='lat' dir='ltr'><strong>Latini</strong></span> <span class='ocrx_word' id='word_1_328' title='bbox 1362 886 1481 918; x_wconf 76' lang='lat' dir='ltr'><strong>bombos</strong></span> <span class='ocrx_word' id='word_1_329' title='bbox 1512 897 1567 918; x_wconf 83' lang='lat' dir='ltr'><strong>vo-</strong></span> 
     </span>
     <span class='ocr_line' id='line_1_67' title="bbox 862 936 1567 978; baseline -0.001 -9"><span class='ocrx_word' id='word_1_330' title='bbox 862 943 954 977; x_wconf 88' lang='lat' dir='ltr'><strong>cant,</strong></span> <span class='ocrx_word' id='word_1_331' title='bbox 981 938 1082 969; x_wconf 84' lang='lat' dir='ltr'><strong>aliter</strong></span> <span class='ocrx_word' id='word_1_332' title='bbox 1106 947 1204 978; x_wconf 84' lang='lat' dir='ltr'><strong>quain</strong></span> <span class='ocrx_word' id='word_1_333' title='bbox 1234 936 1362 968; x_wconf 77' lang='lat' dir='ltr'><strong>Graeci.</strong></span> <span class='ocrx_word' id='word_1_334' title='bbox 1389 937 1567 969; x_wconf 70' lang='lat' dir='ltr'><strong>casaub.-</strong></span> 
     </span>
     <span class='ocr_line' id='line_1_68' title="bbox 862 986 1565 1027; baseline -0.003 -7"><span class='ocrx_word' id='word_1_335' title='bbox 862 989 1072 1019; x_wconf 73' lang='lat' dir='ltr'><strong>Mimalloneis</strong></span> <span class='ocrx_word' id='word_1_336' title='bbox 1100 987 1228 1027; x_wconf 58' lang='lat' dir='ltr'><strong>bombis]</strong></span> <span class='ocrx_word' id='word_1_337' title='bbox 1273 986 1342 1016; x_wconf 87' lang='lat' dir='ltr'><strong>Pro</strong></span> <span class='ocrx_word' id='word_1_338' title='bbox 1370 995 1451 1017; x_wconf 89' lang='lat' dir='ltr'><strong>sono</strong></span> <span class='ocrx_word' id='word_1_339' title='bbox 1479 987 1565 1018; x_wconf 83' lang='lat' dir='ltr'><strong>Bac-</strong></span> 
     </span>
     <span class='ocr_line' id='line_1_69' title="bbox 861 1036 1566 1081; baseline -0.003 -10"><span class='ocrx_word' id='word_1_340' title='bbox 861 1040 970 1079; x_wconf 87' lang='lat' dir='ltr'><strong>chico,</strong></span> <span class='ocrx_word' id='word_1_341' title='bbox 1007 1049 1073 1081; x_wconf 89' lang='lat' dir='ltr'><strong>quo</strong></span> <span class='ocrx_word' id='word_1_342' title='bbox 1111 1038 1210 1069; x_wconf 76' lang='lat' dir='ltr'><strong>tubas</strong></span> <span class='ocrx_word' id='word_1_343' title='bbox 1249 1036 1420 1068; x_wconf 87' lang='lat' dir='ltr'><strong>inflarunt.</strong></span> <span class='ocrx_word' id='word_1_344' title='bbox 1479 1037 1566 1069; x_wconf 82' lang='lat' dir='ltr'><strong>Sunt</strong></span> 
     </span>
     <span class='ocr_line' id='line_1_70' title="bbox 861 1089 1565 1128; baseline -0.004 -5"><span class='ocrx_word' id='word_1_345' title='bbox 861 1092 950 1123; x_wconf 89' lang='lat' dir='ltr'><strong>enim</strong></span> <span class='ocrx_word' id='word_1_346' title='bbox 969 1092 1183 1122; x_wconf 83' lang='lat' dir='ltr'><strong>Mimallones</strong></span> <span class='ocrx_word' id='word_1_347' title='bbox 1206 1089 1329 1120; x_wconf 64' lang='lat' dir='ltr'><strong>nacolii</strong></span> <span class='ocrx_word' id='word_1_348' title='bbox 1357 1089 1565 1128; x_wconf 75' lang='lat' dir='ltr'><strong>sacerdotes,</strong></span> 
     </span>
     <span class='ocr_line' id='line_1_71' title="bbox 861 1139 1565 1178; baseline -0.004 -5"><span class='ocrx_word' id='word_1_349' title='bbox 861 1153 881 1173; x_wconf 86' lang='lat' dir='ltr'><strong>a</strong></span> <span class='ocrx_word' id='word_1_350' title='bbox 911 1143 1018 1173; x_wconf 88' lang='lat' dir='ltr'><strong>Mima</strong></span> <span class='ocrx_word' id='word_1_351' title='bbox 1046 1141 1137 1172; x_wconf 78' lang='lat' dir='ltr'><strong>Asiae</strong></span> <span class='ocrx_word' id='word_1_352' title='bbox 1170 1139 1308 1170; x_wconf 80' lang='lat' dir='ltr'><strong>minoris</strong></span> <span class='ocrx_word' id='word_1_353' title='bbox 1343 1143 1472 1178; x_wconf 86' lang='lat' dir='ltr'><strong>monte,</strong></span> <span class='ocrx_word' id='word_1_354' title='bbox 1508 1139 1565 1170; x_wconf 87' lang='lat' dir='ltr'><strong>nbi</strong></span> 
     </span>
     <span class='ocr_line' id='line_1_72' title="bbox 861 1191 1564 1224; baseline -0.003 0"><span class='ocrx_word' id='word_1_355' title='bbox 861 1194 1018 1224; x_wconf 85' lang='lat' dir='ltr'><strong>Bacchus</strong></span> <span class='ocrx_word' id='word_1_356' title='bbox 1035 1192 1222 1223; x_wconf 84' lang='lat' dir='ltr'><strong>colebatur.</strong></span> <span class='ocrx_word' id='word_1_357' title='bbox 1258 1191 1347 1221; x_wconf 76' lang='lat' dir='ltr'><strong>vide</strong></span> <span class='ocrx_word' id='word_1_358' title='bbox 1362 1191 1474 1222; x_wconf 82' lang='lat' dir='ltr'><strong>Strab.</strong></span> <span class='ocrx_word' id='word_1_359' title='bbox 1492 1191 1513 1222; x_wconf 89' lang='lat' dir='ltr'><strong>l.</strong></span> <span class='ocrx_word' id='word_1_360' title='bbox 1528 1199 1564 1222; x_wconf 85' lang='lat' dir='ltr'><strong>x.</strong></span> 
     </span>
    </p>

    <p class='ocr_par' dir='ltr' id='par_1_7' title="bbox 850 1240 1563 2140">
     <span class='ocr_line' id='line_1_73' title="bbox 906 1240 1563 1283; baseline -0.006 -8"><span class='ocrx_word' id='word_1_361' title='bbox 906 1247 966 1275; x_wconf 89' lang='lat'><strong>100</strong></span> <span class='ocrx_word' id='word_1_362' title='bbox 994 1244 1035 1274; x_wconf 78' lang='lat' dir='ltr'><strong>Et</strong></span> <span class='ocrx_word' id='word_1_363' title='bbox 1052 1246 1186 1283; x_wconf 76' lang='lat' dir='ltr'><strong>raptum,</strong></span> <span class='ocrx_word' id='word_1_364' title='bbox 1201 1243 1269 1282; x_wconf 57' lang='lat' dir='ltr'><strong>esa]</strong></span> <span class='ocrx_word' id='word_1_365' title='bbox 1299 1240 1339 1272; x_wconf 87' lang='lat' dir='ltr'><strong>Id</strong></span> <span class='ocrx_word' id='word_1_366' title='bbox 1355 1245 1420 1279; x_wconf 90' lang='lat' dir='ltr'><strong>est,</strong></span> <span class='ocrx_word' id='word_1_367' title='bbox 1436 1241 1563 1272; x_wconf 83' lang='lat' dir='ltr'><strong>Bacchi</strong></span> 
     </span>
     <span class='ocr_line' id='line_1_74' title="bbox 859 1291 1563 1333; baseline -0.003 -9"><span class='ocrx_word' id='word_1_368' title='bbox 859 1294 1029 1333; x_wconf 82' lang='lat' dir='ltr'><strong>sacerdos,</strong></span> <span class='ocrx_word' id='word_1_369' title='bbox 1060 1293 1134 1333; x_wconf 81' lang='lat' dir='ltr'><strong>ipsa</strong></span> <span class='ocrx_word' id='word_1_370' title='bbox 1163 1291 1292 1322; x_wconf 75' lang='lat' dir='ltr'><strong>furiosa</strong></span> <span class='ocrx_word' id='word_1_371' title='bbox 1321 1292 1469 1331; x_wconf 85' lang='lat' dir='ltr'><strong>Baccha,</strong></span> <span class='ocrx_word' id='word_1_372' title='bbox 1498 1291 1563 1332; x_wconf 90' lang='lat' dir='ltr'><strong>ipsi</strong></span> 
     </span>
     <span class='ocr_line' id='line_1_75' title="bbox 858 1342 1560 1376; baseline -0.004 -1"><span class='ocrx_word' id='word_1_373' title='bbox 858 1344 1014 1376; x_wconf 85' lang='lat' dir='ltr'><strong>Pentheo</strong></span> <span class='ocrx_word' id='word_1_374' title='bbox 1037 1344 1078 1374; x_wconf 83' lang='lat' dir='ltr'><strong>ab</strong></span> <span class='ocrx_word' id='word_1_375' title='bbox 1101 1344 1186 1374; x_wconf 80' lang='lat' dir='ltr'><strong>irato</strong></span> <span class='ocrx_word' id='word_1_376' title='bbox 1213 1342 1350 1373; x_wconf 71' lang='lat' dir='ltr'><strong>Baccho</strong></span> <span class='ocrx_word' id='word_1_377' title='bbox 1366 1342 1400 1373; x_wconf 82' lang='lat' dir='ltr'><strong>in</strong></span> <span class='ocrx_word' id='word_1_378' title='bbox 1417 1342 1560 1373; x_wconf 83' lang='lat' dir='ltr'><strong>vitulum</strong></span> 
     </span>
     <span class='ocr_line' id='line_1_76' title="bbox 858 1391 1561 1433; baseline -0.004 -8"><span class='ocrx_word' id='word_1_379' title='bbox 858 1393 1103 1426; x_wconf 84' lang='lat' dir='ltr'><strong>transformato</strong></span> <span class='ocrx_word' id='word_1_380' title='bbox 1128 1397 1232 1433; x_wconf 82' lang='lat' dir='ltr'><strong>caput</strong></span> <span class='ocrx_word' id='word_1_381' title='bbox 1256 1391 1423 1431; x_wconf 85' lang='lat' dir='ltr'><strong>ablatura,</strong></span> <span class='ocrx_word' id='word_1_382' title='bbox 1437 1392 1561 1432; x_wconf 84' lang='lat' dir='ltr'><strong>ipsum-</strong></span> 
     </span>
     <span class='ocr_line' id='line_1_77' title="bbox 858 1443 1561 1486; baseline -0.003 -11"><span class='ocrx_word' id='word_1_383' title='bbox 858 1454 925 1486; x_wconf 89' lang='lat' dir='ltr'><strong>que</strong></span> <span class='ocrx_word' id='word_1_384' title='bbox 940 1444 1165 1484; x_wconf 86' lang='lat' dir='ltr'><strong>discerptura.</strong></span> <span class='ocrx_word' id='word_1_385' title='bbox 1212 1443 1324 1474; x_wconf 75' lang='lat' dir='ltr'><strong>Vocat</strong></span> <span class='ocrx_word' id='word_1_386' title='bbox 1341 1448 1456 1474; x_wconf 87' lang='lat' dir='ltr'><strong>autem</strong></span> <span class='ocrx_word' id='word_1_387' title='bbox 1475 1443 1561 1474; x_wconf 87' lang='lat' dir='ltr'><strong>Bac·</strong></span> 
     </span>
     <span class='ocr_line' id='line_1_78' title="bbox 857 1493 1560 1533; baseline -0.003 -8"><span class='ocrx_word' id='word_1_388' title='bbox 857 1495 956 1526; x_wconf 88' lang='lat' dir='ltr'><strong>chum</strong></span> <span class='ocrx_word' id='word_1_389' title='bbox 981 1495 1045 1525; x_wconf 87' lang='lat' dir='ltr'><strong>hoc</strong></span> <span class='ocrx_word' id='word_1_390' title='bbox 1069 1495 1144 1525; x_wconf 83' lang='lat' dir='ltr'><strong>loco</strong></span> <span class='ocrx_word' id='word_1_391' title='bbox 1161 1493 1560 1533; x_wconf 57' lang='lat' dir='ltr'><strong>assandam-Raptum</strong></span> 
     </span>
     <span class='ocr_line' id='line_1_79' title="bbox 855 1542 1560 1587; baseline -0.006 -11"><span class='ocrx_word' id='word_1_392' title='bbox 855 1545 962 1587; x_wconf 81' lang='lat' dir='ltr'><strong>caput]</strong></span> <span class='ocrx_word' id='word_1_393' title='bbox 1007 1545 1048 1576; x_wconf 86' lang='lat' dir='ltr'><strong>Id</strong></span> <span class='ocrx_word' id='word_1_394' title='bbox 1064 1549 1129 1584; x_wconf 83' lang='lat' dir='ltr'><strong>est,</strong></span> <span class='ocrx_word' id='word_1_395' title='bbox 1153 1544 1266 1583; x_wconf 89' lang='lat' dir='ltr'><strong>Caput</strong></span> <span class='ocrx_word' id='word_1_396' title='bbox 1289 1542 1436 1574; x_wconf 86' lang='lat' dir='ltr'><strong>Penthei</strong></span> <span class='ocrx_word' id='word_1_397' title='bbox 1452 1553 1471 1573; x_wconf 87' lang='lat' dir='ltr'><strong>a</strong></span> <span class='ocrx_word' id='word_1_398' title='bbox 1487 1552 1560 1573; x_wconf 87' lang='lat' dir='ltr'><strong>cer-</strong></span> 
     </span>
     <span class='ocr_line' id='line_1_80' title="bbox 856 1594 1558 1628; baseline -0.006 0"><span class='ocrx_word' id='word_1_399' title='bbox 856 1597 932 1628; x_wconf 88' lang='lat' dir='ltr'><strong>vice</strong></span> <span class='ocrx_word' id='word_1_400' title='bbox 948 1597 1114 1627; x_wconf 81' lang='lat' dir='ltr'><strong>violenter</strong></span> <span class='ocrx_word' id='word_1_401' title='bbox 1137 1596 1286 1626; x_wconf 85' lang='lat' dir='ltr'><strong>ablatum</strong></span> <span class='ocrx_word' id='word_1_402' title='bbox 1314 1598 1350 1626; x_wconf 84' lang='lat' dir='ltr'><strong>et</strong></span> <span class='ocrx_word' id='word_1_403' title='bbox 1376 1594 1558 1625; x_wconf 83' lang='lat' dir='ltr'><strong>revulsum.</strong></span> 
     </span>
     <span class='ocr_line' id='line_1_81' title="bbox 852 1644 1558 1687; baseline -0.004 -9"><span class='ocrx_word' id='word_1_404' title='bbox 852 1647 1006 1678; x_wconf 78' lang='lat' dir='ltr'><strong>—Vitulo</strong></span> <span class='ocrx_word' id='word_1_405' title='bbox 1023 1646 1166 1687; x_wconf 78' lang='lat' dir='ltr'><strong>superbo]</strong></span> <span class='ocrx_word' id='word_1_406' title='bbox 1214 1645 1256 1675; x_wconf 91' lang='lat' dir='ltr'><strong>Id</strong></span> <span class='ocrx_word' id='word_1_407' title='bbox 1280 1648 1346 1684; x_wconf 82' lang='lat' dir='ltr'><strong>est,</strong></span> <span class='ocrx_word' id='word_1_408' title='bbox 1369 1644 1523 1676; x_wconf 87' lang='lat' dir='ltr'><strong>Pentheo</strong></span> <span class='ocrx_word' id='word_1_409' title='bbox 1539 1654 1558 1675; x_wconf 86' lang='lat' dir='ltr'><strong>a</strong></span> 
     </span>
     <span class='ocr_line' id='line_1_82' title="bbox 852 1694 1555 1736; baseline -0.004 -8"><span class='ocrx_word' id='word_1_410' title='bbox 852 1697 988 1729; x_wconf 87' lang='lat' dir='ltr'><strong>Baccho</strong></span> <span class='ocrx_word' id='word_1_411' title='bbox 999 1697 1032 1728; x_wconf 89' lang='lat' dir='ltr'><strong>in</strong></span> <span class='ocrx_word' id='word_1_412' title='bbox 1042 1697 1182 1727; x_wconf 86' lang='lat' dir='ltr'><strong>vitulum</strong></span> <span class='ocrx_word' id='word_1_413' title='bbox 1194 1694 1447 1734; x_wconf 84' lang='lat' dir='ltr'><strong>transformato,</strong></span> <span class='ocrx_word' id='word_1_414' title='bbox 1456 1704 1555 1736; x_wconf 80' lang='lat' dir='ltr'><strong>quein</strong></span> 
     </span>
     <span class='ocr_line' id='line_1_83' title="bbox 852 1745 1557 1779; baseline -0.006 0"><span class='ocrx_word' id='word_1_415' title='bbox 852 1747 981 1779; x_wconf 89' lang='lat' dir='ltr'><strong>furiosa</strong></span> <span class='ocrx_word' id='word_1_416' title='bbox 1005 1753 1113 1778; x_wconf 87' lang='lat' dir='ltr'><strong>mater</strong></span> <span class='ocrx_word' id='word_1_417' title='bbox 1129 1747 1272 1778; x_wconf 79' lang='lat' dir='ltr'><strong>vitulum</strong></span> <span class='ocrx_word' id='word_1_418' title='bbox 1293 1751 1332 1776; x_wconf 89' lang='lat' dir='ltr'><strong>ut</strong></span> <span class='ocrx_word' id='word_1_419' title='bbox 1348 1745 1491 1776; x_wconf 85' lang='lat' dir='ltr'><strong>Ovidius</strong></span> <span class='ocrx_word' id='word_1_420' title='bbox 1508 1745 1557 1776; x_wconf 88' lang='lat' dir='ltr'><strong>di-</strong></span> 
     </span>
     <span class='ocr_line' id='line_1_84' title="bbox 851 1796 1558 1839; baseline -0.007 -9"><span class='ocrx_word' id='word_1_421' title='bbox 851 1800 910 1838; x_wconf 88' lang='lat' dir='ltr'><strong>cit,</strong></span> <span class='ocrx_word' id='word_1_422' title='bbox 940 1799 1071 1839; x_wconf 87' lang='lat' dir='ltr'><strong>Aprum</strong></span> <span class='ocrx_word' id='word_1_423' title='bbox 1102 1807 1174 1828; x_wconf 89' lang='lat' dir='ltr'><strong>esse</strong></span> <span class='ocrx_word' id='word_1_424' title='bbox 1202 1797 1414 1834; x_wconf 78' lang='lat' dir='ltr'><strong>existimans,</strong></span> <span class='ocrx_word' id='word_1_425' title='bbox 1441 1796 1558 1826; x_wconf 83' lang='lat' dir='ltr'><strong>iniser-</strong></span> 
     </span>
     <span class='ocr_line' id='line_1_85' title="bbox 852 1845 1556 1886; baseline -0.006 -6"><span class='ocrx_word' id='word_1_426' title='bbox 852 1850 936 1880; x_wconf 87' lang='lat' dir='ltr'><strong>rime</strong></span> <span class='ocrx_word' id='word_1_427' title='bbox 959 1846 1343 1886; x_wconf 81' lang='lat' dir='ltr'><strong>interen1it.—Superbo]</strong></span> <span class='ocrx_word' id='word_1_428' title='bbox 1385 1847 1437 1877; x_wconf 88' lang='lat' dir='ltr'><strong>Eo</strong></span> <span class='ocrx_word' id='word_1_429' title='bbox 1458 1845 1556 1885; x_wconf 85' lang='lat' dir='ltr'><strong>dixit,</strong></span> 
     </span>
     <span class='ocr_line' id='line_1_86' title="bbox 851 1896 1556 1940; baseline -0.004 -10"><span class='ocrx_word' id='word_1_430' title='bbox 851 1909 928 1930; x_wconf 88' lang='lat' dir='ltr'><strong>nam</strong></span> <span class='ocrx_word' id='word_1_431' title='bbox 944 1899 1090 1940; x_wconf 77' lang='lat' dir='ltr'><strong>superbe</strong></span> <span class='ocrx_word' id='word_1_432' title='bbox 1104 1898 1217 1929; x_wconf 87' lang='lat' dir='ltr'><strong>Liberi</strong></span> <span class='ocrx_word' id='word_1_433' title='bbox 1233 1897 1285 1927; x_wconf 85' lang='lat' dir='ltr'><strong>vel</strong></span> <span class='ocrx_word' id='word_1_434' title='bbox 1310 1896 1439 1928; x_wconf 82' lang='lat' dir='ltr'><strong>Bacchi</strong></span> <span class='ocrx_word' id='word_1_435' title='bbox 1458 1905 1556 1927; x_wconf 83' lang='lat' dir='ltr'><strong>sacra</strong></span> 
     </span>
     <span class='ocr_line' id='line_1_87' title="bbox 851 1947 1555 1981; baseline -0.006 0"><span class='ocrx_word' id='word_1_436' title='bbox 851 1951 1108 1981; x_wconf 86' lang='lat' dir='ltr'><strong>conviciabatur</strong></span> <span class='ocrx_word' id='word_1_437' title='bbox 1119 1954 1155 1980; x_wconf 87' lang='lat' dir='ltr'><strong>et</strong></span> <span class='ocrx_word' id='word_1_438' title='bbox 1171 1948 1424 1980; x_wconf 82' lang='lat' dir='ltr'><strong>contemnebat.</strong></span> <span class='ocrx_word' id='word_1_439' title='bbox 1440 1947 1555 1978; x_wconf 82' lang='lat' dir='ltr'><strong>Lubin.</strong></span> 
     </span>
     <span class='ocr_line' id='line_1_88' title="bbox 851 1997 1554 2042; baseline -0.007 -10"><span class='ocrx_word' id='word_1_440' title='bbox 851 2001 967 2042; x_wconf 88' lang='lat' dir='ltr'><strong>Atque</strong></span> <span class='ocrx_word' id='word_1_441' title='bbox 982 2001 1059 2031; x_wconf 91' lang='lat' dir='ltr'><strong>hinc</strong></span> <span class='ocrx_word' id='word_1_442' title='bbox 1074 1999 1294 2038; x_wconf 86' lang='lat' dir='ltr'><strong>intelligimus</strong></span> <span class='ocrx_word' id='word_1_443' title='bbox 1318 1997 1471 2028; x_wconf 84' lang='lat' dir='ltr'><strong>Bacchas</strong></span> <span class='ocrx_word' id='word_1_444' title='bbox 1484 1997 1554 2028; x_wconf 84' lang='lat' dir='ltr'><strong>Ne·</strong></span> 
     </span>
     <span class='ocr_line' id='line_1_89' title="bbox 851 2046 1552 2091; baseline -0.006 -10"><span class='ocrx_word' id='word_1_445' title='bbox 851 2051 952 2089; x_wconf 81' lang='lat' dir='ltr'><strong>ronis,</strong></span> <span class='ocrx_word' id='word_1_446' title='bbox 968 2050 1118 2091; x_wconf 89' lang='lat' dir='ltr'><strong>ejusdem</strong></span> <span class='ocrx_word' id='word_1_447' title='bbox 1145 2047 1336 2089; x_wconf 84' lang='lat' dir='ltr'><strong>argumenti</strong></span> <span class='ocrx_word' id='word_1_448' title='bbox 1356 2046 1461 2078; x_wconf 83' lang='lat' dir='ltr'><strong>fuisse</strong></span> <span class='ocrx_word' id='word_1_449' title='bbox 1477 2056 1552 2078; x_wconf 88' lang='lat' dir='ltr'><strong>cum</strong></span> 
     </span>
     <span class='ocr_line' id='line_1_90' title="bbox 850 2097 1354 2140; baseline -0.01 -7"><span class='ocrx_word' id='word_1_450' title='bbox 850 2102 995 2133; x_wconf 82' lang='lat' dir='ltr'><strong>Bacchis</strong></span> <span class='ocrx_word' id='word_1_451' title='bbox 1011 2099 1195 2140; x_wconf 81' lang='lat' dir='ltr'><strong>Euripidis.</strong></span> <span class='ocrx_word' id='word_1_452' title='bbox 1223 2097 1354 2129; x_wconf 79' lang='lat' dir='ltr'><strong>Casaub.</strong></span> 
     </span>
    </p>

    <p class='ocr_par' dir='ltr' id='par_1_8' title="bbox 845 2147 1551 2748">
     <span class='ocr_line' id='line_1_91' title="bbox 894 2147 1551 2190; baseline -0.008 -8"><span class='ocrx_word' id='word_1_453' title='bbox 894 2155 952 2182; x_wconf 87' lang='lat'><strong>101</strong></span> <span class='ocrx_word' id='word_1_454' title='bbox 974 2149 1135 2190; x_wconf 79' lang='lat' dir='ltr'><strong>Bassaris]</strong></span> <span class='ocrx_word' id='word_1_455' title='bbox 1163 2147 1368 2187; x_wconf 74' lang='lat' dir='ltr'><strong>BassarideS,</strong></span> <span class='ocrx_word' id='word_1_456' title='bbox 1383 2147 1526 2178; x_wconf 86' lang='lat' dir='ltr'><strong>Bacchae</strong></span> <span class='ocrx_word' id='word_1_457' title='bbox 1543 2157 1551 2177; x_wconf 85' lang='grc'>;</span> 
     </span>
     <span class='ocr_line' id='line_1_92' title="bbox 850 2198 1551 2244; baseline -0.01 -10"><span class='ocrx_word' id='word_1_458' title='bbox 850 2202 1051 2244; x_wconf 88' lang='lat' dir='ltr'><strong>quibusdam</strong></span> <span class='ocrx_word' id='word_1_459' title='bbox 1078 2200 1216 2231; x_wconf 85' lang='lat' dir='ltr'><strong>videtur</strong></span> <span class='ocrx_word' id='word_1_460' title='bbox 1242 2209 1261 2230; x_wconf 90' lang='lat' dir='ltr'><strong>a</strong></span> <span class='ocrx_word' id='word_1_461' title='bbox 1284 2207 1408 2239; x_wconf 85' lang='lat' dir='ltr'><strong>genere</strong></span> <span class='ocrx_word' id='word_1_462' title='bbox 1432 2198 1551 2234; x_wconf 83' lang='lat' dir='ltr'><strong>vestis,</strong></span> 
     </span>
     <span class='ocr_line' id='line_1_93' title="bbox 850 2247 1550 2294; baseline -0.009 -10"><span class='ocrx_word' id='word_1_463' title='bbox 850 2263 917 2294; x_wconf 90' lang='lat' dir='ltr'><strong>qua</strong></span> <span class='ocrx_word' id='word_1_464' title='bbox 943 2253 1047 2283; x_wconf 90' lang='lat' dir='ltr'><strong>Liber</strong></span> <span class='ocrx_word' id='word_1_465' title='bbox 1073 2256 1172 2292; x_wconf 86' lang='lat' dir='ltr'><strong>pater</strong></span> <span class='ocrx_word' id='word_1_466' title='bbox 1198 2250 1320 2288; x_wconf 84' lang='lat' dir='ltr'><strong>utitur,</strong></span> <span class='ocrx_word' id='word_1_467' title='bbox 1337 2247 1482 2279; x_wconf 88' lang='lat' dir='ltr'><strong>demissa</strong></span> <span class='ocrx_word' id='word_1_468' title='bbox 1507 2248 1550 2278; x_wconf 88' lang='lat' dir='ltr'><strong>ad</strong></span> 
     </span>
     <span class='ocr_line' id='line_1_94' title="bbox 850 2297 1551 2343; baseline -0.009 -9"><span class='ocrx_word' id='word_1_469' title='bbox 850 2303 946 2343; x_wconf 89' lang='lat' dir='ltr'><strong>talos,</strong></span> <span class='ocrx_word' id='word_1_470' title='bbox 962 2311 1059 2343; x_wconf 89' lang='lat' dir='ltr'><strong>quam</strong></span> <span class='ocrx_word' id='word_1_471' title='bbox 1080 2301 1225 2333; x_wconf 86' lang='lat' dir='ltr'><strong>Thraces</strong></span> <span class='ocrx_word' id='word_1_472' title='bbox 1252 2299 1422 2330; x_wconf 80' lang='lat' dir='ltr'><strong>Bassarin.</strong></span> <span class='ocrx_word' id='word_1_473' title='bbox 1468 2297 1551 2331; x_wconf 84' lang='lat' dir='ltr'><strong>Qni-</strong></span> 
     </span>
     <span class='ocr_line' id='line_1_95' title="bbox 849 2348 1548 2392; baseline -0.006 -9"><span class='ocrx_word' id='word_1_474' title='bbox 849 2352 924 2383; x_wconf 84' lang='lat' dir='ltr'><strong>dam</strong></span> <span class='ocrx_word' id='word_1_475' title='bbox 962 2362 982 2383; x_wconf 88' lang='lat' dir='ltr'><strong>a</strong></span> <span class='ocrx_word' id='word_1_476' title='bbox 1015 2350 1188 2392; x_wconf 85' lang='lat' dir='ltr'><strong>vulpibus,</strong></span> <span class='ocrx_word' id='word_1_477' title='bbox 1223 2358 1366 2391; x_wconf 88' lang='lat' dir='ltr'><strong>quarum</strong></span> <span class='ocrx_word' id='word_1_478' title='bbox 1401 2348 1548 2390; x_wconf 87' lang='lat' dir='ltr'><strong>pellibus</strong></span> 
     </span>
     <span class='ocr_line' id='line_1_96' title="bbox 850 2398 1550 2441; baseline -0.009 -6"><span class='ocrx_word' id='word_1_479' title='bbox 850 2404 996 2434; x_wconf 85' lang='lat' dir='ltr'><strong>Bacchae</strong></span> <span class='ocrx_word' id='word_1_480' title='bbox 1041 2400 1338 2441; x_wconf 84' lang='lat' dir='ltr'><strong>succingebantur.</strong></span> <span class='ocrx_word' id='word_1_481' title='bbox 1418 2398 1550 2439; x_wconf 85' lang='lat' dir='ltr'><strong>Vulpes</strong></span> 
     </span>
     <span class='ocr_line' id='line_1_97' title="bbox 847 2449 1548 2484; baseline -0.007 0"><span class='ocrx_word' id='word_1_482' title='bbox 847 2454 994 2484; x_wconf 87' lang='lat' dir='ltr'><strong>Thraces</strong></span> <span class='ocrx_word' id='word_1_483' title='bbox 1015 2452 1166 2483; x_wconf 80' lang='lat' dir='ltr'><strong>Bassares</strong></span> <span class='ocrx_word' id='word_1_484' title='bbox 1181 2451 1310 2481; x_wconf 84' lang='lat' dir='ltr'><strong>dicunt.</strong></span> <span class='ocrx_word' id='word_1_485' title='bbox 1341 2450 1411 2481; x_wconf 71' lang='lat' dir='ltr'><strong>Vct.</strong></span> <span class='ocrx_word' id='word_1_486' title='bbox 1428 2449 1548 2480; x_wconf 61' lang='lat' dir='ltr'><strong>Seli.—</strong></span> 
     </span>
     <span class='ocr_line' id='line_1_98' title="bbox 846 2498 1547 2544; baseline -0.013 -8"><span class='ocrx_word' id='word_1_487' title='bbox 846 2503 1009 2544; x_wconf 62' lang='lat' dir='ltr'><strong>Bassaris]</strong></span> <span class='ocrx_word' id='word_1_488' title='bbox 1027 2503 1144 2543; x_wconf 80' lang='lat' dir='ltr'><strong>Agave</strong></span> <span class='ocrx_word' id='word_1_489' title='bbox 1159 2507 1269 2532; x_wconf 80' lang='lat' dir='ltr'><strong>mater</strong></span> <span class='ocrx_word' id='word_1_490' title='bbox 1284 2499 1443 2531; x_wconf 83' lang='lat' dir='ltr'><strong>Penthei.</strong></span> <span class='ocrx_word' id='word_1_491' title='bbox 1465 2498 1547 2528; x_wconf 71' lang='lat' dir='ltr'><strong>Bas-</strong></span> 
     </span>
     <span class='ocr_line' id='line_1_99' title="bbox 845 2547 1548 2587; baseline -0.011 -2"><span class='ocrx_word' id='word_1_492' title='bbox 845 2555 925 2585; x_wconf 82' lang='lat' dir='ltr'><strong>saris</strong></span> <span class='ocrx_word' id='word_1_493' title='bbox 940 2563 1021 2585; x_wconf 89' lang='lat' dir='ltr'><strong>vero</strong></span> <span class='ocrx_word' id='word_1_494' title='bbox 1045 2558 1097 2584; x_wconf 87' lang='lat' dir='ltr'><strong>est</strong></span> <span class='ocrx_word' id='word_1_495' title='bbox 1120 2551 1247 2583; x_wconf 82' lang='lat' dir='ltr'><strong>Bacchi</strong></span> <span class='ocrx_word' id='word_1_496' title='bbox 1272 2550 1438 2587; x_wconf 87' lang='lat' dir='ltr'><strong>ministra,</strong></span> <span class='ocrx_word' id='word_1_497' title='bbox 1453 2547 1548 2578; x_wconf 86' lang='lat' dir='ltr'><strong>dicta</strong></span> 
     </span>
     <span class='ocr_line' id='line_1_100' title="bbox 847 2596 1547 2643; baseline -0.017 -7"><span class='ocrx_word' id='word_1_498' title='bbox 847 2616 866 2636; x_wconf 89' lang='lat' dir='ltr'><strong>a</strong></span> <span class='ocrx_word' id='word_1_499' title='bbox 882 2605 1065 2642; x_wconf 58' lang='lat' dir='ltr'><strong>Bwsareus,</strong></span> <span class='ocrx_word' id='word_1_500' title='bbox 1081 2602 1170 2643; x_wconf 89' lang='lat' dir='ltr'><strong>quod</strong></span> <span class='ocrx_word' id='word_1_501' title='bbox 1194 2608 1316 2630; x_wconf 87' lang='lat' dir='ltr'><strong>nomen</strong></span> <span class='ocrx_word' id='word_1_502' title='bbox 1338 2596 1467 2627; x_wconf 90' lang='lat' dir='ltr'><strong>Bacchi</strong></span> <span class='ocrx_word' id='word_1_503' title='bbox 1481 2601 1547 2635; x_wconf 85' lang='lat' dir='ltr'><strong>est,</strong></span> 
     </span>
     <span class='ocr_line' id='line_1_101' title="bbox 846 2645 1545 2694; baseline -0.016 -8"><span class='ocrx_word' id='word_1_504' title='bbox 846 2666 866 2686; x_wconf 89' lang='lat' dir='ltr'><strong>a</strong></span> <span class='ocrx_word' id='word_1_505' title='bbox 881 2653 1001 2694; x_wconf 75' lang='grc' dir='ltr'><strong>βάζειν,</strong></span> <span class='ocrx_word' id='word_1_506' title='bbox 1023 2654 1057 2684; x_wconf 89' lang='lat' dir='ltr'><strong>id</strong></span> <span class='ocrx_word' id='word_1_507' title='bbox 1075 2658 1140 2691; x_wconf 86' lang='lat' dir='ltr'><strong>est,</strong></span> <span class='ocrx_word' id='word_1_508' title='bbox 1154 2647 1381 2681; x_wconf 84' lang='lat' dir='ltr'><strong>vociferando.</strong></span> <span class='ocrx_word' id='word_1_509' title='bbox 1425 2645 1507 2685; x_wconf 86' lang='lat' dir='ltr'><strong>Alii,</strong></span> <span class='ocrx_word' id='word_1_510' title='bbox 1524 2655 1545 2676; x_wconf 88' lang='lat' dir='ltr'><strong>a</strong></span> 
     </span>
     <span class='ocr_line' id='line_1_102' title="bbox 845 2695 1544 2748; baseline -0.014 -10"><span class='ocrx_word' id='word_1_511' title='bbox 845 2707 936 2748; x_wconf 87' lang='lat' dir='ltr'><strong>pelle</strong></span> <span class='ocrx_word' id='word_1_512' title='bbox 952 2705 1006 2736; x_wconf 87' lang='lat' dir='ltr'><strong>vel</strong></span> <span class='ocrx_word' id='word_1_513' title='bbox 1022 2711 1145 2745; x_wconf 80' lang='lat' dir='ltr'><strong>genere</strong></span> <span class='ocrx_word' id='word_1_514' title='bbox 1160 2699 1262 2732; x_wconf 83' lang='lat' dir='ltr'><strong>vestis</strong></span> <span class='ocrx_word' id='word_1_515' title='bbox 1279 2707 1345 2740; x_wconf 86' lang='lat' dir='ltr'><strong>qua</strong></span> <span class='ocrx_word' id='word_1_516' title='bbox 1359 2695 1544 2729; x_wconf 81' lang='lat' dir='ltr'><strong>indueban-</strong></span> 
     </span>
    </p>
   </div>
  </div>
 </body>
</html>
