1888 3032
709 184 893 216 SATIRA
929 184 995 216 vl.

116 288 330 330 Doctores
353 285 541 330 Graios:
573 288 585 309 ‘
607 285 678 328 Ita
696 287 758 337 fit,
779 291 1014 340 postquam
1042 295 1200 338 sapere
1216 281 1327 325 Urbi

111 353 223 395 Cum
243 354 391 409 pipere
411 359 454 396 et
474 354 631 409 palmis
653 355 773 395 venit
792 358 986 395 vestrum
1006 352 1090 394 hoc
1111 351 1244 393 maris
1264 363 1448 405 expers:

112 421 357 464 Foenisecae
379 435 527 463 crasso
548 422 757 464 vitiarunt
776 423 966 474 unguine
987 418 1158 474 pultes.’
1516 417 1573 458 40

109 549 202 584 rem?
234 552 375 594 inquiet.
423 554 467 584 Et
494 552 623 584 Bestius
646 553 819 583 insectatur
843 555 1047 592 proeceptores
1073 550 1219 582 Groecos:
1250 549 1296 581 sic
1320 550 1440 589 agitur,
1464 557 1504 580 ex
1516 557 1574 589 quo

110 598 219 626 nostra
233 595 297 626 haec
311 596 464 637 sapientia
491 605 598 627 carens
624 596 756 627 masculo
781 595 902 626 robore
929 594 1055 625 advenit
1079 594 1111 624 in
1127 593 1298 631 civitatem,
1326 603 1394 623 cum
1414 592 1521 633 pipere
1543 594 1575 621 et

107 638 230 679 palmis,
244 642 373 670 sectores
379 638 460 677 foeni
475 637 647 677 infecerunt
662 640 765 679 pultes
788 640 920 669 unctura
931 636 1058 678 pingui.
1103 636 1158 668 An
1174 637 1236 667 ista
1252 635 1405 674 formides
1418 644 1494 666 cuin
1511 633 1576 665 eris

728 728 963 741 eeeeeeeeeeee

112 805 154 835 39
176 807 314 835 nostrum
326 804 382 834 hoc
399 804 487 836 Edd.
504 805 594 845 vulg.
619 805 673 836 hoc
690 809 829 835 nostrum
844 804 911 835 Ms.
929 803 1009 835 Gal.
1055 802 1184 835 Omnes
1208 801 1398 838 Editiones,
1415 810 1497 842 quas
1515 810 1582 841 ego

112 846 246 886 inspexi
261 847 388 878 liabent
403 851 540 878 nostrum
555 848 610 878 hoc
627 848 725 878 maris
740 857 869 888 θεῖμεν-3,·
893 852 929 878 et
944 847 1023 877 inde
1040 850 1122 877 nata
1138 850 1189 876 est
1207 844 1402 882 difficultas,
1416 844 1457 874 ad
1476 854 1577 884 quam

115 889 300 920 tollendam
330 890 483 930 plerique
508 891 714 931 interpretes
749 890 975 930 nequicquam
1003 889 1178 919 sudarunt.
1226 887 1326 918 Haud
1345 886 1427 925 scio,
1443 896 1483 916 an
1503 886 1580 917 Rei·

115 931 184 964 zius
200 931 285 962 lianc
299 932 481 963 lectionem
497 936 632 967 vestrum
656 933 792 973 ingenio
820 942 880 962 suo
907 931 1052 969 debeat;
1087 936 1121 961 at
1148 929 1380 970 unusquisque
1397 929 1579 968 intelligat,

115 974 177 1004 hac
194 974 341 1005 lectione
358 980 509 1016 recepta,
524 974 711 1006 faciliorem
728 984 803 1005 esse
818 974 1154 1014 interpretationem:
1178 976 1311 1003 vestrum
1327 972 1381 1002 hoc
1393 980 1498 1010 sapere
1515 972 1535 1002 i.
1549 980 1581 1002 e.

116 1020 231 1048 vestra
254 1018 436 1057 sapientia.
482 1019 578 1050 Bene
604 1022 721 1048 noster
738 1027 816 1048 usus
834 1022 887 1048 est
913 1017 976 1047 hoc
1002 1025 1123 1056 sapere,
1138 1025 1214 1046 cum
1231 1023 1356 1052 anceps
1372 1014 1446 1053 ejus
1465 1014 1528 1052 viS,
1545 1018 1581 1045 et

115 1063 267 1101 potestas
284 1059 347 1104 lioc
371 1060 446 1091 loco
473 1057 694 1092 vehementer
718 1064 799 1103 apta
815 1060 870 1091 sit.
916 1059 1185 1106 Koenigius.-—40
1210 1052 1356 1089 Feniciae
1372 1057 1440 1088 Ms.
1457 1055 1581 1088 Gal.—

776 1146 916 1179 NOTAE

159 1208 288 1240 Bestius
297 1213 390 1249 urget
407 1210 558 1242 Doctores
575 1210 705 1250 Graios]
743 1210 824 1242 Hm-

925 1210 1020 1251 Urbi]
1048 1210 1117 1241 Per
1134 1209 1409 1249 antonomasiam,
1430 1219 1492 1250 pro
1518 1209 1584 1240 Ro-

117 1260 276 1300 redipeta
303 1260 361 1292 ille
389 1261 509 1292 avidus
546 1266 684 1292 accusat
713 1261 825 1291 Philo-

878 1271 942 1292 ma.

119 1310 255 1351 sophos»,
275 1311 333 1352 qui
359 1310 603 1342 liberalitatem
632 1316 667 1342 et
697 1310 827 1342 munifi-

118 1360 266 1391 centiam
282 1360 558 1392 commendantes
572 1371 612 1392 ac
629 1361 826 1401 suadentes,

119 1409 154 1440 in
170 1418 271 1440 causa
293 1413 372 1440 sunt
396 1420 457 1441 eur
480 1411 611 1442 minora
634 1411 827 1442 haeredibus

120 1458 367 1500 relinquantur.

162 1511 204 1539 38
227 1502 379 1540 Doctores
410 1509 542 1551 Graios]
574 1510 717 1542 Graecos
747 1511 827 1552 poni

121 1569 183 1600 pro
200 1559 432 1600 Philosophis,
451 1560 523 1601 jam
546 1561 692 1592 diximus
709 1562 779 1593 Sat.
803 1571 827 1593 1.

121 1604 159 1640 et
181 1618 213 1640 v.
240 1617 346 1640 versu·
366 1610 498 1654 ultimo.
545 1610 613 1642 Hic
638 1620 722 1643 vero
750 1621 827 1643 cum

121 1658 194 1691 aliis
226 1659 429 1701 quibusdam
466 1661 619 1701 intelligo
659 1662 828 1692 Romanos

123 1709 282 1741 Graecam
298 1710 547 1752 Philosophiam
563 1715 747 1744 sectantes.

169 1761 222 1792 lta
238 1760 297 1803 fit,
311 1765 484 1803 postquam,
509 1761 578 1802 Esca]
615 1762 672 1794 Sic
702 1762 829 1794 vivitur

123 1813 230 1851 laute,
259 1816 295 1842 et
323 1812 357 1842 in
384 1813 493 1853 epulis
521 1822 560 1843 ac
598 1812 831 1843 munificentia

123 1871 205 1903 opes
222 1866 477 1901 consumuntur,
491 1872 534 1892 ex
551 1871 616 1903 quo
637 1862 764 1893 Graeca
780 1872 831 1892 sa-

122 1911 257 1955 pientia
278 1912 418 1942 Romam
447 1912 540 1942 venit
563 1921 639 1942 cum
664 1912 831 1943 mercibus

124 1962 315 2003 peregrinis
330 1966 365 1992 et
382 1961 626 1993 transmarinis.
659 1961 689 1992 Ο
702 1972 830 1993 morem

126 2021 247 2043 novum
268 2011 368 2052 juxta
385 2021 424 2043 ac
447 2013 695 2052 perniciosum!
721 2013 831 2054 inquit

126 2062 184 2093 ille
209 2062 358 2093 Bestius.
397 2062 486 2093 Vide
515 2063 673 2094 Lactant.
702 2073 758 2095 ιη.
782 2066 831 2095 16.

127 2112 184 2145 nbi
202 2113 401 2153 sapientiam
419 2115 512 2155 quasi
530 2125 637 2156 nuper
654 2115 831 2146 advectam

129 2172 206 2194 eum
222 2164 353 2203 saporis
369 2165 536 2195 mercibus
550 2158 721 2205 proponit,
736 2165 835 2196 citat-

129 2223 196 2255 que
215 2213 327 2244 locum
343 2214 430 2244 hunc
458 2214 580 2252 Persii,
595 2214 676 2245 item
691 2215 832 2246 Senecae

129 2264 236 2296 verba
270 2265 364 2303 haec3
404 2264 590 2296 ‘Nondum
631 2270 710 2296 sunt
744 2266 835 2296 mille

130 2315 222 2354 anni,
253 2324 296 2346 ex
326 2325 393 2356 quo
425 2315 520 2346 initia
548 2315 727 2356 sapientiae
755 2319 837 2346 nata

131 2365 232 2399 sunt!
256 2366 302 2396 Et
318 2364 516 2396 Lucretium
532 2370 721 2405 canentem,
745 2368 754 2382 ⁴
768 2367 837 2396 De-

130 2416 233 2457 nique
249 2422 371 2446 natura
387 2416 460 2447 haec
479 2425 603 2456 rerum,
620 2416 771 2457 ratioque
790 2426 839 2447 re-

131 2465 231 2506 perta
258 2470 311 2497 est
351 2467 482 2506 Nuper,
512 2468 547 2497 et
575 2467 660 2497 hane
694 2467 837 2507 primum

134 2525 212 2546 cum
237 2516 354 2556 primis
381 2516 452 2555 ipse
479 2521 633 2556 repertus
657 2516 758 2548 Nunc
775 2525 838 2556 ego

135 2574 209 2597 sum
237 2567 272 2597 in
302 2566 429 2608 patrias
461 2566 518 2608 qni
544 2575 679 2607 possum
706 2571 840 2598 vertere

137 2615 261 2646 voces?

181 2666 308 2707 Sapere]
345 2668 402 2701 Sic
429 2670 500 2701 Sat.
533 2678 558 2700 1.
584 2671 734 2701 Nostrum
763 2667 840 2699 illud

138 2716 240 2749 xit-cre
256 2716 355 2748 triste.

921 1313 964 1343 39
989 1311 1067 1342 Cum
1079 1311 1186 1352 pipere
1199 1313 1230 1341 et
1238 1310 1352 1350 palmis
1363 1308 1462 1349 venit]
1493 1308 1585 1340 Vide

879 1362 977 1393 Pers,
993 1361 1063 1392 Sat.
1081 1369 1115 1392 v.
1132 1370 1180 1391 vs.
1206 1362 1278 1392 136.
1295 1364 1330 1390 et
1346 1359 1435 1390 Plin.
1452 1367 1513 1390 xv.
1530 1360 1583 1389 29.

880 1412 936 1443 ubi
952 1412 1011 1451 ait,
1027 1416 1209 1453 antequam
1234 1411 1333 1451 piper
1360 1410 1586 1450 reperiretur,

880 1462 1002 1492 baccas
1019 1461 1053 1492 in
1078 1471 1139 1492 usu
1167 1460 1285 1501 fuisse,
1301 1461 1459 1501 illiusque
1475 1459 1587 1491 vicem

881 1511 1081 1542 obtinuisse.
1141 1511 1276 1550 Pulmz's,
1305 1520 1365 1541 seu
1394 1509 1587 1550 arboribus,

882 1571 941 1593 seu
958 1570 1072 1592 earum
1095 1560 1276 1600 fructibus,
1302 1561 1359 1602 qui
1386 1559 1516 1600 dactyli
1530 1569 1587 1591 vo-

882 1616 1015 1643 cantur.
1059 1611 1148 1642 Vide
1166 1611 1254 1643 Plin.
1271 1614 1399 1642 X111.4.
1423 1611 1503 1643 Juv.
1519 1610 1589 1641 Sat.

882 1671 938 1694 111.
956 1672 1004 1693 vs,
1025 1664 1079 1693 83.
1117 1661 1127 1678 ‘
1143 1660 1321 1692 Advectus
1352 1662 1495 1692 Romam
1521 1671 1589 1703 quo

884 1722 994 1753 pruna
1008 1715 1042 1742 et
1054 1715 1200 1743 coctona
1216 1714 1342 1743 vento.'

932 1764 1075 1795 Vestrum
1104 1764 1160 1793 hoc
1188 1763 1285 1793 maris
1313 1763 1438 1803 expers]
1489 1762 1591 1803 Saepe

887 1814 1012 1853 legitur
1028 1816 1178 1844 nostrum.
1212 1813 1323 1843 Locus
1335 1813 1519 1844 etiamnum
1532 1812 1591 1843 ob-

884 1873 1016 1901 scurus,
1027 1862 1175 1893 necdum
1189 1862 1271 1893 satis
1287 1862 1494 1902 explicatus,
1510 1868 1592 1903 post

886 1917 938 1944 tot
963 1913 1138 1944 doctorum
1168 1913 1404 1952 Interpretum
1434 1913 1593 1943 lucubra-

885 1963 1007 1994 tiones.
1053 1963 1200 1996 Quidam
1215 1963 1262 1994 sic
1278 1963 1495 2002 intelligunt;
1518 1971 1593 1993 nos-

886 2020 950 2053 tra,
966 2015 1001 2045 id
1027 2018 1091 2054 est,
1119 2014 1348 2045 Romanorum
1371 2012 1594 2052 Philosophia

888 2074 908 2095 a
923 2064 1058 2096 Graecis
1074 2064 1221 2103 invecta,
1237 2062 1332 2093 maris
1343 2071 1464 2102 erpere,
1475 2061 1511 2093 id
1527 2065 1594 2102 est,

888 2114 979 2155 salis,
995 2125 1055 2146 seu
1073 2115 1143 2145 sine
1157 2116 1239 2153 sale,
1256 2116 1318 2146 hoc
1335 2119 1400 2152 est,
1415 2113 1543 2145 insulsa
1558 2116 1595 2144 et

888 2169 1060 2206 corrupta.
1107 2165 1326 2196 Casaubonus
1354 2169 1466 2195 tame‘n
1489 2162 1596 2204 expli-

890 2220 963 2253 cat;
1001 2214 1097 2245 maris
1126 2224 1248 2254 ειμι-η’,
1279 2214 1311 2244 id
1343 2219 1407 2251 est,
1435 2212 1595 2244 masculae.

891 2265 1025 2296 virtutis
1049 2265 1214 2305 majorum
1237 2269 1431 2295 nostrorum
1458 2272 1595 2304 expers.

892 2314 991 2354 Aliis,
1006 2315 1102 2345 maris
1124 2324 1243 2354 expers,
1261 2317 1314 2345 est
1329 2324 1404 2354 quae
1422 2322 1513 2344 mare
1530 2321 1597 2343 non

891 2365 1076 2405 transierit,
1092 2364 1149 2394 sed
1167 2364 1302 2395 minime
1321 2367 1444 2404 placet.

934 2417 977 2445 40
1001 2415 1166 2447 Favnisecoe
1180 2425 1280 2446 crasso
1292 2414 1445 2445 titini-unt
1462 2413 1599 2452 unguine

887 2464 1006 2506 pultes]
1041 2465 1093 2495 Ex
1109 2473 1148 2495 eo
1163 2468 1317 2504 tempore
1334 2464 1418 2494 ¹adeo
1435 2466 1512 2493 sunt
1528 2471 1597 2492 om-

893 2515 947 2545 nia
962 2514 1163 2555 depravata,
1179 2519 1215 2545 ut
1240 2515 1372 2545 viliores
1390 2520 1515 2553 quique
1530 2519 1598 2540 rus-

894 2565 968 2604 tici,
992 2566 1107 2606 quales
1134 2570 1212 2595 sunt
1240 2566 1296 2605 qui
1327 2563 1450 2593 fimum
1467 2562 1597 2596 secant,

895 2615 1046 2646 lautitias
1063 2615 1293 2657 quaesiverint.
1339 2613 1427 2643 Hinc
1445 2610 1598 2640 ciborum

895 2667 1147 2708 simplicitatem
1171 2664 1294 2696 additis
1314 2658 1539 2694 condimentis
1553 2659 1599 2689 ti-

896 2716 1029 2756 tiaram,
1047 2719 1084 2747 et
1099 2714 1193 2757 quasi
1218 2713 1400 2752 violarunt,
1423 2713 1525 2751 atque
1540 2708 1597 2740 ad·
