1888 3032
264 149 350 191 212

264 253 407 296 Equites
425 251 570 284 Romani
586 250 642 291 qui
667 249 728 280 sub
751 248 887 289 regibus
913 249 970 279 Ce-

265 307 342 337 leres
364 316 374 337 .·
420 302 541 334 deinde
583 300 807 336 Flexumz'ncs5
853 303 972 340 postea

269 355 404 387 Trossuli
417 353 501 383 dicti
515 355 606 390 sunt,
626 355 712 382 teste
726 350 837 380 Plinio
850 358 969 380 xxxii.

264 410 295 438 2.
313 405 403 447 quod
428 403 561 434 scilicet
586 402 655 432 sine
680 400 866 441 peditibus,
883 400 970 430 duce

266 456 405 494 Nunnio,
422 453 618 484 Trossulum
636 451 811 483 Hetruriae
833 451 970 490 opidum

264 517 332 539 non
360 505 475 546 procul
504 514 523 535 a
548 503 681 533 Volscis
706 506 970 542 expugnassent.

264 557 331 587 Vel
350 555 520 594 Tros-sulus,
538 557 574 584 ut
591 553 722 583 Nonius
746 552 793 583 ait
815 552 971 590 Torosus,

265 607 353 638 bene
367 606 517 643 habitus,
533 608 568 635 et
585 604 619 634 in
636 609 714 634 cute
732 601 882 633 curanda
900 602 972 642 plus

267 666 365 698 aequo
395 659 568 696 operatus,
595 654 692 694 cnjus
720 654 812 684 Deus
843 656 974 692 ventor,

267 707 364 749 quasi
385 706 581 745 Torosulus,
602 714 620 735 a
644 709 760 735 torosa
783 708 818 734 et
842 712 973 734 muscu-

266 758 338 789 losa
372 755 589 797 pinguedine.
645 754 843 785 Casaubonus
879 753 975 793 dicit,

271 809 428 840 Trossucos
456 806 557 846 vulgo
581 805 709 844 vocari,
736 805 792 846 qui
820 804 914 835 cultu
941 808 976 835 et

269 864 343 892 toto
373 859 451 889 vitae
490 866 613 897 genere
644 855 780 886 caeteris
812 859 976 895 praestare

269 906 624 946 vellent—Exsultat]
647 907 784 937 Terram
801 905 888 946 pede
905 910 978 936 tun-

269 960 332 999 dit,
356 959 500 1000 plaudit,
525 959 744 989 veliementer
770 956 976 987 delectatur.

270 1010 403 1050 —Tibz'l
424 1010 520 1040 Vano
548 1008 707 1038 nimirum
730 1006 861 1045 Poetae,
887 1010 978 1036 vete-

271 1070 345 1091 rum
358 1069 511 1090 sermone
523 1058 679 1088 obsoleto
691 1055 978 1095 utenti.——Laevz's]

272 1109 400 1149 Mollis,
415 1109 555 1149 politus,
573 1107 755 1147 delicatus,
771 1106 898 1146 glaber.
929 1105 980 1135 Ir-

271 1161 527 1198 rism·ie.—-Per,
556 1158 626 1199 ἂμ]
667 1157 810 1189 Theatri
847 1157 981 1187 scilicet

271 1212 326 1243 vel
349 1211 450 1243 etiam
473 1209 622 1249 aedificii,
638 1210 672 1240 in
690 1209 813 1250 quibus
831 1208 979 1239 Fabulas

272 1263 408 1294 recitas.
437 1261 748 1300 Lubin.—Exultat,
773 1258 844 1299 &ej
873 1258 982 1291 Jacti-

272 1316 323 1344 tat
340 1322 413 1343 sese
430 1312 518 1343 inter
532 1310 696 1349 eruditos,
707 1313 745 1340 ut
760 1319 836 1341 cum
853 1308 887 1339 in
903 1307 981 1339 sub-

271 1363 375 1395 selliis
392 1362 502 1402 sedet,
523 1365 581 1392 aut
597 1370 674 1392 cum
692 1360 814 1390 transit
829 1368 891 1399 per
906 1358 981 1389 sub-

274 1414 379 1453 sellia,
404 1412 521 1443 habita
549 1410 763 1442 recitatione.
820 1408 925 1447 Quid,
956 1408 983 1439 si

272 1464 337 1495 hoc
355 1462 502 1502 accipias
520 1461 562 1491 de
585 1459 794 1491 auditoribus
808 1458 983 1497 ?—La·z·is]

272 1515 372 1553 Λεῖος,
397 1512 507 1543 mollis
533 1521 573 1541 ac
601 1509 760 1551 τρυφερὸς,
787 1509 939 1550 proprie,
967 1509 984 1538 ὃ

273 1560 550 1604 παρατετιλμένος,
596 1561 709 1591 vulsus
740 1563 776 1591 et
805 1559 983 1590 resinatus.

279 1614 414 1645 Casaub.

317 1667 358 1695 83
385 1664 479 1694 Nilne
493 1663 600 1702 pudet,
615 1661 685 1701 ⁶²50]
706 1661 832 1693 Obiter
851 1661 923 1701 jam
949 1664 985 1692 et

277 1713 372 1755 quasi
390 1723 450 1753 per
467 1711 687 1752 parenthesin
711 1711 753 1741 ad
775 1715 925 1741 oratores
949 1715 985 1742 ct

277 1774 473 1797 caussarum
499 1764 681 1794 forensium
705 1767 839 1794 actores
867 1767 902 1793 et
928 1773 985 1803 pa-

276 1821 394 1847 tronos
412 1814 642 1856 progreditur,
656 1814 688 1844 in
702 1813 823 1854 quibus
841 1809 986 1843 candem

277 1867 464 1898 vanitatem
488 1865 655 1906 exagitat.
703 1864 744 1894 Id
772 1868 838 1904 est,
862 1864 987 1894 Nonne

276 1922 312 1948 te
328 1916 448 1957 pudet,
466 1916 523 1946 ubi
549 1915 591 1945 de
610 1914 763 1955 periculo
781 1914 902 1954 capitis
919 1914 987 1954 agi-

280 1971 348 2006 tur,
365 1972 400 1997 te
416 1976 483 1998 non
501 1975 599 2006 posse
615 1974 729 1995 senem
746 1974 863 1995 canum
881 1968 916 1994 et
931 1964 990 1994 mi-

280 2017 465 2049 serabilem
490 2017 523 2046 in
549 2015 685 2056 judicio
709 2013 989 2053 descndere,nisi

278 2067 460 2098 verborum
477 2066 584 2097 fumos
601 2065 665 2096 tuis
683 2065 892 2096 auditoribus
912 2074 989 2095 ven-

281 2117 352 2158 das,
367 2122 403 2148 et
419 2117 492 2148 illas
508 2117 770 2148 acclamationes
786 2116 887 2155 Euge,
902 2115 989 2155 belle,

278 2172 373 2208 recte,
389 2171 544 2206 decenter,
561 2168 625 2198 tibi
646 2173 788 2207 expetas
812 2172 915 2207 atque
933 2177 989 2197 ex-

281 2225 379 2261 optes
392 2219 557 2259 ?-Capiti
573 2218 664 2258 cano]
689 2218 741 2248 Ibi
757 2218 846 2249 enim
863 2217 989 2257 simpli-

280 2272 375 2303 cibus
390 2271 502 2303 verbis
518 2270 601 2302 fletu
621 2275 655 2301 et
670 2270 886 2300 miseratione
904 2280 988 2310 opus

282 2326 368 2361 erat,
383 2322 475 2352 nulla
493 2321 672 2351 verborum
693 2325 727 2351 et
744 2319 922 2359 figurarum
939 2330 989 2351 so-

281 2372 377 2403 licita
392 2372 634 2412 cura—Cano]
659 2372 736 2411 Vel,
764 2372 871 2402 alieno
893 2371 989 2411 cnjus

283 2425 447 2462 patronus
469 2431 514 2450 c-s.
556 2422 620 2451 Vel
639 2422 764 2461 potius,
787 2426 846 2452 tuo
871 2421 988 2461 ipsiuS.

284 2471 391 2504 Quasi
414 2471 526 2500 dicat:
561 2471 805 2510 Turpissimum
819 2478 871 2501 est
889 2481 989 2501 canos

282 2531 378 2553 senes
395 2520 559 2562 ejusmodi
578 2520 720 2559 ineptias
746 2526 780 2550 et
800 2530 906 2560 nugas
933 2520 989 2549 ad-

283 2572 349 2604 huc
368 2572 571 2603 consectari
594 2571 672 2601 Lub.
707 2571 770 2601 Vel
789 2580 866 2600 vere
886 2572 990 2600 Cano.-

285 2623 376 2664 quod
389 2629 489 2662 anget
501 2622 612 2651 πάθοςῑ
638 2621 691 2651 vel
708 2625 818 2651 atrato
836 2625 870 2650 et
882 2620 991 2661 squal-

284 2673 354 2703 lido
373 2683 506 2703 reorum
522 2682 614 2703 more
629 2682 636 2702 :
665 2682 741 2713 quae
754 2672 855 2702 etiam
870 2681 922 2702 res
937 2681 991 2702 ca·

284 2723 406 2756 nitiem
422 2724 510 2755 solet
526 2723 731 2756 accelerare.
753 2721 991 2755 Casaub.-—Pe-

733 154 873 185 No'rAE
905 153 1124 184 VARIORU
1136 153 1168 181 M
1203 154 1253 183 lN

1022 247 1137 287 ricula]
1177 247 1326 284 Crimina
1356 248 1492 289 objecta
1526 250 1560 279 et
1596 257 1726 289 poenas.

1023 299 1137 329 Lubin.

1067 352 1107 380 84
1124 349 1258 389 Vellere]
1277 348 1302 380 Α
1310 359 1416 389 rcere,
1429 354 1642 390 aver-term&
1653 359 1729 390 pro-

1024 400 1154 440 fligare.
1179 400 1521 440 Lu1›1·n.—Quin‚ts·c.]
1549 401 1639 433 Quin
1658 401 1729 441 glo-

1025 452 1083 482 riae
1100 456 1166 482 tuae
1185 452 1324 490 servias,
1345 456 1380 482 et
1402 450 1436 481 id
1462 452 1632 492 praecipua
1648 461 1730 482 cura

1026 512 1117 543 agas,
1131 507 1168 533 nt
1185 503 1340 542 plausum
1358 501 1447 532 feras
1463 513 1469 532 :
1499 502 1589 542 quod
1603 502 1732 533 instito-

1026 554 1072 583 ris
1090 553 1293 594 eloquentia&
1312 552 1498 592 proprium,
1523 562 1587 583 non
1605 553 1665 583 viri
1682 562 1731 584 sa-

1026 603 1162 644 pientis.
1194 603 1370 633 Vocantur
1386 607 1497 633 autem
1514 603 1629 643 tepida,
1641 602 1734 634 dicta

1026 654 1221 692 mediocria,
1248 663 1311 684 nec
1340 654 1458 693 primm
1484 657 1598 684 notae:
1626 656 1664 683 ut
1688 653 1733 684 sit

1026 705 1137 735 audire
1163 705 1298 744 tepidum
1315 705 1467 742 decenter,
1485 704 1570 734 velle
1587 702 1735 742 laudari,

1027 755 1081 786 vel
1107 755 1240 785 modica
1264 754 1472 785 laudatione.
1523 753 1647 784 Sensus
1676 752 1732 784 hic

1027 806 1112 837 erit:
1142 816 1220 836 cnm
1252 804 1439 836 defendens
1470 813 1565 835 reum
1596 804 1734 844 capitis,

1028 856 1234 887 carminibus
1253 856 1320 887 suis
1335 854 1651 895 infamem,sperare
1667 865 1735 886 non

1029 907 1134 948 possis
1149 916 1206 937 eas
1224 905 1496 944 acclamationes,
1513 915 1595 946 quas
1611 905 1736 936 mereri

1029 957 1116 988 solet
1134 956 1231 987 bonae
1248 966 1361 987 causae
1378 956 1524 987 disertus
1547 959 1710 996 patronus
1725 965 1735 986 z

1029 1012 1066 1038 tu
1085 1012 1199 1038 tamen
1225 1007 1309 1038 adeo
1337 1016 1453 1037 vecors
1479 1016 1528 1046 es,
1555 1010 1593 1036 ut
1616 1015 1660 1036 ne
1687 1005 1736 1037 sie

1030 1058 1166 1098 quidem
1185 1057 1332 1097 gloriolae
1350 1056 1498 1087 studium
1521 1065 1642 1097 ponas:
1675 1055 1738 1086 sed

1030 1108 1120 1139 omni
1135 1107 1246 1138 studio
1263 1107 1298 1138 id
1315 1107 1446 1138 conaris
1462 1106 1613 1146 efficere,
1629 1111 1666 1138 ut
1683 1106 1738 1137 vel

1031 1157 1147 1197 tepide
1163 1157 1324 1196 lauderis,
1336 1157 1363 1188 si
1381 1157 1481 1198 pleno
1496 1167 1554 1188 ore
1578 1166 1644 1188 non
1661 1160 1738 1197 pot-

1032 1218 1080 1239 eS.
1109 1208 1244 1239 Casaub.
1291 1209 1353 1239 Est
1379 1207 1468 1239 enim
1493 1209 1648 1247 decenter,
1670 1216 1737 1237 vox

1032 1259 1307 1299 acclamantium,
1334 1269 1433 1300 quam
1470 1259 1504 1289 in
1533 1257 1738 1298 capitalibus

1033 1310 1135 1340 etiam
1150 1309 1214 1340 sibi
1231 1309 1440 1350 qrrzerebant.
1487 1308 1649 1348 Tepe'dum,
1667 1307 1738 1338 ina-

1033 1370 1107 1399 nes,
1124 1359 1232 1390 minus
1244 1359 1387 1398 validas,
1401 1359 1532 1399 tepidas
1549 1362 1583 1389 et
1595 1357 1738 1399 frigidas

1034 1415 1070 1442 et
1087 1411 1169 1441 viles
1186 1410 1312 1441 laudes.
1340 1410 1452 1440 chbz‘n.

1079 1465 1117 1492 85
1144 1461 1210 1492 Fur
1225 1471 1266 1500 es,
1281 1461 1348 1501 ξιπ]
1373 1460 1474 1493 Quod
1500 1460 1601 1499 dixit,
1626 1469 1740 1492 exem-

1036 1513 1092 1553 plo
1109 1511 1207 1542 Pedii
1224 1511 1390 1550 declarat,
1412 1511 1469 1551 qui
1494 1521 1514 1541 a
1539 1510 1742 1552 Cyrenensi-

1036 1563 1098 1594 bus
1116 1562 1199 1593 furti
1225 1566 1261 1593 et
1283 1562 1450 1602 sacrilegii
1476 1565 1667 1601 accusatus,
1681 1562 1741 1593 hu-

1032 1613 1184 1654 jusmodi
1202 1612 1296 1643 malis
1321 1612 1448 1644 artibus
1470 1621 1505 1642 se
1533 1611 1741 1644 defendit:-

1035 1664 1108 1704 Ait]
1133 1662 1357 1693 Adversarius
1373 1667 1552 1694 accusator
1569 1662 1744 1702 Cyrenen*

1038 1714 1094 1745 sis.
1110 1732 1151 1736 —
1170 1714 1286 1744 Pedius
1315 1713 1403 1753 quid]
1447 1713 1488 1743 Id
1515 1717 1580 1750 est,
1605 1712 1745 1753 Pedius,

1038 1764 1094 1794 ubi
1110 1763 1302 1803 hujusmodi
1320 1763 1449 1793 crimen
1473 1763 1535 1794 sibi
1556 1763 1744 1803 objectum,

1039 1814 1119 1855 quid
1147 1819 1217 1844 tum
1244 1814 1440 1853 respondet,
1463 1824 1529 1854 qua
1552 1813 1685 1845 ratione
1705 1823 1743 1844 se

1040 1868 1193 1903 excusat,
1213 1869 1248 1895 et
1275 1863 1430 1896 defendit
1441 1864 1654 1904 ?—C1·z‘m2‘na,
1671 1863 1744 1905 ἐγὼ]

1040 1916 1145 1949 Quasi
1162 1916 1275 1947 dicat:
1304 1916 1368 1946 Ille
1382 1925 1462 1947 vero
1474 1925 1538 1946 non
1555 1916 1686 1946 directe
1701 1915 1746 1945 ad

1041 1967 1167 1998 crimen
1183 1966 1247 1997 sibi
1262 1967 1435 2006 objectum
1460 1965 1659 2006 respondet,
1683 1965 1743 1996 sed

1041 2018 1150 2048 missis
1187 2018 1275 2048 veris
1307 2022 1341 2047 ct
1375 2016 1491 2047 solidis
1523 2016 1743 2056 argumentis,

1042 2068 1163 2110 quibus
1186 2067 1274 2098 forte
1299 2067 1511 2105 destituitur,
1534 2066 1745 2098 solummodo

1042 2119 1219 2149 verborum
1247 2118 1394 2149 flosculis
1409 2122 1445 2149 et
1460 2117 1645 2158 lenociniis,
1660 2117 1745 2158 figu-

1038 2169 1086 2199 ris
1103 2174 1139 2200 et
1154 2169 1342 2200 Antithetis
1367 2169 1506 2199 crimina
1529 2168 1591 2199 sibi
1607 2168 1747 2209 objecta.

1040 2219 1155 2259 libra-t,
1185 2219 1364 2260 ponderat,
1386 2224 1422 2250 et
1447 2219 1604 2258 trutinat,
1630 2223 1667 2250 et
1690 2227 1747 2248 ne-

1043 2271 1113 2301 scio
1131 2281 1197 2312 qua
1213 2270 1448 2301 circumitione
1474 2280 1493 2300 a
1519 2279 1553 2300 se
1581 2272 1744 2300 removet.

1041 2321 1357 2361 Lahiru—Crimina,
1373 2319 1443 2360 Sc]
1465 2319 1519 2350 Ad
1537 2319 1745 2350 concinnita-

1044 2375 1112 2402 tem
1126 2371 1348 2402 Periodorum
1364 2374 1417 2401 est
1432 2368 1660 2407 referendum,
1674 2367 1746 2409 qui-

1042 2421 1103 2451 bus
1121 2421 1328 2459 includebat,
1347 2420 1484 2460 objecta
1503 2419 1567 2450 sibi
1590 2418 1745 2459 crimina,

1041 2477 1079 2502 ut
1109 2472 1285 2502 videretur
1308 2470 1464 2510 periodos
1490 2469 1683 2509 appendere
1710 2469 1746 2500 in

1042 2522 1187 2552 bilance.
1245 2521 1286 2551 Id
1315 2526 1377 2557 est,
1406 2519 1561 2552 Quadam
1592 2519 1745 2551 modera-

1041 2572 1145 2609 tione,
1161 2572 1263 2602 verba
1280 2572 1435 2610 trutinat,
1451 2571 1499 2601 ita
1516 2576 1553 2602 ut
1568 2581 1746 2603 nmnerum

1041 2622 1259 2661 syllabarum,
1273 2621 1410 2661 pedum,
1422 2630 1571 2661 casuum,
1584 2628 1619 2653 et
1635 2622 1747 2652 onmia

1042 2672 1187 2713 denique
1205 2671 1412 2710 consideret,
1428 2680 1470 2702 ne
1486 2672 1560 2712 plus
1574 2671 1662 2703 sitin
1679 2681 1746 2703 uno

1042 2732 1143 2765 quam
1160 2722 1192 2753 in
1211 2722 1318 2754 altero
1337 2722 1501 2754 membro.
1545 2723 1692 2764 Sperans
1708 2731 1744 2755 se
