1888 3032
248 146 333 187 196

246 262 319 284 rum
337 256 395 284 aut
410 252 572 283 malorum
591 248 802 286 l’oiz'matum
817 247 953 289 judicio

245 303 400 334 standum
433 306 532 342 putas
566 303 760 340 magnatum
786 299 952 330 Romano-

245 362 319 384 rum
336 363 343 392 3
359 351 470 383 idonci
487 351 575 381 enim
599 350 715 382 talium
726 350 861 391 judices
886 359 952 380 non

246 406 335 433 sunt.
362 400 534 432 Casaubon.
581 400 733 431 Lubinus
763 404 876 431 autem
906 400 953 430 di-

245 453 292 483 cit
306 461 378 483 esse
391 451 533 483 verbum
551 451 650 482 amici
667 451 855 490 monitoris,
873 452 952 482 Per-

242 504 329 534 sium
359 502 575 543 corrigentis,
598 502 689 544 quod
717 502 760 533 ob
782 502 951 542 judicium

245 553 476 584 Romanorum
508 553 703 594 perturbari
726 562 793 583 non
816 552 952 584 debeat.

247 603 384 635 Turbida
415 603 529 643 Roma]
579 603 773 644 Praecipitis
817 606 852 634 et
882 612 953 633 cor-

243 654 337 695 rupti
357 664 488 686 sensus.
514 653 651 685 Farnab.

285 707 305 735 6
330 704 455 745 Elevet]
492 703 704 745 Ἐκφαυλίζει,
735 702 951 745 floccifaciat,

242 756 482 796 parvipendat,
512 756 566 786 vel
592 756 634 787 ad
655 756 780 797 sydera
797 756 952 786 tollat.—

242 805 393 845 Accedas]
432 804 656 845 Assentiaris,
690 815 754 836 nec
777 810 812 837 te
837 806 951 846 iniquo

242 855 468 887 Romanorum
491 856 624 896 judicio
649 856 857 886 censendum
873 855 952 887 sub-

233 905 349 945 jicias.
373 906 831 947 Farnab.—-Exmnenve,3sc.]
866 908 953 938 Exa-

244 966 322 987 men
339 960 390 987 est
406 957 531 997 lingua,
549 957 599 987 vel
615 957 730 996 linum,
745 957 834 998 qnod
851 958 953 988 medi-

242 1014 296 1036 am
328 1006 460 1037 hastam
491 1006 532 1037 ad
562 1007 716 1047 pondera
742 1007 953 1049 adaequanda

241 1059 350 1087 tenet.
397 1056 578 1097 Castigare
608 1061 723 1088 autem
753 1062 805 1088 est
843 1058 951 1099 digito

239 1106 359 1137 libram
383 1113 579 1147 percutere,
611 1112 649 1139 ut
677 1113 899 1149 temperetur,
915 1115 950 1140 et

239 1165 312 1197 prae
343 1156 531 1196 agitatione
555 1161 635 1198 post
661 1167 795 1198 aeqnum
812 1159 951 1200 conqui-

243 1210 349 1238 escat.
394 1208 540 1239 Trutina
552 1217 631 1239 vero
646 1213 699 1240 est
713 1208 878 1249 foramen,
901 1210 949 1241 in-

244 1262 297 1289 tra
314 1258 404 1300 quod
422 1263 475 1290 est
503 1259 641 1300 lingula,
663 1259 706 1290 de
731 1270 798 1300 qua
824 1261 950 1291 exami-

239 1309 332 1340 natio
350 1313 413 1340 est.
465 1310 532 1341 Vel.
550 1309 862 1349 Sch-Examenve,
881 1311 950 1353 23·c.]

238 1358 317 1390 Alia
335 1360 434 1391 ratio.
482 1360 583 1393 Quod
612 1359 736 1390 malum
768 1360 810 1391 de
834 1361 946 1402 aliquo

231 1410 397 1452 judicium
415 1421 482 1442 uon
497 1411 658 1442 aestimari
676 1411 802 1442 debeat
815 1422 858 1442 ex
874 1421 947 1443 sen-

236 1462 347 1493 tentia
364 1461 481 1502 populi
499 1461 656 1493 Romani.
704 1461 753 1492 Eo
768 1461 857 1502 quod
874 1463 947 1503 ejus

235 1512 379 1551 trutina,
393 1513 456 1543 hoc
473 1515 537 1551 est,
562 1512 769 1543 examinatio
797 1517 832 1544 et
859 1513 946 1545 ratio

235 1561 269 1592 in
296 1562 485 1602 judicando
513 1562 694 1593 admodum
721 1572 827 1603 prava
850 1564 947 1594 sit.—

236 1613 428 1649 Examenve,
458 1613 528 1652 ἐξα]
567 1613 712 1644 Ponitur
730 1623 791 1653 pro
807 1614 947 1655 inquisi-

237 1663 341 1703 tione,
366 1664 607 1705 aestimatione,
634 1669 669 1695 et
693 1664 835 1704 judicio.
882 1666 945 1696 Est

235 1713 323 1744 enim
357 1714 501 1744 Examen
524 1715 618 1745 stilus
635 1715 690 1745 vel
706 1715 832 1756 lingula
848 1716 943 1747 librae

234 1762 268 1794 in
297 1763 411 1795 medio
443 1774 561 1806 scapo,
593 1765 682 1796 unde
712 1765 801 1796 binae
829 1767 944 1797 lances

234 1823 408 1855 suspensa:
448 1815 489 1846 ad
530 1815 685 1856 pondera
722 1815 942 1856 coaequanda.

237 1865 371 1896 Trutina
388 1869 500 1896 antem
517 1870 570 1896 est
596 1866 776 1906 oblongum
793 1866 875 1896 illud
894 1865 943 1897 fo-

234 1926 366 1956 ramen,
391 1916 482 1947 intra
507 1917 595 1957 quod
623 1916 735 1957 vergit
751 1916 891 1956 lingula,
909 1922 945 1949 et

232 1965 266 1995 in
299 1975 365 2006 quo
399 1965 563 1996 foramine
600 1977 698 2008 aequa
735 1967 944 1999 examinatio

233 2017 465 2055 cognoscitur.
512 2016 658 2047 Ponitur
688 2022 799 2047 autem
823 2017 944 2049 trutina

232 2075 295 2105 pro
311 2066 458 2097 veritate
475 2070 511 2096 et
528 2066 668 2097 ratione.
714 2066 844 2107 InSIgni
861 2077 942 2108 ergo

233 2118 432 2158 metaphora
447 2118 604 2156 judicium
627 2117 893 2159 significat.—In
906 2120 941 2150 il-

232 2167 275 2205 la,
293 2166 362 2207 ξω]
387 2167 427 2198 In
442 2177 597 2198 sermone
612 2172 646 2198 et
662 2168 888 2200 aestimatione
905 2173 941 2200 et

232 2227 375 2250 censura
403 2218 520 2258 populi
545 2218 699 2259 Romani,
728 2223 889 2260 tanquam
905 2219 939 2250 in

230 2270 373 2300 trutina.

273 2322 291 2349 7
319 2320 477 2359 Castiges]
496 2320 677 2358 Emendes,
693 2320 857 2361 corrigas.
877 2320 940 2352 Est

231 2368 319 2398 enim
349 2369 517 2408 castigare,
547 2370 653 2410 digito
677 2370 797 2401 libram
822 2380 939 2411 percu-

229 2420 318 2455 tere,
336 2422 373 2448 ut
390 2422 615 2459 temperetur,
632 2424 667 2450 et
684 2425 762 2459 post
783 2421 938 2459 agitatio-

229 2477 305 2498 nem
322 2468 559 2509 conquiescat,
573 2473 611 2498 ut
628 2474 747 2507 postea
762 2470 937 2510 aequalitas

229 2519 439 2551 innotescat.
484 2521 524 2551 Id
542 2526 606 2559 est,
630 2521 805 2552 Judicium
830 2522 937 2552 nostri

228 2580 293 2601 non
325 2570 536 2602 metiendum
567 2581 609 2602 ex
642 2571 800 2612 opinione
833 2573 936 2612 vulgi.

227 2621 341 2652 -—Nec
353 2622 473 2662 te,25·c.]
497 2622 559 2652 Est
576 2626 690 2653 autem
713 2623 834 2653 ultima
851 2623 937 2654 ratio

229 2669 443 2710 Apodoseos.
500 2672 599 2704 Quod
630 2673 736 2703 nostri
768 2672 938 2712 judicium

230 2729 297 2751 non
313 2720 346 2752 in
363 2721 448 2761 aliis,
463 2721 524 2753 sed
542 2723 577 2754 in
594 2722 703 2764 nobis,
718 2723 938 2764 quaerendum

709 153 849 184 No'l'AE
886 153 907 181 V
918 152 1108 182 AR10RU
1118 151 1150 181 M
1185 153 1236 182 IN

1005 248 1062 279 sit.
1108 247 1148 278 Id
1166 250 1232 287 est,
1259 246 1515 288 Nolijudicinn·
1533 245 1573 276 dc
1594 249 1625 276 te
1651 255 1708 276 ex-

1005 298 1170 329 trinsecus
1186 307 1350 339 quaerere.
1395 300 1404 315 ⁴
1420 297 1536 338 Atque
1566 296 1639 327 aliis
1663 297 1709 327 'dc

1005 353 1051 389 te,
1067 359 1166 390 quam
1183 353 1217 379 tu
1235 348 1296 380 tibi
1310 348 1453 379 credere
1469 347 1558 386 noli‚’
1583 351 1618 377 ut
1633 352 1707 377 cum

1004 398 1151 430 Horatio
1167 399 1297 439 loquar.
1309 397 1574 428 Lubinus.-Nec
1585 400 1616 427 te
1627 406 1707 435 quee-

1002 449 1128 490 siverz's]
1145 449 1283 482 Judicia
1298 448 1415 489 populi
1431 449 1528 479 Rom.
1541 446 1708 488 reJieienti

1004 500 1134 539 Persio,
1152 500 1255 540 objici
1271 502 1421 540 poterat,
1436 498 1510 539 quis
1525 498 1590 528 erit
1602 497 1708 537 igitur

1004 552 1059 582 cui
1077 556 1111 583 te
1141 551 1278 592 placere
1308 549 1470 581 studeas?
1510 549 1710 590 Respondet

1002 602 1054 632 his
1071 602 1208 633 verbis:
1233 602 1340 640 Tune,
1368 600 1491 641 inquit,
1515 609 1568 630 me
1591 600 1641 630 vis
1665 608 1708 630 ex

1002 652 1291 692 aliorumjudiciis
1307 651 1478 692 pondere?
1494 660 1556 691 ego
1571 659 1652 681 vero
1665 650 1708 681 de

1002 712 1055 733 me
1072 707 1107 734 et
1124 703 1219 742 meis,
1244 703 1326 734 alios
1343 712 1408 733 non
1424 702 1573 740 consum,
1589 710 1707 732 verum

1002 757 1111 797 ipsum
1128 765 1181 787 me
1198 768 1204 787 :
1241 755 1331 797 quod
1348 759 1383 786 et
1400 758 1449 793 tu,
1464 754 1490 784 si
1507 763 1560 785 me
1577 753 1706 791 audias,

1002 806 1121 838 facies.
1169 806 1349 846 Proprium
1367 809 1419 836 est
1435 814 1549 835 eorum
1563 804 1620 844 qui
1638 804 1708 844 glo-

1003 857 1085 888 riam
1101 861 1288 896 sectantur,
1314 854 1406 886 facta
1423 865 1482 886 sua
1496 863 1561 884 non
1579 853 1621 884 ad
1638 863 1710 884 rec-

1005 911 1048 939 tae
1067 907 1203 938 rationis
1217 907 1390 937 obrussam
1407 905 1546 945 exigere
1561 916 1568 935 :
1586 903 1646 935 sed
1664 904 1708 935 ad

1003 963 1138 999 gustum
1165 959 1298 988 illorum
1324 967 1343 988 a
1367 956 1486 998 quibus
1506 954 1637 986 laudari
1652 965 1710 986 cn·

1002 1009 1112 1050 piant.
1139 1008 1271 1040 Casaub.
1319 1008 1518 1039 Inculcatnr
1546 1016 1628 1047 ergo
1644 1006 1707 1037 hae

1002 1060 1174 1091 sententia
1205 1059 1288 1090 illud
1330 1059 1371 1089 de
1406 1058 1492 1089 coelo
1530 1057 1707 1098 delapsum

1002 1112 1094 1141 Γνῶθι
1110 1109 1252 1142 σεαυτόν.
1276 1110 1389 1141 Lubin.

1044 1163 1063 1191 8
1091 1161 1171 1192 Nam
1201 1162 1307 1192 Roma>
1335 1163 1381 1191 cst
1409 1159 1477 1200 quis
1500 1158 1575 1199 non]
1621 1157 1707 1192 Quis

999 1222 1066 1244 non
1092 1222 1127 1243 se
1151 1216 1251 1243 extra
1274 1211 1417 1252 quaerit?
1449 1210 1517 1248 vel,
1534 1209 1620 1242 Quis
1638 1218 1705 1239 non

1000 1267 1052 1294 est
1067 1261 1364 1303 corruptijudicii,
1385 1264 1421 1292 et
1436 1260 1592 1300 indignus
1608 1259 1704 1300 cujus

998 1314 1164 1345 rationem
1185 1313 1332 1344 habeas?
1368 1312 1496 1353 quippe
1521 1310 1645 1342 delitiis
1667 1314 1704 1342 et

998 1365 1079 1395 luxu
1096 1363 1235 1404 perditi,
1256 1372 1371 1393 onmes
1388 1362 1525 1393 virtutis
1541 1371 1654 1392 osores
1669 1365 1705 1392 et

997 1415 1212 1445 honestarum
1237 1413 1383 1444 omnium
1412 1412 1548 1451 artium,
1572 1412 1614 1443 de
1632 1412 1704 1453 qni>-

997 1466 1056 1496 bus
1070 1470 1151 1496 tunc
1166 1469 1342 1496 merentur
1358 1463 1517 1504 pessime,
1535 1472 1612 1494 cum
1628 1463 1703 1494 illas

997 1525 1056 1546 suo
1074 1519 1236 1547 contactu
1257 1513 1400 1545 foedant.
1438 1513 1662 1545 Cosam—Ac
1675 1513 1704 1544 si

988 1565 1060 1607 fas]
1104 1566 1212 1598 Quam
1230 1574 1321 1605 aegro
1339 1575 1373 1595 se
1397 1565 1601 1604 contineret,
1626 1565 1702 1596 haec

995 1616 1122 1648 indicio
1145 1620 1234 1647 sunt.
1281 1615 1349 1646 Alii
1371 1615 1458 1654 libri,
1482 1615 1522 1645 ah
1545 1615 1572 1645 si
1585 1615 1642 1652 fas
1656 1616 1702 1646 ἀί-

994 1677 1072 1706 cere,
1089 1670 1123 1697 et
1136 1666 1183 1696 sic
1200 1670 1341 1706 exoptat
1352 1665 1415 1696 sibi
1428 1665 1601 1696 licentiam
1618 1665 1700 1696 illud

994 1716 1144 1756 dicendi,
1165 1716 1255 1757 quod
1271 1725 1372 1756 supra
1390 1725 1451 1756 per
1473 1714 1700 1755 Aposiopesin

993 1767 1198 1798 othcuerat.
1256 1766 1362 1799 Quasi
1393 1766 1514 1797 dicat:
1560 1766 1700 1797 Utinam

993 1816 1073 1848 mihi
1091 1816 1194 1847 liceat
1210 1817 1291 1847 illud
1309 1817 1444 1857 Impune
1461 1817 1588 1855 dicere,
1610 1817 1700 1858 quod

995 1867 1051 1898 alii
1082 1867 1218 1908 impune
1250 1866 1392 1899 faciunt.
1434 1867 1701 1899 abinus-sed

985 1916 1057 1956 fas]
1094 1916 1295 1957 Significans
1323 1927 1359 1948 se
1381 1917 1415 1948 in
1432 1919 1607 1959 proposito
1623 1928 1699 1958 per-

992 1977 1150 1998 severare.
1167 1967 1336 1998 scribendi
1352 1971 1497 2008 satyras.

1036 2023 1057 2051 9
1083 2021 1170 2051 Tunc
1185 2030 1254 2051 cum
1269 2021 1308 2050 ad
1323 2019 1484 2059 canitiem]
1524 2020 1698 2062 Quicquid

992 2070 1249 2111 istijudicaturi
1264 2070 1345 2109 sint,
1362 2070 1484 2111 inquit,
1503 2080 1566 2111 ego
1583 2075 1697 2102 tamen

992 2120 1187 2151 scribendas
1215 2120 1294 2150 mihi
1317 2125 1449 2161 satyras
1465 2121 1600 2161 judico,
1616 2132 1697 2163 quo-

992 2170 1055 2200 ties
1084 2169 1127 2200 ob
1159 2170 1272 2201 oculos
1296 2171 1377 2201 mihi
1402 2181 1504 2211 pono,
1530 2172 1648 2212 quibus
1664 2172 1698 2203 in

991 2220 1112 2257 studiis
1129 2220 1185 2251 isti
1202 2231 1237 2251 se
1253 2227 1437 2262 occupent,
1457 2222 1531 2262 jam
1551 2222 1630 2253 inde
1655 2222 1697 2253 ab

990 2279 1031 2300 eo
1045 2274 1198 2311 tempore
1211 2280 1287 2301 cum
1303 2275 1526 2302 excesserunt
1538 2281 1580 2303 ex
1595 2272 1696 2313 ephe-

991 2320 1043 2351 bis
1074 2321 1116 2351 ad
1146 2321 1296 2352 nltimam
1328 2332 1431 2363 usque
1461 2328 1672 2354 senectutem
1688 2333 1696 2353 ε

990 2380 1065 2402 cuni
1094 2375 1206 2402 tamen
1234 2382 1354 2413 graves
1386 2377 1421 2404 et
1449 2373 1558 2404 severi
1589 2373 1696 2404 velint

988 2421 1111 2453 videri.
1165 2423 1324 2455 Graecuin
1353 2428 1419 2462 est,
1448 2427 1586 2454 nostrum-
1610 2424 1695 2454 ist-ud

989 2472 1103 2511 vicere,
1133 2472 1171 2502 τὺ
1197 2472 1255 2513 ζῇν
1276 2473 1372 2513 ἡμῶν,
1399 2474 1470 2505 vita
1496 2473 1570 2504 haee
1593 2483 1692 2515 quam

990 2523 1107 2554 Romae
1125 2525 1266 2555 vivimus
1290 2527 1444 2567 plerique
1461 2535 1588 2557 omnes.
1635 2526 1692 2558 Sic

988 2573 1090 2604 tit-ere
1114 2575 1217 2614 triste,
1243 2575 1259 2605 ὁ
1281 2575 1456 2616 σκυθρωπὸς
1480 2575 1559 2615 βίος,
1586 2577 1694 2617 qualis

989 2628 1043 2654 est
1059 2633 1173 2654 eorum
1189 2625 1347 2664 maxime,
1373 2626 1437 2660 Qui
1462 2626 1575 2656 Curios
1596 2626 1693 2658 simu·

988 2674 1055 2704 lant
1079 2677 1109 2704 et
1134 2675 1346 2706 Bacchanalia
1362 2677 1482 2715 vivunt,
1499 2676 1554 2717 qni
1572 2677 1604 2706 in
1623 2676 1694 2709 Lit-

989 2724 1070 2757 teris
1098 2725 1212 2757 sacris
1250 2726 1409 2758 dicuntur
1448 2727 1609 2768 ἀφανίζειν
1650 2726 1693 2759 τὰ
