1888 3032
749 113 932 145 sarmit
968 113 1002 144 1.
1538 102 1596 144 29

137 208 306 252 Mobile
326 205 540 259 collueriS,
561 209 751 262 patranti
773 208 940 250 fractus
962 208 1120 250 ocello.

138 277 230 319 Hic
250 290 389 330 neque
409 290 528 317 more
548 277 690 329 probo
712 277 864 318 videas
887 289 1026 330 neque
1044 289 1156 317 voce
1177 287 1330 316 serena

138 344 343 398 Ingentes
364 345 584 398 trepidare
606 345 748 394 Titos,
772 358 872 385 cum
894 344 1085 385 carmina
1103 344 1299 385 lumbum

137 411 321 462 Intrant,
344 418 386 454 et
406 413 588 454 tremulo
609 413 864 466 scalpuntur
882 412 956 452 ubi
976 412 1129 453 intima
1148 424 1291 452 versu.

1541 341 1598 402 20

135 564 218 595 lutus
233 565 327 595 oculis
351 564 483 595 lascivis.
530 564 601 594 Illic
614 574 669 594 nec
685 563 761 594 bono
775 564 852 604 ritu,
874 574 929 596 nec
944 565 1093 605 applausu
1108 568 1205 604 recto,
1229 565 1362 606 aspicias
1381 564 1523 597 subsilire
1544 575 1598 597 no-

136 606 211 638 biles
227 607 391 646 Romanos,
414 607 531 647 quando
556 616 660 637 versus
671 610 837 647 penetrant
854 617 952 647 renes,
968 611 998 638 et
1013 610 1134 648 quando
1146 609 1319 648 praecordia
1335 609 1508 639 titillantur
1530 618 1598 639 car-

136 650 217 681 mine
233 649 390 681 trementi.
415 650 446 681 O
461 658 564 690 sene-r,
580 653 653 681 tune
668 651 782 690 ‘laceris
794 650 952 681 illecebras
964 651 1092 682 auribus
1108 648 1262 682 aliorum?
1286 651 1436 691 Auribus,
1451 652 1598 693 inquam,

751 757 986 768 eeeeeeeeeeee

135 843 251 865 errore
267 837 304 865 ut
321 844 397 865 cum
413 835 563 874 quotiens,
580 834 706 873 totiens,
728 838 763 866 et
780 834 844 866 alia
861 835 1072 875 scripserunt
1088 843 1147 873 pro
1163 833 1291 874 ᾳιιοίἱεε,
1306 833 1409 873 toties,
1436 835 1488 873 syc.
1535 833 1599 865 Ca-

136 877 362 907 saubon.—18
385 878 521 907 calluerit
536 877 626 908 Edit.
640 878 760 918 Steph.
798 877 845 908 At
859 877 1000 908 collueris
1023 876 1180 907 meliores
1196 875 1414 915 membranae,
1428 885 1495 907 non
1511 876 1601 907 collu-

133 920 209 957 erit,
227 920 315 961 quod
332 919 364 950 in
375 920 448 950 aliis
465 920 561 950 libris
574 920 716 959 legitur:
736 920 865 960 inepte,
878 920 943 950 nisi
958 920 1049 959 legas
1062 919 1141 950 Sede
1155 919 1236 957 leget
1251 919 1340 949 celsa.
1364 918 1601 949 Casaubon.—

139 965 180 993 19
196 963 281 994 Tunc
293 972 354 1003 pro
362 963 412 993 hic
422 963 458 994 C.
469 972 598 993 necvoce
610 963 679 994 Ms.
692 964 732 993 R.
756 973 826 993 voce
840 972 949 993 sonora
961 962 1025 993 Ms.
1040 961 1201 993 Gal.-21
1211 961 1395 1000 sculpuntur
1407 961 1474 992 ΜΞ.
1485 961 1526 992 R.
1540 961 1599 992 sed

800 1043 940 1075 NOTAE

611 1084 700 1138 <nde
730 1108 839 1138 Mart.

135 1156 337 1197 Epig.1v.6.
355 1162 390 1189 et
401 1166 435 1188 x.
448 1160 500 1189 70.
526 1157 616 1188 Plin.
628 1158 663 1188 in
674 1158 839 1198 Epistolis

137 1115 240 1137 causa
268 1106 555 1138 convocabantur.
895 1107 1033 1148 apponi,
1063 1107 1122 1140 ait.
1179 1105 1402 1138 Adhibebant
1432 1108 1603 1147 praeterea

895 1163 1094 1189 ornamenta
1123 1157 1279 1198 corporis
1312 1157 1416 1197 varia,
1447 1160 1485 1188 ut
1521 1156 1601 1188 inde

135 1207 272 1248 passim,
283 1212 323 1238 ut
336 1208 357 1239 l.
369 1217 410 1239 11.
426 1208 535 1249 Epist.
549 1211 601 1239 19.
617 1209 640 1239 l.
655 1217 708 1240 1x.
725 1208 838 1249 Epist.

136 1259 188 1289 27.
212 1258 476 1290 luculentissime
493 1269 577 1290 vero
606 1259 628 1289 l.
646 1268 711 1290 vn.
730 1259 839 1299 Epist.

137 1311 190 1340 17.
219 1313 255 1340 et
278 1310 299 1340 1.
328 1319 406 1340 v111.
434 1309 542 1350 Epist.
563 1312 615 1340 12.
662 1309 840 1342 Juvenalis

137 1365 251 1391 autem
266 1361 337 1392 Sat.
350 1370 416 1392 vn.
432 1361 536 1392 docet
549 1364 675 1402 quanto
689 1360 723 1391 id
735 1360 841 1391 fiebat

138 1415 323 1452 apparatu:
362 1412 371 1427 ‘
394 1411 441 1442 At
472 1411 499 1441 si
529 1411 711 1441 dulcedine
740 1409 840 1441 famae

137 1461 330 1492 Succensus
361 1461 495 1500 recites,
522 1462 722 1492 Maculonus
753 1470 841 1492 com-

137 1511 254 1542 modat
271 1511 385 1542 aedes.’
432 1512 476 1541 Et
501 1511 602 1551 paulo
626 1517 720 1552 post:
746 1511 842 1542 ‘Scit

139 1562 221 1593 dare
237 1562 376 1593 libertos
390 1567 543 1593 extrema
558 1562 592 1592 in
606 1567 705 1602 parte
723 1561 842 1592 seden-

139 1617 192 1644 tes
209 1612 362 1651 Ordinis,
385 1617 421 1642 et
436 1621 575 1652 magnas
600 1611 761 1642 comitum
778 1611 842 1642 dis-

138 1672 401 1704 ponercmvoces.
450 1661 558 1692 Nemo
587 1661 683 1693 dabit
709 1662 842 1703 Regum

139 1713 256 1755 quanti
288 1706 450 1744 subsellia
485 1717 654 1750 constent,
692 1712 736 1743 Et
767 1721 841 1752 quae

139 1763 308 1795 conducto
337 1762 488 1804 pendent
515 1763 702 1793 anabathra
719 1761 842 1803 tigillo,

140 1813 294 1854 Quaeque
323 1813 537 1854 reportandis
566 1813 679 1853 posita
709 1817 760 1844 est
791 1822 843 1843 or-

141 1863 274 1894 chestra
311 1862 503 1894 cathedris.’
572 1863 624 1893 Ex
663 1863 712 1894 his
747 1867 845 1903 patet

140 1913 353 1945 consuevisse
379 1914 584 1944 recitaturos
601 1913 668 1944 suis
683 1913 846 1953 impensis

140 1975 262 1997 ornare
279 1965 498 2003 auditorium,
525 1964 686 1995 subsellia
713 1965 843 1996 audito-

141 2016 244 2056 ribus,
271 2016 332 2047 sibi
364 2025 443 2046 vero
467 2015 635 2056 pulpitum
665 2022 701 2047 et
727 2015 843 2047 sedem

142 2066 320 2097 sublimem
341 2066 535 2107 disponere.
581 2067 677 2097 Idem
699 2066 845 2098 habetur

143 2125 185 2146 ex
211 2115 358 2155 Dialogo
382 2115 423 2146 de
449 2116 670 2147 Oratoribus:
698 2117 766 2147 ‘Et
790 2117 845 2148 do-

142 2174 233 2196 mum
264 2169 448 2203 mutuatur,
480 2170 515 2195 et
550 2165 755 2197 auditorium
791 2177 846 2197 ex-

143 2217 257 2256 struit,
273 2221 308 2247 et
325 2216 486 2247 subsellia
503 2216 677 2256 conducit,
700 2222 736 2247 et
752 2217 846 2249 libel-

143 2267 192 2298 los
201 2266 516 2307 dispergit,'quibus
526 2276 646 2306 nempe
658 2266 846 2297 invitentur

143 2317 303 2348 audituri.
348 2317 435 2347 Vide
464 2316 555 2347 Plin.
571 2316 680 2356 Epist.
695 2326 718 2346 1.
737 2319 787 2348 13.
812 2321 847 2347 et

144 2376 187 2399 11.
204 2370 255 2399 14.
301 2368 415 2408 Atque
431 2371 468 2397 ut
483 2365 730 2407 frequentiores
752 2367 846 2397 ades-

146 2422 223 2450 sent
245 2418 427 2458 auditores,
451 2417 560 2458 pretio
587 2418 689 2448 etiam
714 2427 847 2448 munus-

145 2468 230 2500 culis
259 2469 482 2509 cogebantur.
530 2468 653 2499 Horat.
686 2468 717 2498 in
749 2467 848 2507 Arte,

145 2518 217 2550 ‘Ut
248 2529 361 2560 praeco
391 2519 431 2549 ad
461 2529 591 2550 merces
629 2519 763 2550 turbam
790 2520 846 2561 qui

148 2569 240 2609 cogit
256 2570 425 2609 emendas,
442 2569 789 2610 Assentatoresjnbet
805 2570 847 2601 ad

148 2619 277 2651 lucrum
294 2621 343 2651 ire
360 2621 494 2652 Poc'ta!
528 2622 573 2652 Et
590 2621 728 2652 Persius
746 2622 848 2662 paulo

134 2674 240 2711 post,
268 2671 382 2704 tritam
410 2672 582 2704 lacernam
617 2671 703 2714 dari,
733 2682 849 2704 sumen

895 1208 1090 1240 recitationi
1107 1208 1269 1248 splendor
1285 1207 1480 1238 accederet.
1499 1206 1602 1240 Quod

895 1260 1040 1290 innuunt
1070 1258 1210 1290 Persius
1241 1258 1326 1290 hic:
1364 1257 1539 1289 Plutarch.
1567 1257 1602 1288 in

895 1309 1084 1350 Pompeio:
1111 1310 1242 1340 Seneca
1257 1310 1322 1350 Ep.
1339 1311 1413 1340 114.
1450 1308 1603 1340 Martial.

896 1361 960 1401 Ep.
976 1369 1027 1390 ιν.
1043 1363 1095 1391 41.
1120 1364 1155 1390 et
1170 1369 1220 1390 w.
1237 1363 1290 1391 41.
1334 1359 1422 1390 Vide
1439 1364 1476 1390 et
1490 1359 1603 1400 Agell.

897 1419 948 1441 XI.
970 1413 1001 1441 9.
1025 1410 1084 1441 ubi
1110 1410 1275 1450 reperies,
1298 1409 1441 1451 digitum
1468 1410 1603 1449 annulo,

897 1466 1002 1502 caput
1019 1461 1169 1501 palliolo,
1184 1470 1281 1491 aures
1303 1460 1507 1500 ligamentis,
1532 1458 1604 1491 fau-

898 1521 954 1542 ces
971 1512 1097 1542 vellere
1122 1521 1184 1542 ceu
1199 1511 1276 1541 lana
1291 1511 1468 1541 exornari:
1495 1520 1602 1551 pexos

898 1563 1000 1594 etiam
1039 1563 1192 1603 capillos,
1230 1568 1328 1603 togas
1371 1565 1528 1593 recentes
1568 1566 1604 1593 et

898 1613 1104 1654 splendidas.

942 1664 1115 1704 plasmate]
1171 1663 1226 1695 Ad
1248 1663 1442 1694 leniendam
1469 1673 1603 1704 vocem,

898 1716 1157 1756 suavioremque
1174 1714 1375 1746 faciendam.

941 1768 981 1796 18
1005 1765 1172 1805 patranti]
1220 1766 1365 1797 Patrare
1389 1766 1527 1806 proprie
1551 1770 1605 1797 est

897 1817 1097 1846 παιδοποιεῖν.
1142 1815 1244 1846 Unde
1262 1815 1316 1846 llic
1341 1825 1402 1856 pro
1419 1816 1603 1848 libidinoso

899 1871 1040 1906 aspectu
1059 1876 1077 1896 a
1093 1866 1213 1896 Persio
1230 1872 1423 1906 usurpatur.

942 1919 984 1947 19
1012 1916 1090 1956 Hic]
1136 1916 1178 1946 Id
1195 1921 1260 1956 est,
1277 1917 1311 1946 in
1336 1916 1401 1947 illis
1429 1918 1604 1949 recitatio-

898 1965 1009 1996 nibus.

944 2017 1050 2056 Neque
1080 2027 1149 2048 voce
1177 2018 1300 2058 serena]
1344 2016 1605 2050 Acclamatione

899 2066 1050 2098 confusa.

941 2120 982 2148 20
1009 2117 1193 2158 Trepidare]
1238 2117 1449 2148 Exhibendae
1471 2117 1605 2149 laetitiae

899 2173 935 2198 et
965 2168 1220 2209 approbationis
1251 2177 1365 2199 causa.
1411 2167 1535 2199 Horat.
1568 2168 1604 2199 in

898 2223 982 2249 arte.
1007 2219 1015 2234 ‘
1029 2219 1148 2257 Saliet,
1167 2218 1290 2249 tundet
1307 2217 1392 2258 pede
1409 2217 1560 2248 terram.'

944 2267 1046 2306 Titos]
1093 2268 1188 2298 Dicti
1212 2272 1290 2297 sunt
1305 2267 1376 2298 Titi
1393 2268 1522 2299 nobiles
1539 2267 1606 2299 Ro-

902 2317 991 2347 mani
1017 2326 1036 2347 a
1059 2317 1136 2347 Tito
1159 2317 1272 2356 Tatio,
1288 2317 1342 2347 vel
1359 2328 1378 2348 a
1394 2318 1520 2350 tuendo
1537 2319 1604 2351 Im-

903 2368 1010 2408 perio.

945 2417 1096 2449 Lumbum
1107 2418 1244 2459 intrant]
1290 2419 1480 2451 Excitando
1496 2419 1606 2451 libidi-

903 2478 990 2508 nem,
1007 2469 1103 2510 cujns
1118 2469 1216 2500 sedes
1231 2474 1285 2500 est
1300 2470 1333 2500 in
1349 2470 1489 2501 lumbis:
1516 2470 1605 2511 quod

903 2519 1034 2550 faciunt
1051 2519 1201 2550 obscoeni
1218 2530 1346 2551 versus.

946 2573 985 2600 21
1011 2570 1166 2610 Tremulo]
1189 2570 1347 2601 Tremula
1361 2580 1441 2601 voce
1458 2578 1604 2610 pronun·

904 2620 1031 2663 nando,
1049 2625 1085 2653 ut
1099 2621 1232 2653 mollior
1247 2621 1292 2653 sit
1306 2630 1418 2652 sonus,
