1888 3032
245 109 330 152 136

752 120 797 150 A.
831 118 994 150 PERsu
1029 120 1201 151 FLAccr

246 215 441 256 Nescius
462 215 672 256 examen?
705 217 823 255 vetat
841 214 923 255 hoc
944 218 1097 256 natura
1117 216 1335 259 medendi.

246 282 419 324 Navem
442 284 478 321 si
503 287 658 334 poscat
680 281 764 321 sibi
787 288 1023 335 peronatus
1051 287 1194 324 arator

246 350 437 392 Luciferi
459 349 595 397 rudis,
616 350 833 390 exclamet
857 349 1089 391 Melicerta
1110 352 1279 404 perisse

247 418 450 458 Frontem
472 417 526 457 de
547 419 691 458 rebus.

751 416 854 458 Tibi
874 422 990 459 recto
1010 420 1153 459 rivere
1176 420 1265 461 talo

241 538 361 579 peritus
374 538 482 569 sistere
510 542 659 569 stateram
688 539 790 570 debito
808 540 952 578 termino,
978 540 1060 571 ratio
1082 542 1242 572 medicinae
1267 542 1300 572 id
1324 541 1478 582 prohibat.
1523 541 1561 572 Si
1573 540 1710 580 agricola

244 584 382 611 ocreatus
394 581 454 611 sibi
472 583 574 612 navim
599 584 737 622 postulet
764 583 948 623 regendarii
974 594 1033 614 ηοη
1060 594 1240 623 cognoscens
1262 585 1462 622 Lucisernnm
1484 584 1598 615 statim
1616 584 1710 613 Meli-

243 627 329 654 certa
341 624 537 665 exclamabit,
553 626 671 656 nullum
692 625 765 666 jain
788 628 937 665 pudorem
952 636 1015 656 esse
1031 626 1064 657 in
1080 629 1176 658 rebus.
1222 627 1278 659 An
1297 638 1377 659 vero
1393 627 1556 667 disciplina
1571 626 1628 657 tibi
1644 636 1711 656 con-

908 733 1051 765 NOTAE

290 803 384 834 Certo
396 803 524 844 puncto]
548 804 679 835 Habita
701 803 885 845 diligenter
900 815 952 836 ra-

246 854 337 886 tione
353 854 476 892 morbi,
492 859 623 885 naturae
638 854 825 894 viriumque
844 865 950 896 aegro-

246 905 362 946 tantis,
387 905 469 936 item
495 906 734 936 medicamenti
765 917 823 937 seu
852 909 951 947 pltar-

246 957 345 996 maei,
372 962 406 987 ut
436 963 534 987 certa
563 967 718 988 mensura
746 963 780 988 et
813 968 951 998 propor-

244 1007 348 1047 tione,
375 1011 471 1038 certo
504 1008 655 1046 pondere
692 1009 875 1039 misceatur
913 1019 951 1041 ae

246 1056 360 1095 detur,
377 1057 503 1098 alioqui
519 1059 723 1090 nociturum.

290 1110 350 1138 101
375 1107 537 1147 Examen]
560 1108 637 1139 Jam
663 1108 807 1139 diximus
828 1118 902 1140 esse
918 1110 951 1140 in

247 1162 377 1188 statera
393 1158 519 1198 stylum
536 1158 592 1198 qui
621 1158 741 1188 eodem
760 1159 871 1199 vergit
885 1169 950 1200 quo

246 1206 379 1247 pondus
406 1207 559 1248 inclinat,
584 1207 673 1238 unde
696 1212 732 1239 et
756 1218 817 1249 pro
834 1210 952 1250 regula

246 1264 310 1290 est.

290 1310 418 1341 Natura
443 1311 598 1352 medendi]
632 1310 698 1341 Vel
729 1319 782 1341 ars
801 1320 873 1352 quoe
899 1315 952 1342 est

247 1360 393 1392 imitatio
423 1366 573 1400 naturae3
612 1362 666 1392 vel
693 1361 807 1401 potius
836 1361 884 1392 vis
915 1366 951 1392 et

245 1416 367 1442 natura
383 1411 571 1442 medicinae.
617 1412 702 1442 Vult
716 1411 804 1442 enim
820 1416 950 1442 naturae

246 1460 343 1499 ordo,
370 1465 406 1491 ut
429 1460 514 1493 fiant
543 1461 653 1492 omnia
681 1461 748 1492 rite
777 1471 816 1492 ac
853 1462 951 1502 scite,

246 1510 338 1552 quod
354 1510 453 1542 rudes
475 1516 511 1543 et
534 1512 684 1553 imperiti
710 1517 875 1553 praestare
896 1522 952 1543 ne—

248 1567 389 1603 queunt.

290 1617 351 1643 102
378 1614 496 1644 Navem
521 1614 549 1645 si
567 1618 687 1655 poscat,
702 1615 770 1654 esa]
796 1615 951 1646 Alterum

245 1665 437 1704 exemplum
467 1665 508 1695 ab
534 1666 693 1706 imperito
717 1666 764 1696 rei
793 1666 950 1697 nanticae.

246 1714 368 1745 Horat.
395 1715 506 1756 Epist.
533 1725 573 1747 11.
601 1719 630 1747 l.
665 1716 674 1732 ‘
693 1717 826 1747 Navem
852 1726 952 1757 agere

245 1764 384 1803 ignarus
399 1765 493 1796 navis
513 1766 631 1805 timet‚'
648 1769 712 1798 &cn
896 1796 899 1799 ,

287 1816 479 1856 l’eronatus]
512 1817 658 1848 Indutus
681 1818 877 1859 peronibus,
893 1818 950 1860 qui

246 1867 361 1898 rustici
380 1867 486 1898 calcei
511 1873 589 1899 sunt
606 1878 624 1899 e
641 1869 745 1900 crudo
774 1870 879 1910 corio,
895 1871 950 1901 vel

246 1927 264 1945 c
293 1917 448 1958 pellibus,
468 1918 525 1959 qui
551 1929 653 1960 supra
680 1930 790 1961 genua
814 1925 950 1962 proten-

247 1967 384 2008 duntur,
412 1969 454 1999 ad
479 1970 666 2001 arcendum
692 1971 813 2011 lutum,
842 1972 950 2012 nives,

248 2018 382 2049 imbres.
416 2019 535 2059 Vir-gil.
567 2021 642 2052 AEn.
678 2031 739 2053 vu.
767 2023 777 2039 ⁴
796 2023 952 2064 Vestigia

247 2068 336 2099 nuda
363 2068 488 2100 sinistri
512 2070 698 2103 Instituere
720 2073 839 2113 pedis;
878 2084 951 2104 cru·

246 2117 307 2149 dus
325 2119 410 2159 tegit
425 2119 535 2150 altera
552 2120 657 2160 pero?
689 2122 770 2153 Juv.
787 2123 858 2153 Sat.
875 2132 949 2154 xrv.

246 2177 294 2198 xs.
326 2171 398 2200 186.
433 2170 442 2186 ‘
461 2170 518 2202 Nil
542 2171 683 2202 vetitum
711 2171 833 2203 fecisse
856 2173 950 2204 volet

245 2226 346 2260 quem
376 2228 442 2250 non
468 2220 574 2261 pudet
605 2222 674 2252 alto
702 2222 771 2252 Per
808 2222 950 2263 glaciem

246 2278 373 2308 perone
408 2271 490 2310 tegi,
521 2272 579 2312 qui
616 2276 806 2304 summovet
842 2274 950 2305 Euros

246 2319 399 2350 Pellibus
417 2320 583 2352 inversis!

291 2373 351 2400 103
374 2369 516 2408 Luciferi
537 2373 639 2412 rudis]
670 2374 835 2414 Ignorans
860 2379 952 2406 astra

246 2419 353 2451 cnivis
376 2425 468 2461 nota,
494 2422 602 2461 qualis
630 2428 681 2454 est
702 2423 876 2464 φωσφόρος,
893 2434 951 2456 seu

245 2470 346 2500 stella
381 2470 536 2510 Veneris,
565 2481 638 2512 quae
676 2482 772 2504 mane
802 2473 950 2513 Lucifer,

247 2530 389 2562 vespere
417 2521 591 2561 Hesperus
617 2526 769 2554 vocatur.
826 2522 951 2553 Nautis

248 2576 342 2602 certe
358 2571 548 2602 necessaria
564 2571 768 2613 Astrologiae
788 2573 950 2613 cognitio,

247 2623 398 2662 inprimis
437 2623 527 2662 olim,
570 2623 702 2664 quando
737 2625 868 2656 nonnisi
906 2626 948 2656 ad

247 2678 337 2704 astra
360 2679 462 2705 noctu
489 2673 731 2715 navigabatur:
758 2681 791 2706 at
808 2685 897 2708 nunc
914 2676 947 2708 id

1006 805 1138 837 facilius
1154 807 1272 846 multo,
1301 807 1429 848 opertis
1449 806 1549 836 etiam
1566 809 1711 846 tempes-

1007 862 1076 888 tate
1091 858 1269 895 sideribus,
1289 859 1330 889 ad
1357 868 1452 889 acum
1476 862 1633 898 magnete
1650 857 1713 887 illi-

1005 912 1074 938 tam
1091 918 1110 938 a
1128 909 1244 949 paucis
1269 908 1442 940 inventam
1469 909 1611 939 saeculis.
1635 907 1712 938 Vir-

1007 958 1066 998 gil.
1097 958 1301 990 AEn.111.de
1329 959 1491 989 Palinuro
1515 962 1617 989 noctu
1642 968 1712 989 sur-

1007 1015 1121 1051 gente,
1155 1010 1301 1042 ‘Sidera
1329 1016 1455 1042 cuncta
1481 1015 1579 1042 notat
1605 1011 1712 1042 tacito

1007 1061 1159 1091 labentia
1172 1062 1271 1098 coslo,
1296 1061 1496 1100 Arcturum,
1512 1061 1711 1102 pluviasque

1009 1111 1162 1151 Hyadas,
1179 1112 1398 1153 geminosque
1421 1112 1576 1152 Triones,
1594 1110 1712 1142 Arma-

1007 1165 1146 1202 tumque
1185 1171 1265 1193 auro
1305 1162 1535 1202 circumspicit
1570 1162 1710 1194 Oriona.

1006 1212 1191 1253 Postquam
1204 1217 1327 1244 cuncta
1343 1213 1437 1244 videt
1452 1213 1537 1244 coelo
1554 1217 1711 1243 constare

1006 1272 1139 1304 serenO,
1155 1264 1226 1294 Dat
1242 1264 1369 1294 clarum
1393 1273 1411 1294 e
1431 1263 1538 1304 puppi
1555 1261 1710 1304 signum,'

1006 1316 1071 1345 &e

1050 1364 1231 1404 IiIelicerta]
1269 1366 1365 1396 Deus
1396 1364 1559 1404 marinus,
1589 1363 1644 1405 qui
1675 1367 1712 1395 et

1007 1415 1195 1455 Palaemon,
1211 1420 1246 1446 et
1262 1415 1450 1454 Portunus,
1476 1425 1516 1446 eo
1531 1415 1620 1456 quod
1639 1424 1713 1456 por-

1006 1465 1111 1496 tubus
1124 1471 1260 1506 praeest.
1283 1466 1375 1507 Lege
1389 1465 1489 1498 Ovid.
1507 1466 1649 1497 Metam.
1661 1474 1712 1498 lv.

1007 1516 1091 1547 Fab.
1124 1519 1175 1548 13.
1223 1517 1278 1548 De
1306 1527 1346 1548 eo
1369 1517 1417 1547 sic
1448 1517 1570 1557 virgil.
1596 1517 1659 1548 Ge.
1685 1526 1710 1548 1.

1007 1568 1015 1584 ‘
1033 1567 1190 1608 Votaque
1217 1568 1343 1598 servati
1369 1567 1504 1599 solvent
1530 1567 1565 1597 in
1591 1567 1709 1599 littore

1006 1621 1117 1647 nautae
1143 1617 1285 1656 Glauco,
1313 1622 1347 1648 et
1372 1618 1560 1658 Panopeae,
1575 1622 1610 1648 et
1629 1618 1710 1649 Inoo

1007 1667 1225 1700 Menecrate?
1272 1668 1363 1699 Huic
1380 1669 1512 1699 Istlimii
1537 1669 1605 1699 ludi
1623 1679 1714 1709 mag-

1006 1717 1058 1748 nis
1110 1717 1276 1748 sumtibus
1320 1728 1340 1749 a
1387 1723 1557 1749 conventu
1607 1719 1711 1750 totius

1006 1767 1146 1798 Acliaiae
1184 1766 1257 1799 fieri
1295 1774 1556 1800 consueverant.
1623 1769 1711 1801 Vide

1004 1818 1104 1848 Alex.
1131 1818 1172 1849 ab
1200 1818 1302 1849 Alex.
1320 1829 1351 1849 v.
1368 1823 1400 1851 S.
1447 1820 1607 1850 Fabulam
1635 1819 1710 1859 ejus

1005 1869 1205 1909 perstrinxit
1234 1869 1380 1901 Sanctus
1406 1870 1612 1911 Cyprianus,
1634 1878 1711 1900 cum

1005 1919 1104 1959 dixit,
1125 1920 1134 1936 ⁴
1153 1919 1335 1950 Melicerta
1351 1925 1385 1950 et
1402 1919 1600 1951 Leucothea
1626 1928 1712 1959 prae-

1006 1969 1193 2009 cipitantur
1216 1969 1250 1999 in
1275 1969 1392 2007 maria,
1408 1974 1442 2000 et
1458 1968 1544 1999 fiunt
1565 1974 1712 2009 postmo-

1005 2018 1084 2050 dum
1102 2018 1203 2049 maris
1220 2019 1392 2050 Numina!

1049 2072 1110 2100 104
1134 2070 1260 2101 Perisse
1267 2070 1408 2108 frontem
1423 2072 1460 2101 de
1476 2070 1578 2111 rebus]
1604 2071 1712 2101 Frons

1005 2120 1141 2160 pudoris
1171 2121 1281 2152 sedes.
1317 2121 1441 2152 Horat.
1471 2121 1577 2162 Epist.
1606 2130 1646 2152 11.
1681 2124 1711 2152 l.

1005 2171 1013 2186 ‘
1031 2171 1188 2202 clament
1225 2172 1350 2212 periise
1389 2173 1552 2212 pudorem
1587 2171 1712 2203 Cuncti

1006 2230 1104 2261 paene
1123 2219 1268 2253 Patres!

1052 2272 1121 2302 Tibi
1135 2275 1217 2303 recto
1243 2273 1343 2304 vivere
1364 2274 1426 2304 talo
1437 2283 1490 2304 ars
1509 2273 1610 2313 dedit]
1635 2272 1709 2312 Age

1005 2331 1098 2361 vero,
1115 2323 1234 2353 Marce
1257 2323 1378 2362 Dama,
1401 2323 1455 2353 die
1482 2333 1524 2353 an
1551 2322 1711 2353 didiceris

1006 2371 1193 2413 ὀρθοποδεῖν,
1219 2377 1300 2404 recto
1315 2375 1362 2404 ire
1377 2375 1466 2414 pede.-
1490 2374 1522 2404 id
1542 2377 1606 2413 est,
1622 2373 1709 2403 bene

1006 2433 1109 2463 agere
1135 2424 1170 2454 in
1201 2424 1367 2463 omnibus,
1394 2424 1487 2454 nulla
1517 2422 1582 2453 viri
1610 2421 1709 2462 probi

1006 2471 1117 2502 officia
1131 2473 1421 2511 praetermittere?
1447 2472 1650 2512 Metaphora
1665 2472 1708 2502 ab

1004 2521 1058 2560 iis,
1081 2522 1203 2562 quibus
1230 2522 1336 2562 pedes
1351 2522 1479 2553 obtorti
1501 2527 1560 2552 aut
1583 2521 1708 2552 claudi.

1004 2580 1068 2602 nee
1097 2575 1191 2602 recte
1219 2576 1359 2612 possunt
1387 2572 1557 2603 incedere.
1585 2572 1709 2603 Horat.

1004 2623 1114 2663 Epist.
1132 2632 1172 2654 11.
1190 2626 1220 2654 1.
1233 2623 1305 2663 jam
1324 2623 1382 2654 cit.
1405 2623 1414 2639 ‘
1431 2624 1575 2654 Securus·
1592 2623 1708 2662 cudat,

1004 2685 1045 2706 an
1065 2680 1156 2707 recto
1173 2679 1240 2707 stet
1256 2674 1369 2706 fabula
1389 2675 1479 2706 talo!
