1888 3032
696 162 881 194 SATIRA
915 162 959 194 V.

1476 150 1561 194 161

99 257 328 310 Incusserc
351 257 472 299 Deos
494 257 693 299 inflantes
713 270 910 312 corpora,
932 257 969 300 si
990 270 1075 301 non

98 323 368 366 Praedictum
388 329 452 365 ter
471 337 598 373 mane
617 329 752 378 caput
773 325 1019 378 gustaveris
1041 324 1130 367 alli.

153 392 333 434 Dixeris
353 393 451 435 haec
472 394 581 434 inter
598 394 826 434 varicosos
847 394 1116 434 centuriones
1133 407 1144 446 ;

94 511 182 544 ciunt
196 523 322 554 corpora
338 515 550 553 intumescere,
573 514 634 545 nisi
650 515 802 546 matutino
817 517 952 554 tempore
966 517 1014 544 ter
1032 514 1200 544 comederis
1214 517 1305 554 caput
1319 513 1387 545 allii
1400 514 1563 556 proescrip-

95 559 175 588 tum.
219 557 288 588 Ista
304 558 426 599 loquere
440 558 522 598 apud
540 557 741 589 Centuriones
764 557 918 588 varicibus
940 559 1073 596 notatos,
1095 557 1202 587 statim
1234 556 1394 594 Vulfenz'us
1415 567 1561 598 procerus

759 670 898 701 NOTAE

142 745 204 775 186
227 743 314 775 Hinc
326 744 462 784 grandes
477 743 581 784 Galli]
620 744 719 776 Nova
736 745 804 785 pal-

95 792 176 824 loris
193 802 294 825 causa
310 794 523 834 timorisque.

142 843 301 884 Grandes]
347 843 423 874 Sive
440 845 519 884 quia
540 843 745 886 cothurnati,
769 850 805 876 et

97 891 175 925 hinc
193 893 391 935 grandiores
411 894 594 934 videntur;
627 895 697 927 sive
714 897 805 937 quod

99 944 275 985 praecipnc
289 944 483 976 venerandi.
517 945 606 976 Vide
618 946 804 979 Fenestell.

98 993 142 1026 de
156 995 333 1026 Sacerdot.
350 995 446 1026 Rom.
475 1005 549 1036 cap.
564 999 616 1026 12.
662 997 731 1027 Alii
750 1007 804 1028 vo-

98 1045 172 1076 lunt
199 1045 344 1086 grandes
370 1047 546 1086 appellari,
572 1057 612 1078 eo
638 1048 728 1089 quod
755 1048 805 1079 illi

98 1100 220 1137 utpote
244 1095 385 1128 castrati
412 1096 639 1135 grandescant
669 1097 806 1138 potissi-

98 1154 200 1185 mum,
222 1150 262 1176 ut
287 1143 361 1176 fere
383 1144 436 1177 fit.
491 1146 600 1178 Favet
626 1147 806 1179 Juvenalis

100 1196 171 1228 Sat.
187 1205 237 1227 vr.
263 1198 337 1226 512.
362 1196 371 1213 ‘
390 1196 584 1237 Matrisque
600 1198 713 1228 Deum
733 1198 808 1229 cho-

99 1257 154 1280 rus
166 1249 283 1288 intrat,
296 1252 330 1278 et
342 1248 461 1289 ingens
475 1249 635 1289 Semivir,
649 1249 807 1281 obscoeno

100 1298 207 1332 facies
235 1299 422 1331 reverenda
447 1300 580 1341 minori,
606 1301 727 1332 Mollia
751 1301 808 1342 qui

99 1356 201 1392 rapta
216 1349 326 1382 secuit
340 1350 503 1391 genitalia
521 1352 634 1383 testa!

145 1400 249 1440 Galli]
273 1400 475 1432 Sacerdotes
489 1401 647 1442 Cybeles,
660 1403 708 1434 ita
723 1402 809 1434 dicti

100 1464 119 1484 n
145 1451 247 1483 Gallo
262 1451 423 1492 Phrygiae
445 1449 561 1491 fluvio,
584 1453 680 1493 cujus
708 1458 810 1493 potus

100 1502 252 1533 furorem
279 1500 411 1532 inducit
438 1511 545 1543 usque
573 1502 615 1533 ad
643 1503 810 1534 exsectio-

103 1562 180 1584 nem
211 1552 370 1583 virilium.
416 1552 597 1584 Fenestell.
624 1553 701 1584 loco
731 1563 810 1584 mox

103 1603 222 1643 citato,
250 1602 340 1632 Plin.
357 1610 409 1633 m.
440 1605 492 1634 49.
522 1608 558 1634 et
582 1604 692 1634 Varro
719 1603 811 1644 apud

104 1663 203 1695 quem
227 1653 349 1692 gallare
373 1657 424 1684 est
443 1652 560 1685 furere
575 1654 682 1685 instar
697 1654 813 1685 Gallo-

104 1714 189 1736 rum.
236 1703 338 1735 Ovid.
355 1704 446 1735 Fast.
461 1713 514 1735 1v.
540 1706 549 1722 ‘
563 1705 673 1743 Inter,
690 1705 749 1741 ait,
764 1705 812 1735 vi-

103 1754 212 1788 ridem
227 1753 381 1795 Cybelen
403 1754 560 1796 altasque
577 1755 719 1785 Celenas
733 1754 813 1785 Arn-

105 1806 158 1836 nis
172 1806 198 1836 it
211 1805 327 1836 insana
339 1805 473 1836 nomine
489 1805 607 1836 Gallus
624 1814 722 1846 aqua.
744 1804 813 1837 Qui

106 1855 192 1888 bibit
208 1855 299 1895 inde,
312 1855 418 1894 furit,’
441 1858 504 1886 &c.

152 1908 231 1938 Cum
250 1906 344 1938 sistro
367 1907 451 1937 lusca
466 1905 633 1945 Sacerdos]
667 1905 815 1936 Sacerdos

105 1957 209 1990 Isidis
224 1956 463 1998 AEgyptiorum
482 1956 582 1996 Deae,
599 1956 634 1986 in
661 1956 735 1996 ejus
758 1956 815 1986 Sa-

107 2009 174 2040 cris
190 2007 306 2039 ferens
331 2007 582 2049 crepitaculum
599 2016 642 2037 ex
669 2015 736 2037 nere
759 2005 815 2036 vel

108 2063 272 2099 argento:
296 2058 383 2090 sicut
401 2057 493 2089 Galli
509 2056 712 2098 cymbalum.
757 2056 815 2087 De

107 2108 246 2147 hisssfuse
261 2109 304 2140 ad
321 2109 483 2141 Juvenal.
501 2109 573 2139 Sat.
590 2117 642 2139 Vl.

152 2159 271 2199 Sislro]
293 2160 452 2198 Σεῖστρον,
466 2168 484 2190 a
499 2157 584 2198 σείω,
600 2158 750 2190 concutio.

151 2212 255 2244 Lusca
268 2205 434 2249 Sacerdos]
456 2209 591 2249 Insana,
607 2209 740 2248 vitiosa,
755 2209 816 2240 sic-

110 2268 150 2295 ut
165 2262 248 2298 alibi
274 2271 335 2302 pro
359 2262 464 2292 stulto
494 2260 642 2300 ponitur.
685 2260 751 2290 Vel
767 2269 817 2290 re-

108 2319 276 2346 z‘crauno
298 2311 418 2342 orbata
434 2311 545 2348 oculo,
574 2319 632 2341 scu
658 2309 746 2340 irato
770 2309 818 2340 illi

110 2363 176 2397 Isis
194 2362 417 2404 percussisset
439 2361 565 2391 lumina
588 2361 702 2400 sistro,
719 2366 757 2391 ut
774 2361 819 2391 ai-

113 2418 177 2444 unt
192 2411 379 2451 Juvenalis,
401 2412 471 2443 Sat.
498 2419 580 2442 xui.
596 2414 649 2442 93.
675 2416 710 2442 ct
737 2411 820 2442 Ovi-

115 2464 202 2503 dius,
225 2463 283 2494 lib.
311 2472 337 2494 1.
366 2463 408 2493 de
436 2462 564 2501 Ponto,
590 2463 686 2502 Eleg.
705 2465 733 2493 1.
760 2472 819 2492 scu

116 2514 207 2555 quod
228 2515 238 2532 ‘
257 2514 402 2546 Nubiles
426 2512 594 2544 deformes
622 2523 697 2543 cum
721 2512 820 2543 mari-

117 2569 170 2595 tos
180 2573 246 2595 non
256 2564 462 2603 invenerint,
472 2564 513 2595 ad
525 2564 714 2595 ministeria
728 2564 820 2594 Deo-

118 2623 202 2657 rum:
220 2623 256 2646 se
279 2614 492 2646 conferant2'
527 2614 618 2656 quod
643 2614 739 2644 aiunt
764 2623 820 2644 ve-

118 2669 210 2696 teres
227 2663 340 2695 Gloss.
357 2664 423 2695 hic.
435 2693 442 2698 .

165 2715 225 2746 187
249 2713 408 2745 Incussere
422 2714 522 2753 Deos]
567 2713 729 2754 Injiciunt
753 2723 822 2746 ›ne-

206 2767 320 2809 Delpb.
333 2770 363 2798 et
382 2767 456 2799 Var.
480 2769 565 2800 Clas.

861 748 932 775 tum
957 745 1064 786 Syriae
1089 744 1190 783 Deae,
1213 743 1371 786 Cybeles,
1389 744 1503 785 Isidis,
1518 745 1564 776 le-

859 795 955 826 vibus
972 795 1092 826 animis
1107 795 1427 834 occinentes‚illam-
1447 794 1566 827 furore

860 850 1056 885 concutere,
1093 846 1178 877 hanc
1222 847 1344 886 plagis,
1382 846 1564 886 ulceribus,

859 895 1053 937 morbisque
1077 895 1213 927 afficere
1229 901 1263 926 et
1280 895 1452 936 affligere:
1488 906 1565 937 quae

859 950 971 977 tamen
1010 945 1224 977 incommoda
1276 950 1311 976 et
1346 946 1566 985 aegritudines

860 1006 880 1026 a
911 996 1022 1027 causis
1048 996 1261 1028 naturalibus
1293 996 1568 1037 proficiscuntur,

859 1051 898 1077 ut
920 1046 1054 1077 erudite
1080 1047 1234 1087 disputat
1257 1046 1414 1078 Aretaeus
1442 1045 1500 1077 lib.
1525 1046 1569 1078 de

860 1098 969 1129 acutis
981 1098 1117 1137 morbis,
1132 1108 1208 1139 cap.
1224 1102 1256 1129 9.
1268 1098 1325 1129 ubi
1342 1098 1492 1138 explicat
1506 1107 1569 1129 cur

860 1150 976 1189 Syrios
992 1150 1235 1190 AEgyptiosque
1252 1154 1344 1181 tetra
1365 1150 1437 1180 haec
1452 1150 1571 1181 ulcera

861 1200 1024 1230 divexent
1040 1199 1266 1240 potissimum.

904 1250 990 1280 Deos
1004 1248 1150 1289 inflantes
1164 1249 1308 1290 corpora]
1340 1251 1520 1281 Tumorem
1536 1249 1571 1281 in

863 1309 987 1340 corpus
1002 1300 1239 1339 immittentes,
1254 1301 1318 1332 nisi
1335 1302 1572 1342 placarentur,

862 1356 901 1382 ut
927 1351 1125 1382 credebant.
1183 1352 1334 1384 Martial.
1362 1353 1573 1394 Epigramm-

863 1411 913 1434 1v.
928 1404 980 1434 43.
998 1403 1006 1420 ‘
1024 1403 1110 1435 Juro
1127 1413 1189 1443 per
1201 1403 1318 1444 Syrios
1334 1404 1395 1435 tibi
1411 1409 1572 1445 tumores,

863 1453 948 1484 Juro
972 1462 1034 1493 per
1048 1453 1295 1494 Berecynthios
1311 1453 1463 1485 furores!
1509 1455 1530 1487 J
1536 1465 1572 1485 u-

865 1502 991 1533 venalis
1007 1503 1080 1534 Sat.
1097 1512 1158 1534 xv.
1174 1506 1205 1534 9.
1231 1505 1489 1544 superstitiosos
1515 1505 1573 1535 ΖΕ-

865 1553 1000 1594 gyptios
1015 1553 1151 1594 irridet,
1171 1564 1258 1585 vana
1281 1555 1408 1595 quaevis
1431 1559 1467 1586 et
1492 1554 1573 1586 ridi..

866 1604 943 1635 cula
959 1614 1021 1644 pro
1037 1604 1111 1635 Diis
1128 1605 1405 1644 colentes,etiam
1422 1614 1574 1645 porrum,

867 1663 964 1695 cepe,
979 1656 1041 1685 Sne.

909 1705 947 1736 Si
963 1715 1021 1736 non
1031 1706 1229 1746 praedictum,
1243 1705 1312 1746 ξφα]
1365 1705 1442 1736 Nisi
1457 1705 1572 1738 obser-

866 1766 925 1787 ves
942 1766 1017 1797 quae
1040 1756 1162 1797 jubent
1176 1756 1366 1788 Sacrificuli
1381 1756 1429 1787 illi
1454 1762 1490 1788 et
1514 1757 1575 1788 Sa-

867 1806 1028 1842 crificulae
1046 1806 1088 1836 ad
1106 1806 1290 1846 placandos
1306 1807 1400 1836 Deos
1418 1816 1508 1838 suOS.

912 1860 974 1888 188
1008 1856 1218 1896 Praedictum]
1262 1855 1355 1886 Ante
1381 1857 1573 1896 nominans,

869 1916 968 1947 quam
995 1905 1188 1942 comedens,
1200 1913 1244 1935 ex
1269 1905 1510 1945 superstitioso
1532 1907 1575 1937 ri-

868 1960 918 1994 tu,
933 1956 1090 1996 inquiunt
1117 1954 1282 1994 nonnulli,
1309 1954 1429 1995 quibus
1457 1958 1575 1986 tamen

867 2006 926 2037 alii
942 2005 1168 2046 refragantur,

915 2057 946 2088 Τ
943 2066 977 2087 er
991 2055 1094 2096 mane]
1118 2055 1322 2096 Superstitio
1337 2055 1495 2087 elucetin
1511 2055 1576 2087 sin-

870 2107 968 2149 gulis,
984 2111 1019 2137 et
1035 2107 1125 2147 quod
1143 2113 1237 2138 certo
1252 2111 1419 2148 tempore,
1432 2110 1469 2138 et
1484 2106 1576 2148 qnod

870 2158 973 2189 certis
989 2158 1131 2189 vicibus.

916 2209 1018 2248 Caput
1031 2206 1210 2246 gustaveris
1224 2207 1294 2246 alli]
1327 2205 1424 2238 Quod
1450 2206 1577 2238 amule-

873 2262 944 2289 tum
963 2263 1083 2288 contra
1097 2257 1348 2287 incantamenta
1373 2260 1410 2286 et
1433 2256 1476 2286 ad
1492 2256 1577 2287 mul-

873 2312 985 2338 tarum
1012 2316 1174 2337 noxarum
1201 2306 1434 2346 depulsionem
1462 2307 1578 2338 valere

873 2368 962 2388 vana
1000 2357 1150 2388 credidit
1190 2357 1388 2398 antiquitas,
1416 2356 1579 2389 videlicet

874 2413 979 2449 caput
993 2408 1060 2439 allii
1077 2413 1135 2439 aut
1150 2417 1243 2448 cepae
1269 2417 1287 2438 a
1306 2408 1428 2448 jejuno
1451 2417 1578 2439 comes·

875 2464 956 2491 tum.
993 2459 1142 2490 Turneb.
1159 2467 1267 2489 xvut.
1284 2461 1334 2490 12.
1372 2459 1499 2489 Plinius
1514 2467 1577 2489 xrs.

873 2513 904 2541 6.
923 2510 967 2541 de
982 2510 1051 2540 allii
1068 2509 1250 2541 virtutibus
1266 2509 1372 2540 multa
1388 2507 1505 2546 refert,
1516 2507 1577 2538 ait-

873 2570 939 2602 que
962 2564 971 2578 ‘
986 2561 1104 2591 utilem
1121 2560 1288 2601 quandam
1306 2557 1511 2589 inflationem
1527 2554 1577 2586 fa-

873 2620 963 2649 cere,
977 2610 1114 2641 insaniae
1129 2608 1284 2647 mederi,'
1297 2610 1362 2638 διο.

920 2663 980 2692 189
1002 2660 1136 2692 Dixeris
1150 2660 1214 2690 hoec
1229 2660 1323 2695 inter,
1339 2655 1408 2695 ἐγὼ]
1433 2655 1519 2686 Haec
1534 2654 1578 2685 de

874 2721 956 2755 vera
977 2711 1137 2742 libertate
1153 2709 1290 2748 disputa
1303 2714 1418 2738 coram
1433 2704 1578 2746 stupidis

817 2766 906 2797 Pers.
1466 2759 1494 2789 L
