1888 3032
260 123 346 167 180
765 130 813 162 A.
846 128 1010 161 PERsn
1046 129 1219 161 rnAccr

254 232 289 276 J
291 247 362 275 am
380 231 546 285 reliqua
564 240 623 270 ex
643 226 805 278 amitis,
824 227 1034 281 patruelis
1053 227 1189 277 nulla,
1209 228 1434 282 proneptis

259 301 400 344 Nulla
421 301 566 340 manet
585 296 746 351 patrui,
770 296 930 337 sterilis
949 299 1174 337 matertera
1194 295 1323 346 vixit,

263 369 417 421 Deque
444 365 547 406 avia
564 363 746 404 nihilum
769 368 985 418 superest3
1013 363 1180 405 accedo
1201 363 1418 416 Bovillas,

261 436 529 487 Clivumque
550 432 605 473 ad
627 432 778 474 Virbi:
811 437 977 486 praesto
997 436 1062 473 est
1081 432 1185 473 mihi
1207 416 1384 473 Ma‘nius
1401 432 1556 474 haeres.

259 545 385 576 residua
397 545 525 585 epatris
539 544 741 584 sororibus‚‘si
760 545 844 576 nulla
857 544 1053 587 patruifiliu,
1062 545 1145 576 nulla
1147 544 1224 586 filia
1234 544 1335 584 neptis
1348 546 1501 584 superstes
1512 543 1572 574 sit.-
1585 541 1612 573 si
1618 541 1729 583 putrui

260 588 373 619 matris
388 597 478 618 soror
493 588 591 619 vitam
605 589 671 628 egit
686 589 752 620 sine
772 590 871 629 prole,
886 592 915 619 et
932 590 970 619 de
983 588 1055 619 avia
1070 588 1149 618 nihil
1169 590 1267 618 restat
1277 598 1288 618 .·
1310 588 1388 618 vado
1410 587 1453 617 ad
1475 586 1616 617 Bovillas
1630 589 1660 616 et
1686 586 1728 616 ad

266 631 370 663 virbii
383 631 507 663 declive.
553 631 631 662 Illic
648 632 800 663 Munm'us
812 632 893 662 ultro
909 632 969 662 erit
986 631 1064 662 mihi
1085 631 1195 662 haeres.
1239 630 1381 662 Scilicet
1407 630 1511 661 Terroe
1526 627 1645 671 filius?
1675 629 1728 659 Iu-

875 733 1109 745 eeeeeeeeeeee

262 803 315 832 53.
340 803 381 831 54
404 800 544 832 Variam
569 800 604 832 in
626 800 831 832 membranis
847 800 1103 831 distinctionem
1134 799 1343 831 invenimus:
1375 809 1453 831 nam
1469 799 1576 830 multa
1591 801 1730 829 vetusta

263 844 474 885 exemplaria
489 845 537 875 sic
554 844 715 875 exhibent
730 855 820 885 pron.
837 844 925 875 Null.
936 848 1064 881 manet,
1079 846 1164 884 patr.
1176 844 1335 883 ster.,&c.
1351 852 1418 873 non
1432 842 1533 882 male,
1545 846 1584 872 ut
1601 850 1662 882 per
1673 851 1732 881 pn·

261 887 326 917 trui
337 890 538 918 materteram
549 898 649 928 quam
667 887 892 919 remotissima
907 886 1067 927 cognatio
1085 886 1309 926 intelligatur.
1329 885 1589 916 crembam—56
1602 883 1733 918 Manius

262 930 361 961 hoeres
378 930 548 969 Progenies
563 929 692 962 Terrae?
714 931 770 961 Sic
788 929 1082 970 distinguendum:
1102 929 1273 969 posterius
1286 929 1472 960 membrum
1491 927 1731 969 pronuntiatur

266 982 286 1004 a
303 973 457 1014 legitimo
474 973 624 1013 haerede,
638 973 775 1015 quicum
791 973 944 1014 disputat
958 972 1110 1003 Persius.
1142 971 1315 1003 Cusaubon.

926 1065 1067 1097 NOTAE

266 1129 353 1161 Ossa
368 1139 447 1160 reor
465 1128 554 1161 dici-⁹

306 1182 410 1212 Juxta
424 1180 486 1221 est]
525 1180 643 1221 Prope
659 1180 779 1212 urbem
797 1181 831 1212 iu
855 1180 972 1212 subur-

265 1234 353 1265 bano
369 1233 444 1265 loco
461 1233 557 1274 situs,
581 1237 616 1264 et
638 1233 717 1264 hinc
743 1233 850 1274 pluris
880 1233 971 1264 aesti-

265 1284 419 1316 maudus.

310 1335 389 1377 Age,
404 1334 430 1365 si
446 1335 523 1366 mihi
535 1334 636 1374 nulla]
675 1334 790 1366 Verba
804 1334 916 1365 Persii
930 1334 972 1364 ad

264 1388 436 1419 haeredem
460 1388 552 1418 illum
581 1387 751 1419 irritatum
782 1386 907 1427 verbis,
937 1391 973 1417 et

267 1439 362 1480 quasi
373 1439 446 1479 jam
460 1437 779 1469 excandescentem.
825 1436 913 1478 Age,
927 1436 975 1466 in-

266 1489 352 1530 quit,
381 1488 550 1528 detrecta,
578 1493 612 1519 et
640 1498 683 1519 ue
713 1487 769 1519 adi
796 1486 974 1518 haeredita-

266 1545 355 1571 tem:
390 1549 453 1580 ego
478 1544 573 1570 certe
591 1548 657 1570 non
682 1537 901 1569 reformidem
919 1548 974 1578 ge-

266 1601 328 1622 nus
339 1591 422 1622 illud
433 1589 583 1621 infamiae
597 1589 687 1630 apud
699 1590 866 1619 Romanos
878 1588 975 1620 time-

268 1643 297 1673 ri
314 1642 464 1680 solitum,
481 1650 600 1672 carere
624 1640 755 1671 scilicet
769 1639 975 1677 haeredibus,

269 1693 325 1735 qui
351 1691 452 1723 funus
473 1695 606 1730 curent,
623 1693 688 1722 ἃς.
733 1689 835 1722 Quod
863 1689 890 1719 si
915 1689 974 1719 ali-

269 1743 359 1774 unde
384 1752 451 1773 non
472 1745 670 1782 suppetant,
700 1750 742 1771 en
767 1744 894 1780 praesto
922 1743 975 1770 est

268 1792 404 1824 Manius
419 1793 549 1830 haeres,
565 1797 600 1822 et
616 1792 670 1822 hie
687 1791 767 1821 mihi
785 1789 924 1821 suffieit.

312 1845 353 1874 53
376 1843 452 1873 Jam
467 1842 584 1882 reliqua
601 1851 639 1872 ex
653 1839 776 1880 amitis]
798 1840 907 1871 Anzita
924 1844 977 1871 est

270 1893 378 1935 patris
401 1903 506 1931 soror,
537 1892 630 1933 quasi
677 1891 767 1931 patri
797 1900 872 1921 meo
901 1890 976 1930 plus

272 1948 396 1983 amata,
410 1944 585 1985 inquiunt:
610 1943 721 1973 solent
734 1941 822 1972 enim
843 1950 976 1972 sorores

272 2004 343 2035 prae
375 1993 537 2025 fratribus
570 1993 678 2033 diligi,
711 1993 782 2024 sive
806 1992 840 2022 id
876 2001 976 2022 sexus

273 2044 371 2084 facit,
393 2045 464 2075 sive
484 2053 702 2084 personarum
720 2043 973 2081 dissimilitudo,

274 2104 348 2135 quae
375 2094 485 2125 minus
503 2094 606 2125 habet
622 2094 846 2125 'aemulationis
869 2098 906 2124 et
927 2094 975 2124 in-

272 2145 386 2176 xidiae.

315 2195 491 2236 Patruelis]
514 2196 677 2226 Patrueles
690 2195 850 2226 dicuntur
861 2204 879 2225 e
893 2194 976 2225 duo-

272 2248 333 2279 bus
346 2245 510 2278 fratribus
527 2247 610 2278 editi
626 2258 634 2285 ;
666 2246 861 2277 consobrini
883 2255 977 2283 vero,

273 2299 364 2339 quie
381 2298 511 2329 duabus
524 2297 714 2329 sororibus.

318 2348 498 2388 Proneptis]
531 2349 595 2379 Est
619 2347 753 2388 nepotis
780 2351 839 2378 aut
863 2347 976 2388 neptis

275 2397 356 2428 filia.
755 2434 757 2437 Ι

317 2450 359 2480 5-1
383 2448 514 2487 Patrai]
540 2449 678 2478 Patruus
703 2452 757 2479 est
780 2447 887 2487 patris
914 2446 979 2477 fra-

277 2505 350 2531 ter:
384 2499 471 2529 sicut
498 2498 684 2528 avunculus
711 2496 822 2527 frater
848 2496 977 2525 matris.

279 2550 387 2580 Porro
421 2553 517 2580 notat
556 2547 779 2578 casaubonus
807 2546 841 2575 in
866 2545 980 2575 multis

279 2599 422 2631 vetustis
439 2598 613 2631 codicibus
631 2597 731 2638 jungi
750 2606 867 2627 vocem
894 2596 979 2626 hanc

278 2660 353 2682 cnm
370 2649 649 2692 sequentibus‚ut
667 2648 778 2689 patrui
795 2651 982 2678 matertera

278 2700 404 2730 sterilis
417 2698 522 2730 fuisse
538 2698 760 2739 intelligatur,
777 2697 864 2728 bono
881 2706 979 2728 sensu

1027 1129 1176 1172 quidem,
1193 1129 1241 1160 sic
1265 1129 1356 1161 enim
1382 1128 1485 1160 etiam
1511 1125 1735 1158 remotissima

1026 1180 1186 1221 cognatio
1205 1179 1323 1211 deesse
1341 1178 1602 1221 significabitur.

1069 1229 1266 1270 BIutertera]
1288 1231 1390 1261 Soror
1405 1229 1536 1267 matris,
1554 1228 1647 1269 quasi
1664 1237 1736 1258 ma·

1026 1285 1082 1312 ter
1120 1281 1247 1312 altera:
1289 1279 1418 1319 sterilis,
1448 1279 1555 1319 stirpe
1589 1287 1628 1309 ac
1657 1276 1733 1308 filiis

1030 1341 1160 1363 carens.
1716 1323 1718 1325 ¹

1070 1387 1112 1414 55
1137 1383 1248 1423 Deque
1268 1382 1339 1413 avia
1367 1381 1500 1412 nihilum
1518 1379 1673 1421 superest]
1697 1379 1732 1410 Si

1028 1434 1176 1475 denique
1204 1433 1288 1464 aviae
1316 1432 1409 1463 nulla
1439 1431 1566 1472 stirps3
1602 1429 1734 1471 posteri

1028 1485 1112 1516 nulli
1138 1485 1275 1522 vivant;
1311 1483 1465 1524 adeoque
1489 1491 1590 1513 nemo
1621 1485 1736 1512 certus

1028 1536 1109 1567 mihi
1135 1536 1344 1577 propinquus
1372 1534 1474 1573 adsit,
1495 1533 1553 1574 qui
1575 1534 1736 1573 capessat

1028 1586 1284 1623 haereditatem3
1299 1585 1364 1615 scis
1381 1583 1463 1625 quid
1480 1582 1603 1614 faciam
1620 1582 1632 1612 ?
1664 1581 1736 1613 Ob-

1029 1637 1121 1666 vium
1149 1644 1316 1676 quemque
1342 1633 1514 1665 han-edem
1545 1631 1737 1670 instituam,

1031 1687 1185 1729 quamvis
1201 1696 1267 1717 non
1285 1686 1351 1717 alia
1367 1685 1499 1716 ratione
1517 1683 1597 1715 mihi
1614 1684 1738 1724 cogna-

1029 1741 1085 1769 tus
1109 1737 1165 1777 sit,
1188 1747 1287 1778 quam
1312 1736 1402 1777 quod
1427 1746 1446 1766 e
1476 1740 1570 1766 terra
1591 1738 1736 1775 uterque

1031 1787 1202 1828 progeniti
1223 1786 1375 1828 factique
1393 1796 1518 1817 sumus.
1562 1784 1646 1817 Aria
1666 1793 1736 1815 ma-

1031 1842 1086 1869 ter
1100 1842 1152 1868 est
1165 1837 1271 1878 patris
1288 1841 1346 1867 aut
1363 1836 1492 1867 matris.

1074 1887 1234 1927 Bovillas]
1257 1887 1362 1917 Vicus
1377 1890 1428 1917 est
1440 1886 1473 1917 in
1490 1884 1607 1927 Appia
1621 1885 1678 1917 via
1694 1884 1737 1917 ad

1030 1938 1248 1970 undecimum
1276 1937 1318 1968 ab
1345 1937 1428 1967 urbe
1450 1936 1613 1977 lapidem,
1629 1942 1736 1977 prope

1033 1999 1133 2030 quem
1155 1986 1359 2018 interfectus
1385 1997 1406 2018 a
1437 1987 1567 2017 Milone
1587 1985 1737 2026 Clodius,

1030 2049 1106 2070 cnm
1145 2037 1275 2068 rediret
1307 2038 1349 2068 ab
1392 2036 1513 2068 Aricia
1549 2046 1617 2067 non
1658 2036 1737 2067 hinc

1031 2088 1150 2129 procul
1179 2087 1256 2126 sita,
1280 2092 1319 2118 ut
1342 2087 1461 2119 scribit
1486 2086 1611 2118 Ascon.
1638 2087 1736 2118 Paed.

1031 2140 1143 2170 Porro
1159 2139 1297 2177 Βυυίὶῑα,
1321 2138 1416 2179 quasi
1442 2138 1524 2168 villa
1552 2137 1661 2178 bovis,
1691 2137 1739 2168 di-

1031 2190 1154 2235 citur,‘
1172 2200 1212 2221 eo
1229 2189 1319 2231 quod
1337 2189 1416 2220 olim
1435 2189 1470 2220 in
1493 2188 1629 2219 Albano
1646 2198 1738 2220 mon-

1032 2247 1066 2272 te
1083 2241 1125 2272 ab
1144 2251 1201 2272 ara
1225 2239 1360 2281 fugiens
1387 2245 1502 2271 taurus
1522 2239 1594 2280 jam
1622 2235 1738 2271 conse-

1031 2298 1157 2333 cratus,
1173 2293 1220 2323 ibi
1231 2291 1495 2332 comprehensus
1512 2290 1585 2322 est!
1629 2283 1737 2321 Vetus

1032 2344 1144 2376 Schol.
1168 2344 1275 2375 Sedes
1289 2348 1362 2374 erat
1376 2341 1537 2384 frequens
1553 2339 1738 2378 mendicis;

1033 2396 1113 2437 quia
1129 2395 1247 2426 tritum
1264 2394 1342 2425 iter.

1077 2449 1119 2477 56
1144 2445 1325 2485 Clio-umque
1348 2444 1388 2473 ad
1408 2441 1513 2480 Virbi]
1550 2440 1654 2471 Collis
1671 2439 1737 2471 iste

1035 2500 1179 2535 quatuor
1195 2494 1341 2524 millibus
1354 2493 1396 2523 ab
1420 2492 1501 2521 urbe
1524 2490 1652 2521 distans
1678 2499 1736 2521 no-

1035 2553 1112 2574 men
1137 2543 1272 2583 accepit
1297 2543 1339 2572 ab
1369 2541 1575 2581 Hippolyto,
1607 2540 1663 2581 qui
1690 2539 1738 2571 ib'i

1034 2594 1209 2625 colebatur
1226 2593 1286 2623 sub
1311 2592 1444 2623 nomine
1463 2591 1585 2628 Virbii,
1602 2600 1645 2621 ex
1670 2600 1737 2632 quo

1036 2644 1086 2675 bis
1113 2643 1165 2674 vir
1195 2647 1231 2674 et
1256 2642 1307 2673 bis
1336 2644 1432 2672 vivus
1459 2641 1536 2681 fuit,
1564 2641 1597 2671 id
1627 2646 1690 2681 est,
1718 2649 1738 2671 a

1035 2696 1149 2727 Diana
1168 2698 1347 2727 revocatus
1363 2694 1405 2724 ad
1421 2694 1539 2734 vitam,
1557 2686 1737 2736 postquam
