1888 3032
752 135 935 166 SATIRA
971 133 1037 164 VI.

1548 117 1630 159 171

88 284 110 293 ,Ι
166 234 252 277 Ast
270 237 405 277 vocat
423 231 633 273 officium:
664 230 786 271 trabe
806 232 934 282 rupta
955 228 1127 269 Bruttia
1147 239 1258 267 saxa

165 302 345 344 Prendit
366 301 534 341 amicus
555 301 699 353 inops,
720 311 897 351 remque
919 309 1090 337 omnem
1113 295 1329 348 surdaque
1350 296 1454 334 vota

165 370 371 412 Condidit
392 369 545 409 Ionio:
572 368 693 421 jacet
707 367 802 419 ipse
823 366 867 404 in
885 364 1045 412 littore,
1063 367 1105 404 et
1126 376 1214 404 una

167 438 370 491 Ingentes
392 438 444 478 de
464 449 614 491 puppe
637 434 739 482 Dei,
758 433 940 485 jamque
961 432 1095 471 obvia
1116 430 1273 484 mergis

168 548 309 579 Secunda
325 550 417 579 etiam
431 558 516 588 seges
530 546 693 578 herbescit.

742 543 804 575 Sed
822 546 942 574 revocat
960 551 1013 572 me
1030 541 1174 583 officium.

1577 427 1634 468 30

1221 540 1313 570 Ecce
1332 537 1509 577 familiaris
1523 546 1637 576 egenus

164 596 292 631 prensat
307 592 453 622 Bruttios
466 591 612 631 scopulos,
620 588 730 626 fracta
746 587 837 618 nari:
860 590 890 617 et
905 585 1043 626 perdidit
1056 584 1158 614 omniu
1175 583 1263 620 bona,
1287 586 1317 612 et
1330 592 1436 622 preces
1459 591 1518 612 non
1543 589 1637 611 exuu-

167 635 271 666 ditas.-
294 635 358 675 ipse
375 644 453 665 vero
469 635 643 673 prostratus
656 635 701 662 est
719 631 750 661 in
767 640 820 661 ora
837 629 940 660 maris
957 628 1052 668 Ionii,
1067 630 1096 658 et
1111 626 1204 657 simul
1220 626 1325 664 magni
1342 625 1401 656 Dii
1418 626 1453 655 de
1469 633 1584 664 puppe:
1607 626 1637 654 et

833 747 976 781 NOTAE

169 821 221 848 tas
236 816 271 848 in
288 817 445 857 granario
461 815 591 857 fruges,
606 825 681 847 cum
697 815 770 846 aliae
787 824 878 846 cres-

170 868 271 899 cant?
293 868 436 898 Scilicet
452 868 575 898 metuis
591 866 705 908 perire
726 864 840 897 fame?

216 919 314 959 Occu]
340 920 468 960 Ligone
492 919 611 960 frange
639 918 755 959 glebas
778 917 880 957 majo-

172 980 226 1001 res
239 981 247 1008 ;
266 970 354 1012 quod
369 970 499 1002 faciunt
517 974 595 1011 post
610 969 777 1000 sationem
792 968 879 1008 agri-

172 1021 268 1052 colae.
316 1021 407 1052 Hinc
424 1031 505 1052 vero
526 1019 712 1061 significari
731 1018 880 1057 videtur,

167 1070 241 1110 jam
269 1070 433 1101 utendum
462 1079 534 1102 esse
565 1070 677 1111 granis
704 1069 882 1110 praeterita

171 1131 282 1153 messe
309 1122 478 1162 collectis,
500 1126 536 1153 et
563 1122 604 1152 de
624 1121 675 1152 his
691 1121 882 1153 liberaliter

173 1172 398 1214 largiendum.
453 1172 669 1204 Casaubonus
708 1172 883 1204 existimat

174 1224 255 1264 poni
270 1223 482 1264 simpliciter,
499 1234 560 1264 pro
581 1223 697 1255 labora.

218 1274 316 1314 Seges
344 1276 444 1306 altera
474 1275 507 1305 in
534 1274 629 1305 herba
657 1275 719 1316 est]
759 1274 885 1306 Messis

176 1323 283 1355 altera
307 1324 379 1365 jam
411 1328 640 1365 praeparatur,
668 1324 760 1360 unde
787 1325 885 1355 novis

178 1375 293 1415 granis
305 1375 429 1405 horrea
443 1384 574 1405 rursum
590 1375 744 1415 impleas.

220 1426 260 1455 27
285 1425 346 1455 Ast
361 1427 449 1454 vocat
470 1424 618 1465 officium]
640 1424 887 1465 Prosopopoeia

178 1474 272 1506 avari
289 1484 362 1505 sese
386 1475 601 1506 excusantis:
641 1484 757 1506 verum
782 1476 886 1506 enim-

180 1534 274 1563 vero,
290 1524 414 1565 inquit,
438 1534 503 1555 non
520 1524 568 1554 ita
585 1524 637 1555 fas
662 1530 715 1555 est
739 1535 886 1555 annuum

179 1579 381 1616 proventum
408 1575 549 1615 singulis
566 1575 661 1606 annis
680 1580 788 1606 totuin
807 1585 887 1606 con—

181 1636 326 1666 sumere,
337 1626 486 1666 nihilque
503 1625 687 1666 sepositum
701 1635 888 1656 reservare.

181 1677 271 1708 Nam
298 1678 325 1707 si
350 1677 384 1707 id
418 1676 479 1707 fiat
505 1676 596 1718 quod
628 1686 757 1717 mones,
787 1676 889 1713 unde,

182 1737 311 1768 quaeso,
329 1732 492 1768 suppetet
513 1737 578 1768 quo
600 1728 820 1759 subveniatur
836 1738 891 1759 ca-

181 1777 391 1809 lamitatibus
419 1777 615 1818 amicorum,
641 1783 677 1809 et
704 1778 832 1808 morbis
861 1787 892 1808 a·

182 1827 279 1858 liisve
304 1828 401 1858 malis
422 1827 612 1867 derepente
635 1828 894 1867 ingruentibus?

186 1878 290 1909 Certe
315 1877 418 1908 officii
443 1876 532 1908 ratio
559 1877 622 1908 tibi
650 1887 772 1918 parere
791 1882 895 1909 vetat.

186 1929 274 1960 Haec
291 1937 424 1959 avarus.

231 1978 331 2010 Trnbe
353 1981 447 2019 rupta
473 1977 607 2009 Bruttia
623 1987 713 2018 saxu,
737 1978 806 2019 sa]
831 1978 897 2009 Re-

183 2030 285 2070 ponit
314 2029 475 2060 Persius:
514 2029 594 2069 quin
625 2028 730 2069 igitur
760 2038 835 2069 age,
861 2034 897 2059 et

189 2080 345 2121 protinus
372 2079 463 2121 quod
480 2079 598 2110 dixisti
613 2088 797 2120 exequere.
835 2080 897 2111 Fa-

187 2129 314 2161 miliari
340 2129 506 2169 naufrago
534 2129 577 2160 ad
602 2130 751 2169 Scyllam
775 2139 897 2170 scopu-

189 2179 273 2219 lum,
290 2188 471 2219 rerumque
490 2180 639 2210 omnium
665 2180 781 2219 egenti
797 2189 897 2220 opem

191 2228 255 2261 fer.
308 2229 373 2259 Vel
403 2229 612 2260 continuatio
647 2234 700 2260 est
734 2230 898 2261 sermonis

192 2280 285 2311 avari
302 2284 507 2320 praetextum
533 2279 621 2310 hunc
645 2277 832 2319 afferentis,
856 2279 898 2310 ad

193 2340 292 2373 quein
306 2329 528 2370 respondebit
541 2339 616 2360 mox
630 2328 757 2360 Poeta:
775 2331 783 2346 ‘
799 2331 900 2361 Nunc

194 2386 231 2413 et
255 2381 299 2412 de
326 2380 460 2421 cespite
490 2379 568 2410 vivo
595 2378 716 2420 frange
745 2380 899 2422 aliquid:

191 2432 319 2473 largire
337 2431 451 2472 inopi,'
467 2432 533 2461 &c.

238 2481 388 2522 Bruttia]
418 2481 549 2513 Bruttii
576 2481 688 2513 Italiae
717 2482 849 2523 populi,
867 2482 901 2514 in

196 2533 300 2565 tertia
316 2534 464 2573 regione,
482 2533 638 2574 Lucanis,
651 2537 689 2565 ut
704 2533 751 2566 ait
766 2533 903 2575 Strabo,

197 2583 422 2614 contermini:
462 2583 504 2614 ad
532 2583 628 2614 littus
658 2583 761 2616 inferi
787 2585 903 2625 maris,

196 2640 265 2662 non
279 2632 399 2672 procul
421 2632 550 2675 Sicilia,
577 2633 613 2664 in
636 2633 795 2667 Calabria
808 2634 903 2667 nimi-

202 2689 277 2714 rum
292 2680 462 2718 citeriori.
690 2696 693 2699 ,

976 814 1018 843 28
1041 810 1174 842 Prendit
1192 809 1308 841 amicus
1319 806 1421 848 inops]
1444 807 1498 838 En
1513 805 1639 837 amicus

932 863 1021 894 trabe
1040 866 1146 902 rupta,
1175 861 1263 892 illisa
1290 861 1380 899 navi,
1405 863 1479 900 post
1503 857 1640 888 naufra-

933 915 1024 954 gium
1041 918 1181 944 enatans
1198 911 1315 943 evadit
1339 911 1372 941 in
1395 911 1516 940 littora
1538 909 1640 939 Brut-

933 965 1071 995 tiorum.
1096 963 1220 1003 virgil.
1247 961 1322 992 AEn.
1352 970 1402 991 vr.
1437 961 1445 976 ‘
1471 959 1643 990 Prensan-

935 1020 1074 1057 temque.
1097 1014 1193 1045 uncis
1208 1012 1363 1044 manibus
1388 1011 1505 1051 capita
1522 1018 1644 1050 aspera

935 1065 1085 1098 montis.'

981 1117 1146 1158 Surdaque
1170 1116 1256 1156 vota]
1291 1116 1383 1146 Vota
1399 1114 1523 1156 quibus
1551 1112 1645 1144 surdi

937 1168 1077 1199 fuerunt
1103 1167 1161 1198 Dii
1188 1166 1328 1204 Marini,
1352 1170 1388 1196 et
1403 1163 1647 1201 inexorabiles,

937 1219 970 1250 iu
988 1218 1074 1249 mari
1090 1218 1224 1258 perdita
1240 1216 1393 1248 condidit.-
1430 1215 1518 1246 sicut
1538 1214 1572 1245 in
1589 1222 1647 1254 pe·

938 1279 983 1300 nu
1002 1268 1141 1300 condita
1154 1278 1222 1299 non
1238 1271 1419 1308 apparent.

983 1322 1025 1350 29
1049 1317 1153 1357 Ionio]
1180 1318 1301 1348 Ionium
1325 1327 1418 1348 mare
1445 1320 1497 1348 est
1521 1314 1563 1346 ad
1577 1313 1647 1346 fau-

941 1381 998 1403 ces
1015 1370 1186 1402 Adriatici
1203 1369 1317 1409 maris,
1342 1369 1491 1400 Siciliam
1508 1369 1599 1399 inter
1614 1370 1650 1397 et

942 1423 1101 1454 Cretam:
1138 1421 1349 1451 nominatum
1385 1429 1445 1451 seu
1472 1419 1515 1450 ab
1553 1417 1649 1449 Ionio

941 1472 1123 1513 Dyrrachii
1133 1471 1215 1510 filio,
1230 1480 1330 1512 quem
1343 1471 1375 1501 in
1385 1469 1468 1501 illud
1480 1470 1650 1501 Hercules

943 1523 1092 1563 dejecit:
1132 1532 1191 1553 seu
1225 1522 1267 1552 ab
1300 1522 1422 1552 Ionum
1451 1519 1650 1560 naufragio:

943 1582 1014 1610 seu,
1028 1577 1066 1603 ut
1082 1573 1155 1603 vult
1166 1572 1310 1611 Solinus,
1323 1571 1365 1602 ab
1379 1570 1476 1602 Ionia
1488 1576 1652 1602 extremae

945 1624 1056 1654 Italiae
1073 1622 1286 1662 regiuncula.

989 1675 1082 1705 ducet
1101 1675 1165 1715 ipse
1186 1673 1220 1703 in
1235 1672 1357 1713 littore]
1385 1672 1534 1712 Elegans
1548 1671 1655 1712 hypo-

947 1724 1090 1766 typosis.

992 1779 1033 1807 30
1068 1777 1218 1816 Ingentes
1247 1776 1284 1806 de
1303 1784 1408 1815 puppe
1435 1773 1514 1813 Dei]
1549 1773 1655 1804 Simul

949 1837 1026 1858 cum
1043 1827 1214 1866 eojacent
1233 1825 1293 1856 Dii
1307 1825 1402 1856 navis
1419 1825 1584 1855 tutelares
1602 1822 1658 1854 ab·

950 1877 1013 1908 lati
1041 1877 1083 1907 de
1115 1885 1245 1917 puppe,
1264 1875 1322 1906 ubi
1349 1875 1534 1906 sacrarium
1558 1874 1659 1905 habe-

953 1928 1047 1967 bant,
1069 1932 1104 1958 et
1127 1928 1169 1958 ad
1196 1936 1279 1968 quos
1305 1926 1340 1956 in
1357 1926 1518 1966 periculis
1544 1932 1657 1956 nautae

951 1983 1032 2009 vota
1056 1981 1267 2018 nuncupant.
1315 1977 1447 2008 Horum
1473 1977 1531 2007 ille
1559 1976 1659 2007 simu-

951 2029 1043 2060 lacra
1068 2027 1221 2075 ingentia
1246 2037 1361 2059 secum
1378 2026 1506 2066 eripuit
1534 2036 1553 2057 e
1580 2035 1660 2057 nan-

951 2077 1075 2120 fragio,
1099 2083 1135 2109 et
1160 2083 1282 2118 hagno
1310 2076 1427 2107 labore
1451 2076 1593 2108 abstulit
1610 2076 1660 2106 vir

952 2130 1132 2170 religiosus
1148 2133 1186 2160 et
1202 2129 1290 2170 pius·‚
1304 2127 1358 2159 cui
1376 2126 1519 2168 proinde
1529 2127 1661 2167 justum

953 2186 1004 2210 est
1031 2179 1203 2221 opitulari.
1219 2178 1342 2220 Virgil.
1377 2179 1385 2195 ‘
1403 2176 1533 2208 Aurata
1555 2175 1662 2217 fulge—

952 2229 1013 2262 bat
1029 2230 1190 2270 Apolline
1208 2228 1345 2270 puppis.
1378 2227 1484 2258 Arma
1503 2227 1663 2268 Deosque

954 2285 1079 2321 parant
1102 2278 1266 2311 comites.'
1322 2278 1446 2309 Horat.
1475 2276 1544 2308 Od.
1562 2285 1586 2308 1.
1611 2279 1663 2308 14.

955 2332 965 2347 ‘
982 2331 1062 2362 Non
1089 2330 1152 2362 tibi
1177 2334 1256 2361 sunt
1278 2329 1412 2370 integra
1438 2328 1557 2368 lintea,
1584 2327 1663 2359 Non

954 2381 1028 2421 Dii,
1039 2391 1123 2423 quos
1140 2381 1265 2413 iterum
1287 2390 1404 2421 pressa
1416 2389 1517 2411 voces
1533 2379 1647 2412 malo.’

998 2434 1133 2473 Jamque
1148 2432 1238 2463 obtin
1253 2432 1382 2473 mergis]
1405 2431 1553 2472 Jamque
1568 2430 1664 2465 navis

957 2483 1124 2517 diffractae
1137 2484 1243 2525 tigna,
1259 2488 1296 2515 et
1309 2482 1438 2523 trabes,
1455 2491 1557 2523 super
1570 2489 1665 2512 mare

956 2533 1140 2575 fluitantia,
1157 2534 1258 2566 obvia
1274 2533 1430 2565 feruntur
1445 2531 1582 2562 marinis
1599 2530 1667 2561 avi-

957 2584 1020 2616 bus
1037 2585 1080 2617 ad
1098 2594 1140 2616 ea
1157 2583 1404 2623 advolantibus,
1419 2587 1458 2613 ut
1473 2580 1552 2611 inde
1579 2589 1666 2620 prae-

959 2635 1036 2667 dam
1053 2639 1209 2675 captent.

1002 2685 1143 2728 Mer-gie]
1175 2684 1307 2724 Mergus
1323 2685 1376 2714 est
1391 2677 1551 2723 aquatica
1574 2679 1664 2712 volu-
