1888 3032
276 122 278 124 ’
291 120 378 163 178

800 127 842 157 Λ.
879 125 1038 157 PERSH
1076 125 1249 157 FLACCI

290 227 375 267 Dis
394 226 524 278 igitur
545 224 759 277 genioque
779 223 907 265 ducis
930 228 1105 266 centum
1124 222 1268 277 paria,
1289 222 1345 264 ob
1367 235 1437 264 res

288 293 472 347 Egregie
493 294 654 345 gestas,
677 290 852 332 induco.

913 290 1029 342 Quis
1050 291 1193 333 vetat?
1226 290 1352 331 aude.

276 405 409 444 ,propter
431 401 511 433 bena
532 402 682 443 praeclare
705 401 854 443 confecta,
871 403 959 433 edam
984 404 1106 433 centum
1135 399 1229 442 paria
1255 399 1465 440 gladiatorum
1496 400 1697 442 Numinibus,
1722 404 1753 432 et

946 487 1090 519 NOTAE

282 546 393 580 eollo!
453 547 586 579 Horum
622 551 660 579 et
687 547 840 579 meminit
869 548 985 580 Caesar

282 599 473 630 Comment.
490 597 549 630 lib.
562 607 610 630 iv.
628 601 707 631 etv.
723 599 766 630 de
790 599 888 630 Bello
905 599 986 631 Gal-

279 648 368 681 lico:
393 652 428 679 et
444 648 511 681 alii.

323 699 529 741 Ingentesque
563 701 644 731 locat
674 701 815 732 Caesonia
848 700 985 741 Rhenos]

279 749 428 782 Accolas
478 751 601 791 Rheni,
643 751 781 792 grandis
832 756 987 783 staturae.

277 801 420 833 Sueton.
450 801 558 843 Calig.
586 812 661 842 cap.
690 805 743 835 47.
773 803 783 820 ‘
801 802 988 834 Galliarum

278 863 413 895 quoque
444 854 715 895 procerissimum
736 865 916 897 quemque,
947 866 987 887 ac

278 905 460 936 nonnullos
472 914 490 935 e
505 904 727 945 Principibus
741 906 824 947 legit
838 916 877 937 ac
891 916 987 947 sepo·

278 956 347 987 suit
378 956 420 986 ad
451 955 633 996 pompam.'
682 956 755 988 Hos
786 967 900 988 omnes
926 958 985 988 tri-

277 1005 395 1047 umphi
424 1010 612 1046 apparatus
643 1007 795 1048 disponit
830 1008 985 1039 Caesonia

276 1067 339 1099 per
366 1063 620 1099 procuratores,
650 1060 705 1089 vel
737 1059 832 1099 ipsa3
855 1059 983 1100 quippe

276 1120 352 1152 quae
380 1110 480 1141 bellis
507 1111 610 1142 etiam
642 1120 715 1142 sese
747 1110 981 1142 immiscebat:

277 1170 459 1202 quamque,
477 1165 515 1192 ut
535 1160 642 1192 refert
665 1161 808 1192 Sueton.
835 1170 912 1201 cap.
930 1163 982 1192 25.

273 1210 283 1226 ‘
299 1211 455 1252 Caligula
478 1222 570 1252 saepe
598 1211 790 1252 chlamyde,
807 1213 981 1254 peltaque,

274 1266 310 1293 et
347 1262 444 1303 galea
473 1266 625 1293 ornatam
664 1266 908 1303 armatamque,
945 1267 981 1294 et

266 1311 368 1352 juxta
398 1312 652 1354 adequitantem
680 1312 845 1344 militibus
867 1317 980 1344 osten-

275 1361 404 1395 debat.¹

319 1414 477 1455 Caesonz'a]
522 1415 684 1456 Caligulae
727 1425 824 1454 uxor,
857 1415 979 1446 mulier

273 1465 417 1505 perdita¹
433 1465 582 1497 libidinis
593 1465 977 1506 etlasciviae,ab1mpe·

272 1519 385 1546 ratore
401 1520 601 1548 constanter
615 1517 785 1557 adamata,
801 1517 856 1548 cui
873 1517 976 1548 ctiam

271 1565 433 1606 philtrum
447 1567 622 1598 miscuisse
637 1572 672 1599 et
685 1568 882 1609 propinasse
899 1567 981 1599 dici-

275 1621 343 1648 tur.
383 1618 485 1650 Quod
513 1618 635 1649 scribit
661 1619 831 1659 Josephus
859 1618 978 1661 Antiq.

272 1675 350 1699 xix.
367 1672 404 1699 et
420 1669 560 1700 Sueton.
577 1678 609 1700 c.
624 1671 677 1699 50.
692 1670 700 1686 ‘
713 1668 897 1709 Creditur,'
926 1670 976 1700 in-

270 1717 356 1759 quit,
385 1718 394 1734 ‘
414 1718 609 1758 potionatus
633 1729 652 1750 a
686 1720 843 1750 Caesonia
868 1729 974 1752 uxore

269 1767 434 1799 amatorio
462 1768 599 1809 quidem
620 1768 883 1810 medicamento,
913 1770 973 1801 sed

269 1818 361 1859 quod
401 1818 434 1849 in
464 1818 631 1851 frurorem
660 1819 825 1851 verterit.¹
859 1812 972 1852 'Vide

266 1868 424 1900 Juvenal.
442 1870 514 1901 Sat.
534 1880 585 1902 VI.
606 1880 654 1902 vs.
669 1873 745 1902 610,
770 1874 806 1902 et
820 1873 894 1902 615.
911 1871 972 1903 ibi-

268 1928 333 1961 que
351 1924 502 1952 annotat.

311 1970 450 2011 Rhenos]
502 1971 628 2003 Rhenus
659 1971 782 2004 fluvius
825 1973 972 2014 Europae

265 2020 511 2054 celeberrimus
547 2023 764 2055 Germaniam
803 2034 823 2054 a
860 2024 972 2056 Gallia

266 2077 414 2113 separat,
445 2072 520 2105 fluit
555 2084 574 2106 e
612 2075 778 2106 Rhaeticis
810 2075 971 2116 Alpibus,

265 2122 357 2163 rigat
382 2124 562 2164 Alsatiam,
585 2125 830 2166 Palatinatum,
860 2126 969 2166 Agros

266 2174 501 2213 Colonienses,
519 2176 709 2207 Bataviam.

306 2228 348 2257 48
372 2226 435 2257 Dis
448 2226 560 2266 igitur,
576 2226 645 2267 ἔξω]
690 2226 888 2268 Egoitaque
904 2227 970 2269 (ait

264 2275 402 2307 Persius
415 2276 458 2307 ad
474 2276 661 2317 hmredem)
677 2278 807 2309 laetiiiae
822 2277 968 2318 publicae

265 2330 300 2356 et
336 2326 556 2366 Imperatoris
590 2328 758 2359 voluntati
789 2328 968 2369 indulgens

263 2385 330 2406 non
348 2385 484 2416 parcam
501 2378 683 2408 sumtibus:
708 2378 788 2419 (nec
817 2384 852 2409 tu
879 2379 968 2410 ausis

262 2426 387 2457 mutire
411 2426 558 2467 contra.)
606 2429 689 2468 Ego,
715 2428 864 2469 inquam,
888 2429 967 2459 Diis

261 2476 415 2508 victoriae
426 2477 620 2517 auspicibus
632 2483 735 2518 atque
748 2479 944 2509 auctoribus
956 2489 964 2515 ς

263 2528 421 2568 Genioque
449 2527 560 2565 Ducis,
588 2527 619 2557 id
647 2531 710 2564 est,
740 2527 962 2567 Imperatoris

263 2577 427 2619 Caligulae
444 2577 656 2616 sacrificabo,
669 2580 733 2608 &a

307 2629 467 2669 Genioque
503 2627 605 2668 ducis]
643 2628 710 2658 Per
735 2627 880 2659 Genium
911 2628 963 2660 sui

262 2678 432 2721 Principis
447 2679 541 2722 quasi
565 2689 626 2721 per
641 2679 775 2710 Numen
797 2679 963 2721 jurabant

1044 546 1204 578 Veteres:
1232 556 1271 578 ac
1286 547 1314 578 si
1329 546 1401 587 quis
1418 546 1619 588 pejerasset,
1633 557 1750 588 poenas

1044 597 1160 629 dabat.
1216 598 1318 629 Unde
1346 598 1590 639 Tertullianum,
1612 598 1621 615 ‘
1643 598 1750 630 Citius

1045 659 1107 690 per
1123 659 1239 681 omnes
1254 651 1364 690 Deos,
1377 660 1478 692 quam
1495 659 1669 691 perunum
1686 650 1751 681 Ge—

1045 700 1135 730 nium
1150 701 1294 731 Coesaris
1322 702 1520 742 pejeratur!
1550 701 1595 731 Et
1610 700 1751 732 Sueton.

1042 760 1117 791 cap.
1133 753 1186 782 27.
1205 751 1252 782 ait
1269 751 1311 781 de
1326 750 1479 791 Caligula
1494 761 1503 788 ;
1520 750 1529 766 ‘
1545 751 1676 781 Multos
1693 751 1750 782 ho-

1041 801 1132 832 nesti
1148 802 1273 832 ordinis
1288 800 1497 832 deformatos
1510 801 1601 841 prius
1613 801 1749 841 stigma-

1042 856 1113 883 tum
1130 852 1233 892 notis,
1250 851 1292 883 ad
1309 852 1461 890 metalla,
1479 855 1538 883 aut
1560 851 1603 882 ad
1619 851 1748 883 viarum

1041 903 1259 942 munitiones,
1274 906 1332 934 aut
1346 902 1388 933 ad
1405 902 1532 933 bestias
1547 901 1748 933 condemna-

1040 954 1100 995 vit,
1117 959 1176 985 aut
1194 954 1379 986 bestiarum
1396 963 1489 984 more
1513 952 1749 994 quadrupedes

1039 1014 1145 1036 cavea
1160 1005 1327 1044 coercuit,
1342 1009 1400 1036 aut
1423 1004 1551 1035 medios
1575 1013 1668 1035 serra
1684 1003 1749 1035 dis-

1039 1056 1168 1094 secuit;
1180 1065 1243 1086 nec
1256 1065 1372 1087 omnes
1385 1064 1427 1086 ex
1445 1054 1604 1093 gravibus
1618 1055 1748 1094 eausis;

1037 1115 1156 1137 verum
1171 1107 1258 1137 male
1282 1106 1324 1137 de
1347 1115 1487 1139 munere
1503 1115 1562 1137 suo
1579 1104 1748 1146 opinatos,

1037 1158 1092 1188 vel
1109 1157 1200 1198 quod
1217 1167 1391 1200 nunquam
1407 1167 1468 1198 per
1485 1157 1634 1189 Genium
1650 1165 1745 1189 suum

1038 1208 1277 1250 dejerassent.'

1080 1260 1213 1290 Centum
1225 1259 1318 1299 paria
1332 1258 1457 1299 induco]
1480 1258 1667 1299 Duplicem
1683 1258 1741 1290 lie·

1033 1309 1213 1341 catomben
1253 1310 1432 1350 explicant
1470 1309 1587 1350 aliqui,
1634 1310 1744 1342 minus

1034 1359 1133 1400 bene,
1149 1365 1187 1392 ut
1211 1360 1353 1401 opinor:
1380 1360 1500 1391 melius
1526 1360 1596 1399 alii,
1622 1363 1744 1391 centum.

1030 1411 1122 1451 paria
1150 1411 1387 1451 gladiatorum,
1413 1420 1554 1451 quorum
1580 1411 1743 1452 sanguine

1032 1461 1213 1501 placentur
1227 1460 1296 1500 Dii,
1313 1465 1349 1492 et
1362 1460 1585 1501 Imperatoris
1598 1460 1743 1494 Genius.

1033 1511 1157 1543 Horat.
1174 1511 1242 1544 Sat.
1257 1521 1298 1542 11.
1325 1514 1357 1542 3.
1389 1511 1398 1528 ⁴
1416 1511 1461 1542 Ni
1489 1511 1537 1543 sic
1564 1511 1742 1553 fecissent,

1032 1563 1259 1603 gladiatorum
1289 1562 1371 1593 dare
1409 1566 1549 1594 centum
1578 1562 1741 1595 Damnati

1031 1613 1159 1653 populo
1176 1612 1285 1653 paria,
1295 1616 1398 1653 atque
1416 1611 1574 1653 epulum'
1590 1635 1598 1644 .
1617 1634 1625 1644 .
1639 1613 1741 1646 Quod

1029 1663 1056 1693 si
1080 1663 1134 1694 cui
1157 1663 1295 1694 videtur
1322 1663 1442 1694 mirum
1463 1661 1556 1703 quod
1583 1663 1738 1703 privatus

1028 1714 1268 1755 gladiatorium
1283 1726 1403 1748 munus
1432 1714 1604 1755 exhibeat,
1621 1715 1740 1747 memi-

1029 1766 1119 1797 nerit
1141 1766 1232 1807 quod
1256 1765 1363 1798 refert
1385 1765 1568 1798 Suetonius
1591 1775 1668 1806 cap.
1684 1768 1738 1798 47.

1028 1816 1037 1831 ‘
1048 1816 1234 1857 Scripsisse
1258 1817 1300 1848 ad
1325 1820 1567 1858 procuratores
1583 1825 1662 1847 suos
1674 1816 1737 1848 Ca-

1026 1866 1180 1907 ligulam,
1202 1870 1241 1898 ut
1268 1876 1368 1908 quam
1393 1866 1532 1898 minima
1549 1875 1680 1898 summa
1701 1871 1738 1898 et

1027 1916 1193 1958 impensa,
1233 1918 1443 1959 triumphum
1485 1922 1599 1950 tamen
1635 1926 1735 1959 quam

1026 1974 1166 2009 possent
1197 1969 1570 2010 magnificentissimum
1592 1978 1736 2011 appara-

1027 2024 1116 2061 rent,
1131 2025 1167 2052 et
1183 2025 1326 2062 quantus
1353 2030 1524 2061 nunquam
1547 2019 1630 2051 alius
1655 2019 1736 2051 fuis-

1027 2075 1098 2109 set3
1138 2071 1272 2112 quando
1301 2071 1335 2101 in
1375 2071 1522 2102 omnium
1560 2070 1733 2103 hominum

1026 2121 1181 2163 bonajus
1197 2121 1386 2154 haberent!
1430 2124 1536 2163 Ergo,
1549 2122 1639 2164 quod
1656 2123 1731 2153 vult

1025 2172 1242 2204 Casaubonus
1264 2173 1345 2204 satis
1374 2172 1554 2204 verisimile
1571 2176 1637 2213 est,
1653 2171 1734 2203 data

1023 2232 1146 2263 nempe
1160 2233 1200 2254 ea
1216 2227 1389 2263 potestate
1401 2224 1434 2254 in
1449 2222 1635 2254 facultates
1649 2223 1733 2254 civi-

1025 2282 1091 2314 um,
1107 2279 1246 2305 coactos
1261 2274 1412 2315 privatos
1425 2273 1467 2304 de
1485 2282 1544 2304 suo
1562 2282 1729 2315 quemque

1023 2329 1151 2356 sumtus
1193 2329 1228 2356 et
1270 2325 1441 2365 impensas
1483 2324 1526 2355 ad
1566 2324 1729 2364 triumphi

1024 2385 1183 2416 pompam
1227 2375 1396 2416 conferre,
1438 2380 1473 2407 et
1525 2374 1729 2407 contulisse.

1022 2426 1123 2458 Quod
1141 2427 1286 2467 respicit
1301 2427 1364 2458 hoc
1380 2427 1457 2457 loco
1474 2426 1625 2457 Persius.

1065 2478 1114 2508 Ob
1138 2488 1187 2508 res
1202 2478 1326 2517 egregie
1338 2478 1458 2517 gestas]
1487 2476 1543 2508 Ob
1560 2476 1726 2518 insignem

1019 2528 1267 2559 Germanorum
1285 2527 1429 2566 cladem,
1445 2531 1479 2558 et
1497 2531 1629 2569 partam
1651 2526 1725 2559 feli·

1018 2577 1106 2609 citer
1118 2588 1138 2608 a
1148 2577 1298 2617 Caligula
1309 2577 1350 2608 de
1367 2577 1518 2612 hostibus
1533 2577 1723 2610 victoriam.

1019 2628 1166 2668 Itonion,
1180 2632 1218 2659 ut
1234 2638 1349 2668 supra.

1060 2682 1103 2711 49
1127 2680 1207 2715 Quis
1229 2678 1338 2712 vetat?
1375 2679 1467 2721 ande]
1513 2682 1605 2714 Num
1632 2682 1721 2718 ausis
