1888 3032
771 157 954 187 SATIRA
995 157 1028 188 1.
1574 148 1632 190 37

170 253 344 303 Dicere,
365 266 434 294 res
452 253 634 306 grandes
655 258 803 296 nostro
825 253 901 296 dat
923 253 1059 294 Musa
1078 253 1238 308 poe'tae.

223 319 341 361 Ecce
360 320 491 361 modo
511 321 664 362 heroas
685 335 841 362 sensus
863 322 1013 362 afferre
1035 321 1237 363 videmus

167 386 337 440 Nugari
359 389 510 429 solitos
532 388 706 438 Graece,
726 401 808 429 nec
830 402 992 442 ponere
1013 391 1161 430 lucum
1567 390 1624 432 70

165 453 387 504 Artifices,
409 469 488 496 nec
508 470 578 496 rus
599 460 794 496 saturum
813 456 1006 505 laudare,
1027 456 1102 496 ubi
1121 458 1291 508 corbes,

166 522 222 563 Et
242 522 382 573 focus,
403 528 446 564 et
463 524 599 577 porci,
621 528 664 565 et
683 524 857 564 fumosa
878 523 1041 564 Palilia
1059 524 1178 566 foeno
1196 539 1206 577 3

164 652 302 692 delicias,
325 663 377 683 seu
392 653 423 683 in
438 653 571 692 prandia
590 654 724 693 Regum,
752 654 847 684 Illusa
863 654 997 694 inspirat
1020 654 1166 685 sublimia
1182 658 1285 686 nostro
1314 656 1400 687 Vati.
1449 656 1530 687 Ecce
1545 665 1626 686 nunc

163 696 316 726 cernimus
329 697 486 726 nonnullos
499 707 548 727 sci
552 697 615 727 ibe1
618 708 633 727 e
648 698 772 728 heroum
782 696 886 735 facta,
900 699 951 737 qui
964 697 1100 728 solebant
1115 701 1252 729 tractate
1265 709 1366 738 nugas
1384 699 1506 739 Graece,
1523 702 1550 729 et
1565 709 1627 730 non

158 738 279 777 peritos
293 739 462 770 describere
486 750 613 775 nemus;
637 750 689 770 nec
704 740 857 771 celebrare
873 750 984 779 agrum
1000 740 1218 780 abundantem,
1242 743 1276 772 in
1291 752 1347 782 quo
1363 742 1500 782 cophini,
1528 744 1558 772 et
1573 751 1626 772 ca-

164 780 276 821 minus,
297 785 327 812 et
341 792 419 821 sues,
446 785 475 812 et
494 782 583 819 fis-ta
599 783 688 813 Palis
709 784 796 814 Deae
814 782 901 821 foeno
919 783 1058 814 audente
1068 783 1247 822 fumantia:
1271 794 1310 816 ea:
1325 795 1382 825 quo
1399 794 1477 815 rure
1495 784 1627 826 prodiit

779 871 1015 883 eeeeeeeeeeee

165 931 242 962 dam
260 932 354 963 Editi
372 931 570 972 praeferunt.
598 933 768 963 s'asaubon.
771 936 857 963 -69
880 933 981 964 Hanc
998 933 1217 973 scripturam,
1234 934 1382 972 videmus,
1400 933 1502 965 etiam
1519 937 1630 964 vetus-

165 975 285 1005 tissimi
302 976 435 1015 quidam
454 976 547 1006 Libii
565 980 721 1006 servant:
746 975 859 1006 firmat
875 976 967 1016 quod
983 977 1149 1017 sequitur,
1165 987 1234 1007 cum
1254 977 1384 1008 videas.-
1408 981 1443 1007 et
1459 977 1508 1007 ita
1531 985 1630 1016 supe-

164 1017 320 1057 1ius‚!11'c
334 1028 429 1058 neque
443 1028 525 1049 more
539 1018 631 1058 probo
642 1019 767 1049 videas:
783 1018 899 1058 placet
914 1023 1027 1049 tamen
1043 1020 1194 1058 ducemus,
1209 1030 1284 1050 cum
1300 1019 1478 1060 Bongarsii
1490 1019 1630 1058 Codice,

165 1065 200 1091 et
216 1061 383 1091 nonnullis
399 1061 483 1092 aliis.
507 1060 632 1092 Ref·e10
649 1062 738 1092 enim
760 1061 803 1091 ad
820 1062 978 1092 doctores
991 1062 1197 1102 juventutis,
1217 1063 1275 1103 qui
1288 1072 1404 1093 eorum
1422 1062 1539 1093 inanes
1557 1061 1628 1092 ani-

164 1112 236 1134 mos
249 1113 359 1134 rerum
376 1104 572 1144 cognitione
585 1104 628 1135 ad
642 1114 765 1145 magna
781 1104 874 1145 prius
893 1114 925 1134 as
931 1105 1043 1146 pitane
1066 1105 1329 1146 praecipiebant
1351 1115 1452 1147 quam
1470 1105 1504 1136 in
1521 1104 1631 1146 planis

822 1203 966 1234 NOTAE

160 1290 340 1330 Tragoedia
357 1301 431 1331 quae
458 1290 655 1331 Principum
679 1290 773 1322 facta
788 1301 866 1322 con-

160 1339 260 1372 tinet.
285 1340 415 1372 Alludit
430 1341 483 1373 hie
498 1342 636 1372 Persius
650 1341 693 1372 ad
708 1342 866 1382 Thyestae

161 1400 303 1430 coenam,
333 1392 366 1421 in
394 1401 460 1433 qua
485 1392 541 1422 ille
567 1397 684 1423 coctos
712 1391 798 1423 filios
825 1393 866 1423 ab

163 1439 270 1471 Atreo
294 1440 413 1481 fratre,
441 1442 562 1473 inscius
592 1443 653 1481 rei,
680 1446 715 1473 et
740 1443 867 1483 impru-

162 1491 245 1522 dens
261 1491 451 1523 devoravit.
497 1492 586 1523 Yide
603 1492 766 1524 Senecam
786 1494 868 1525 Tra-

162 1542 286 1583 gicum.

204 1595 245 1624 68
269 1593 575 1635 Resgrandes‚i§-c.]
620 1594 759 1625 Ironica
789 1599 868 1626 sunt

159 1645 238 1676 ista.

203 1699 245 1727 69
269 1697 350 1728 Ecce
379 1698 465 1727 modo
491 1698 610 1737 heroas,
636 1698 705 1739 ξω]
743 1697 866 1729 Heroi-

160 1756 238 1778 cum
267 1758 404 1779 carmen
435 1749 650 1780 scribendum
687 1750 865 1780 nonnullos

160 1797 330 1828 cernimus
345 1798 534 1838 suscipere,
560 1799 663 1829 etiam
679 1798 865 1839 imperitos

203 1850 245 1879 70
283 1849 410 1888 Nngarz·
434 1850 541 1880 solitos
567 1850 692 1889 Graece]
725 1850 779 1880 An
806 1850 864 1891 qui

159 1898 311 1929 carmina
327 1899 523 1930 Graecorum
545 1899 661 1939 inepte
676 1900 708 1930 in
727 1900 866 1930 Latinos

161 1958 278 1980 versus
309 1950 529 1988 transferunt,
566 1955 604 1981 ut
635 1949 716 1981 fecit
744 1949 865 1982 Actius

159 1998 297 2030 Labeo?
344 1999 395 2030 An
427 2000 483 2040 qui
514 2000 678 2040 Linguam
708 2001 865 2032 Graecam

158 2049 217 2080 vix
233 2049 310 2080 dum
327 2050 533 2090 delibarunt,
554 2061 665 2092 neque
683 2051 767 2082 adeo
783 2052 865 2082 satis

159 2099 286 2129 eruditi
315 2100 473 2132 videntur
500 2101 543 2132 ad
571 2102 638 2132 tale
665 2106 865 2143 tantumque

159 2158 257 2189 opuS,
294 2150 392 2190 quale
429 2155 481 2181 est
518 2152 665 2191 Epicuni
705 2152 864 2192 Carmen,

158 2199 248 2240 quod
276 2209 422 2231 summos
450 2210 511 2241 per
535 2202 646 2232 omnia
668 2202 796 2232 Poetas
813 2213 864 2234 re·

159 2250 285 2290 quirit?
347 2252 482 2291 Legunt
508 2252 627 2292 aliqui:
668 2253 748 2283 Ecce
776 2254 863 2283 modo

157 2300 265 2332 heroas
293 2312 398 2333 sensus
427 2302 542 2343 afferre
573 2304 722 2341 docemus,
750 2303 865 2342 nugari

156 2352 263 2382 solitos
274 2353 400 2384 Groece:
417 2353 579 2394 aiuntque
596 2353 798 2394 reprehendi
815 2353 864 2394 ip-

157 2411 210 2433 sos
240 2404 422 2445 Magistros
450 2414 489 2434 ac
516 2404 769 2444 Praeceptores,
805 2403 863 2445 qui

157 2452 344 2494 discipulos
361 2464 437 2486 suos
452 2454 660 2485 instituendo
675 2454 715 2484 ad
730 2454 863 2494 grandi-

157 2503 379 2545 loquentiam,
407 2515 471 2535 non
502 2511 570 2535 tam
601 2505 642 2536 ad
670 2505 863 2544 sublimem,

158 2562 258 2593 quam
276 2554 319 2585 ad
346 2555 520 2595 turgidum
547 2557 769 2597 ineptumque
792 2561 862 2596 sty-

159 2603 228 2633 lum
244 2614 300 2635 eos
324 2605 562 2637 deducebant:
589 2605 680 2647 quod
701 2606 862 2637 videntur

160 2653 359 2686 confirmare
376 2657 555 2698 sequentia
570 2667 578 2687 :
597 2656 666 2697 ubi,
680 2666 734 2687 nec
746 2667 860 2697 ponere

159 2705 260 2736 lucum
275 2706 424 2748 artificeS‚
440 2708 492 2747 &a
518 2707 619 2738 rudes
635 2707 798 2739 tirunculi
813 2706 860 2738 in-

922 1290 1031 1331 telligi
1047 1294 1203 1332 possunt,
1220 1290 1305 1321 sicut
1323 1293 1357 1321 et
1370 1289 1490 1329 nugari
1503 1289 1628 1320 Graece

921 1342 1024 1381 soliti,
1047 1352 1124 1373 cum
1150 1343 1266 1372 Romae
1289 1341 1437 1382 juvenes
1465 1340 1627 1380 Linguam

922 1393 1066 1433 primum
1095 1392 1254 1423 Graecam
1283 1390 1401 1421 doceri
1437 1390 1630 1421 consuevis-

922 1447 1010 1474 sent.
1064 1443 1193 1473 Verum
1219 1442 1267 1472 his
1299 1441 1454 1472 omnibus
1486 1441 1630 1481 omissis,

922 1494 1038 1533 placet
1082 1492 1304 1532 interpretari
1324 1502 1333 1530 ;
1370 1491 1404 1521 iu
1446 1491 1628 1522 scribendo

921 1544 1088 1583 lascivire,
1114 1553 1208 1574 more
1223 1543 1435 1582 Graecorum,
1455 1541 1576 1583 quibus
1592 1541 1628 1572 id

920 1594 1086 1625 familiare
1114 1594 1149 1624 in
1180 1593 1484 1634 descriptionibus,
1530 1597 1566 1624 et
1592 1593 1628 1624 in

920 1645 994 1676 aliis
1011 1645 1148 1685 passim.

965 1697 1033 1727 Nec
1046 1706 1158 1737 ponere
1178 1696 1279 1726 lucum
1299 1694 1449 1737 artificeS,
1469 1693 1538 1734 ἔξω]
1560 1694 1629 1725 Vix

920 1747 1048 1787 peritos
1082 1750 1232 1777 tractare
1264 1749 1302 1776 ut
1333 1745 1435 1775 decet
1473 1743 1630 1776 faciliora

921 1801 1134 1836 argumenta,
1159 1796 1192 1826 in
1215 1796 1335 1837 quibus
1361 1795 1473 1826 solent
1497 1794 1628 1826 tirones

921 1846 1095 1877 exerceri:
1122 1845 1236 1886 qualia
1261 1849 1340 1876 sunt
1365 1844 1553 1885 descriptio
1569 1854 1627 1875 ne-

920 1897 1036 1935 moris,
1072 1896 1225 1926 laudatio
1257 1895 1305 1925 rei
1334 1895 1482 1925 rusticae.
1538 1894 1628 1925 Vide

920 1947 1044 1977 Horat.
1064 1946 1160 1977 initio
1177 1945 1271 1976 Artis
1287 1945 1452 1975 Poeticae.
1513 1945 1628 1985 Suspi-

921 2001 1018 2027 catur
1046 1996 1099 2026 hie
1130 1994 1348 2026 Casaubonus
1381 1994 1537 2025 Persium
1567 1995 1627 2025 ha-

918 2047 1030 2078 buisse
1044 2046 1077 2077 in
1096 2046 1207 2076 animo
1234 2046 1385 2086 ineptum
1403 2045 1550 2086 aliquem
1575 2045 1626 2076 sui

919 2097 1082 2137 temporis
1107 2095 1264 2133 Poenam,
1292 2095 1349 2136 qui
1376 2095 1418 2126 de
1443 2105 1479 2126 re
1498 2095 1628 2127 rustica

919 2157 1056 2178 carmen
1088 2146 1228 2188 aliquod
1255 2145 1465 2177 inconditum
1488 2155 1626 2186 compo-

917 2198 1051 2237 suisset,
1075 2206 1140 2238 quo
1154 2194 1243 2227 forte
1269 2200 1491 2236 congesserat
1506 2196 1623 2236 inepte

916 2248 1073 2288 plurima,
1099 2252 1137 2277 ut
1153 2246 1242 2276 festa
1257 2246 1364 2284 Palis,
1390 2245 1481 2276 urbis
1507 2246 1624 2277 Romae

919 2298 1107 2338 0riginem,
1124 2295 1319 2326 Cincinnati
1331 2295 1524 2326 Dictatoris
1546 2295 1626 2327 His-

919 2349 1039 2380 toriam
1054 2360 1061 2379 :
1086 2353 1120 2378 et
1147 2347 1334 2378 leviuscula
1348 2347 1457 2377 multa
1474 2346 1624 2379 studiose

918 2401 1114 2440 complexus
1130 2397 1253 2438 fuerat,
1280 2402 1318 2428 ut
1337 2397 1471 2435 corbes,
1496 2397 1625 2438 focum,

917 2461 1051 2492 porcos,
1066 2452 1129 2482 ἃς.
1152 2449 1200 2480 At
1214 2449 1438 2490 suspicionem
1455 2448 1513 2480 ille
1530 2458 1623 2480 suam

916 2503 1009 2533 nullo
1026 2501 1127 2532 fulcit
1143 2503 1355 2540 argumento.

960 2555 999 2584 71
1024 2552 1092 2583 Rus
1105 2549 1260 2590 saturum]
1292 2549 1423 2590 Agrum
1453 2548 1625 2579 abundan-

916 2610 985 2637 tem
997 2605 1098 2636 rebus
1114 2603 1278 2635 omnibus.

958 2660 999 2688 72
1023 2654 1158 2695 Palilia]
1190 2654 1292 2685 Pales
1318 2653 1396 2683 Dea
1426 2652 1622 2692 Pastorum,

918 2707 960 2739 ab
977 2707 1018 2738 iis
1035 2705 1212 2738 colebatur
1221 2712 1272 2734 XI.
1289 2702 1370 2734 Kal.
1386 2701 1471 2734 Mai.
1505 2701 1539 2733 id
1557 2706 1622 2743 est,
